[{"date": "2023-06-30", "symbol": "HZNP", "reportedCurrency": "USD", "cik": "0001492426", "fillingDate": "2023-08-08", "acceptedDate": "2023-08-08 08:14:38", "calendarYear": "2023", "period": "Q2", "revenue": 944959000, "costOfRevenue": 219958000, "grossProfit": 725001000, "grossProfitRatio": 0.7672301126, "researchAndDevelopmentExpenses": 150035000, "generalAndAdministrativeExpenses": 0, "sellingAndMarketingExpenses": 0, "sellingGeneralAndAdministrativeExpenses": 434125000, "otherExpenses": 4183000, "operatingExpenses": 584160000, "costAndExpenses": 804118000, "interestIncome": 0, "interestExpense": 12098000, "depreciationAndAmortization": 96285000, "ebitda": 241309000, "ebitdaratio": 0.2553645185, "operatingIncome": 142841000, "operatingIncomeRatio": 0.1511610557, "totalOtherIncomeExpensesNet": -7589000, "incomeBeforeTax": 135252000, "incomeBeforeTaxRatio": 0.1431300194, "incomeTaxExpense": 8181000, "netIncome": 127071000, "netIncomeRatio": 0.1344725009, "eps": 0.56, "epsdiluted": 0.54, "weightedAverageShsOut": 228743143, "weightedAverageShsOutDil": 233935591, "link": "https://www.sec.gov/Archives/edgar/data/1492426/000095017023039388/0000950170-23-039388-index.htm", "finalLink": "https://www.sec.gov/Archives/edgar/data/1492426/000095017023039388/hznp-20230630.htm"}, {"date": "2023-03-31", "symbol": "HZNP", "reportedCurrency": "USD", "cik": "0001492426", "fillingDate": "2023-05-03", "acceptedDate": "2023-05-03 07:22:11", "calendarYear": "2023", "period": "Q1", "revenue": 832059000, "costOfRevenue": 208563000, "grossProfit": 623496000, "grossProfitRatio": 0.7493410924, "researchAndDevelopmentExpenses": 134148000, "generalAndAdministrativeExpenses": 0, "sellingAndMarketingExpenses": 0, "sellingGeneralAndAdministrativeExpenses": 453354000, "otherExpenses": -1343000, "operatingExpenses": 587502000, "costAndExpenses": 796065000, "interestIncome": 0, "interestExpense": 15540000, "depreciationAndAmortization": 93517000, "ebitda": 129511000, "ebitdaratio": 0.1556512218, "operatingIncome": 35994000, "operatingIncomeRatio": 0.0432589516, "totalOtherIncomeExpensesNet": -16792000, "incomeBeforeTax": 19202000, "incomeBeforeTaxRatio": 0.0230776904, "incomeTaxExpense": -35482000, "netIncome": 54684000, "netIncomeRatio": 0.065721301, "eps": 0.24, "epsdiluted": 0.23, "weightedAverageShsOut": 228397661, "weightedAverageShsOutDil": 233788366, "link": "https://www.sec.gov/Archives/edgar/data/1492426/000095017023016886/0000950170-23-016886-index.htm", "finalLink": "https://www.sec.gov/Archives/edgar/data/1492426/000095017023016886/hznp-20230331.htm"}, {"date": "2022-12-31", "symbol": "HZNP", "reportedCurrency": "USD", "cik": "0001492426", "fillingDate": "2023-03-01", "acceptedDate": "2023-03-01 07:24:39", "calendarYear": "2022", "period": "Q4", "revenue": 942029000, "costOfRevenue": 240787000, "grossProfit": 701242000, "grossProfitRatio": 0.7443953424, "researchAndDevelopmentExpenses": 117526000, "generalAndAdministrativeExpenses": 372534000, "sellingAndMarketingExpenses": 0, "sellingGeneralAndAdministrativeExpenses": 372534000, "otherExpenses": -159000, "operatingExpenses": 490060000, "costAndExpenses": 730847000, "interestIncome": 0, "interestExpense": 18562000, "depreciationAndAmortization": 135865000, "ebitda": 309797000, "ebitdaratio": 0.3288614257, "operatingIncome": 173932000, "operatingIncomeRatio": 0.1846355049, "totalOtherIncomeExpensesNet": -19603000, "incomeBeforeTax": 154329000, "incomeBeforeTaxRatio": 0.1638261667, "incomeTaxExpense": 33921000, "netIncome": 120408000, "netIncomeRatio": 0.1278177211, "eps": 0.53, "epsdiluted": 0.52, "weightedAverageShsOut": 226974306, "weightedAverageShsOutDil": 233014974, "link": "https://www.sec.gov/Archives/edgar/data/1492426/000095017023005337/0000950170-23-005337-index.htm", "finalLink": "https://www.sec.gov/Archives/edgar/data/1492426/000095017023005337/hznp-20221231.htm"}, {"date": "2022-09-30", "symbol": "HZNP", "reportedCurrency": "USD", "cik": "0001492426", "fillingDate": "2022-11-02", "acceptedDate": "2022-11-02 07:16:25", "calendarYear": "2022", "period": "Q3", "revenue": 925359000, "costOfRevenue": 234132000, "grossProfit": 691227000, "grossProfitRatio": 0.7469825225, "researchAndDevelopmentExpenses": 114058000, "generalAndAdministrativeExpenses": 397563000, "sellingAndMarketingExpenses": 0, "sellingGeneralAndAdministrativeExpenses": 397563000, "otherExpenses": -2277000, "operatingExpenses": 511621000, "costAndExpenses": 745753000, "interestIncome": 0, "interestExpense": 22480000, "depreciationAndAmortization": 115804000, "ebitda": 276410000, "ebitdaratio": 0.2987056915, "operatingIncome": 160606000, "operatingIncomeRatio": 0.1735607478, "totalOtherIncomeExpensesNet": -25525000, "incomeBeforeTax": 135081000, "incomeBeforeTaxRatio": 0.1459768587, "incomeTaxExpense": -758000, "netIncome": 135839000, "netIncomeRatio": 0.1467960003, "eps": 0.59, "epsdiluted": 0.58, "weightedAverageShsOut": 230333287, "weightedAverageShsOutDil": 235385570, "link": "https://www.sec.gov/Archives/edgar/data/1492426/000095017022020973/0000950170-22-020973-index.htm", "finalLink": "https://www.sec.gov/Archives/edgar/data/1492426/000095017022020973/hznp-20220930.htm"}, {"date": "2022-06-30", "symbol": "HZNP", "reportedCurrency": "USD", "cik": "0001492426", "fillingDate": "2022-08-03", "acceptedDate": "2022-08-03 07:16:49", "calendarYear": "2022", "period": "Q2", "revenue": 876411000, "costOfRevenue": 230216000, "grossProfit": 646195000, "grossProfitRatio": 0.7373195909, "researchAndDevelopmentExpenses": 103246000, "generalAndAdministrativeExpenses": 0, "sellingAndMarketingExpenses": 0, "sellingGeneralAndAdministrativeExpenses": 398221000, "otherExpenses": -2389000, "operatingExpenses": 501467000, "costAndExpenses": 731683000, "interestIncome": 0, "interestExpense": 21409000, "depreciationAndAmortization": 97426000, "ebitda": 239765000, "ebitdaratio": 0.273575982, "operatingIncome": 142339000, "operatingIncomeRatio": 0.1624112431, "totalOtherIncomeExpensesNet": -77552000, "incomeBeforeTax": 64787000, "incomeBeforeTaxRatio": 0.0739230795, "incomeTaxExpense": 3813000, "netIncome": 60974000, "netIncomeRatio": 0.069572381, "eps": 0.26, "epsdiluted": 0.26, "weightedAverageShsOut": 230020004, "weightedAverageShsOutDil": 236166384, "link": "https://www.sec.gov/Archives/edgar/data/1492426/000156459022027613/0001564590-22-027613-index.htm", "finalLink": "https://www.sec.gov/Archives/edgar/data/1492426/000156459022027613/hznp-10q_20220630.htm"}, {"date": "2022-03-31", "symbol": "HZNP", "reportedCurrency": "USD", "cik": "0001492426", "fillingDate": "2022-05-04", "acceptedDate": "2022-05-04 07:25:09", "calendarYear": "2022", "period": "Q1", "revenue": 885245000, "costOfRevenue": 215062000, "grossProfit": 670183000, "grossProfitRatio": 0.7570593452, "researchAndDevelopmentExpenses": 103132000, "generalAndAdministrativeExpenses": 0, "sellingAndMarketingExpenses": 0, "sellingGeneralAndAdministrativeExpenses": 372734000, "otherExpenses": -742000, "operatingExpenses": 475866000, "costAndExpenses": 690928000, "interestIncome": 0, "interestExpense": 21256000, "depreciationAndAmortization": 95112000, "ebitda": 288687000, "ebitdaratio": 0.326109721, "operatingIncome": 194317000, "operatingIncomeRatio": 0.2195064643, "totalOtherIncomeExpensesNet": -21578000, "incomeBeforeTax": 172739000, "incomeBeforeTaxRatio": 0.1951312913, "incomeTaxExpense": -31522000, "netIncome": 204261000, "netIncomeRatio": 0.2307395128, "eps": 0.87, "epsdiluted": 0.87, "weightedAverageShsOut": 229094311, "weightedAverageShsOutDil": 235953318, "link": "https://www.sec.gov/Archives/edgar/data/1492426/000156459022017669/0001564590-22-017669-index.htm", "finalLink": "https://www.sec.gov/Archives/edgar/data/1492426/000156459022017669/hznp-10q_20220331.htm"}, {"date": "2021-12-31", "symbol": "HZNP", "reportedCurrency": "USD", "cik": "0001492426", "fillingDate": "2022-03-01", "acceptedDate": "2022-03-01 07:26:00", "calendarYear": "2021", "period": "Q4", "revenue": 1014464000, "costOfRevenue": 241509000, "grossProfit": 772955000, "grossProfitRatio": 0.7619343811, "researchAndDevelopmentExpenses": 140914000, "generalAndAdministrativeExpenses": 0, "sellingAndMarketingExpenses": 0, "sellingGeneralAndAdministrativeExpenses": 398954000, "otherExpenses": -322000, "operatingExpenses": 539868000, "costAndExpenses": 781377000, "interestIncome": 0, "interestExpense": 22045000, "depreciationAndAmortization": 96535000, "ebitda": 329300000, "ebitdaratio": 0.3246049145, "operatingIncome": 233087000, "operatingIncomeRatio": 0.2297636979, "totalOtherIncomeExpensesNet": -22032000, "incomeBeforeTax": 211055000, "incomeBeforeTaxRatio": 0.2080458252, "incomeTaxExpense": 37873000, "netIncome": 173182000, "netIncomeRatio": 0.1707128099, "eps": 0.76, "epsdiluted": 0.73, "weightedAverageShsOut": 227044528, "weightedAverageShsOutDil": 236952660, "link": "https://www.sec.gov/Archives/edgar/data/1492426/000156459022007863/0001564590-22-007863-index.htm", "finalLink": "https://www.sec.gov/Archives/edgar/data/1492426/000156459022007863/hznp-10k_20211231.htm"}, {"date": "2021-09-30", "symbol": "HZNP", "reportedCurrency": "USD", "cik": "0001492426", "fillingDate": "2021-11-03", "acceptedDate": "2021-11-03 07:21:56", "calendarYear": "2021", "period": "Q3", "revenue": 1036992000, "costOfRevenue": 251640000, "grossProfit": 785352000, "grossProfitRatio": 0.7573366043, "researchAndDevelopmentExpenses": 93549000, "generalAndAdministrativeExpenses": 0, "sellingAndMarketingExpenses": 0, "sellingGeneralAndAdministrativeExpenses": 360260000, "otherExpenses": -849000, "operatingExpenses": 453809000, "costAndExpenses": 705449000, "interestIncome": 0, "interestExpense": 22977000, "depreciationAndAmortization": 94480000, "ebitda": 425174000, "ebitdaratio": 0.4100070203, "operatingIncome": 331543000, "operatingIncomeRatio": 0.3197160634, "totalOtherIncomeExpensesNet": -24302000, "incomeBeforeTax": 307241000, "incomeBeforeTaxRatio": 0.2962809742, "incomeTaxExpense": -19302000, "netIncome": 326543000, "netIncomeRatio": 0.3148944254, "eps": 1.44, "epsdiluted": 1.38, "weightedAverageShsOut": 226096747, "weightedAverageShsOutDil": 236198789, "link": "https://www.sec.gov/Archives/edgar/data/1492426/000156459021053729/0001564590-21-053729-index.htm", "finalLink": "https://www.sec.gov/Archives/edgar/data/1492426/000156459021053729/hznp-10q_20210930.htm"}, {"date": "2021-06-30", "symbol": "HZNP", "reportedCurrency": "USD", "cik": "0001492426", "fillingDate": "2021-08-04", "acceptedDate": "2021-08-04 07:22:04", "calendarYear": "2021", "period": "Q2", "revenue": 832548000, "costOfRevenue": 200995000, "grossProfit": 631553000, "grossProfitRatio": 0.7585784844, "researchAndDevelopmentExpenses": 139834000, "generalAndAdministrativeExpenses": 0, "sellingAndMarketingExpenses": 0, "sellingGeneralAndAdministrativeExpenses": 355204000, "otherExpenses": -262000, "operatingExpenses": 495038000, "costAndExpenses": 696033000, "interestIncome": 0, "interestExpense": 22581000, "depreciationAndAmortization": 91916000, "ebitda": 228169000, "ebitdaratio": 0.2740610752, "operatingIncome": 138515000, "operatingIncomeRatio": 0.1663747916, "totalOtherIncomeExpensesNet": -22882000, "incomeBeforeTax": 115633000, "incomeBeforeTaxRatio": 0.1388904904, "incomeTaxExpense": -42484000, "netIncome": 158117000, "netIncomeRatio": 0.18991938, "eps": 0.7, "epsdiluted": 0.67, "weightedAverageShsOut": 225119684, "weightedAverageShsOutDil": 235191860, "link": "https://www.sec.gov/Archives/edgar/data/1492426/000156459021040498/0001564590-21-040498-index.htm", "finalLink": "https://www.sec.gov/Archives/edgar/data/1492426/000156459021040498/hznp-10q_20210630.htm"}, {"date": "2021-03-31", "symbol": "HZNP", "reportedCurrency": "USD", "cik": "0001492426", "fillingDate": "2021-05-05", "acceptedDate": "2021-05-05 07:21:16", "calendarYear": "2021", "period": "Q1", "revenue": 342406000, "costOfRevenue": 100368000, "grossProfit": 242038000, "grossProfitRatio": 0.7068742954, "researchAndDevelopmentExpenses": 57693000, "generalAndAdministrativeExpenses": 0, "sellingAndMarketingExpenses": 0, "sellingGeneralAndAdministrativeExpenses": 331992000, "otherExpenses": 3224000, "operatingExpenses": 389685000, "costAndExpenses": 490053000, "interestIncome": 0, "interestExpense": 13460000, "depreciationAndAmortization": 70820000, "ebitda": -73603000, "ebitdaratio": -0.2149582659, "operatingIncome": -160018000, "operatingIncomeRatio": -0.4673341005, "totalOtherIncomeExpensesNet": -23455000, "incomeBeforeTax": -171102000, "incomeBeforeTaxRatio": -0.4997050285, "incomeTaxExpense": -47751000, "netIncome": -123351000, "netIncomeRatio": -0.360247776, "eps": -0.55, "epsdiluted": -0.55, "weightedAverageShsOut": 223920768, "weightedAverageShsOutDil": 223920768, "link": "https://www.sec.gov/Archives/edgar/data/1492426/000156459021023631/0001564590-21-023631-index.htm", "finalLink": "https://www.sec.gov/Archives/edgar/data/1492426/000156459021023631/hznp-10q_20210331.htm"}, {"date": "2020-12-31", "symbol": "HZNP", "reportedCurrency": "USD", "cik": "0001492426", "fillingDate": "2021-02-24", "acceptedDate": "2021-02-24 07:14:51", "calendarYear": "2020", "period": "Q4", "revenue": 745314000, "costOfRevenue": 162289000, "grossProfit": 583025000, "grossProfitRatio": 0.7822541909, "researchAndDevelopmentExpenses": 70881000, "generalAndAdministrativeExpenses": 0, "sellingAndMarketingExpenses": 0, "sellingGeneralAndAdministrativeExpenses": 276956000, "otherExpenses": 1597000, "operatingExpenses": 347837000, "costAndExpenses": 510126000, "interestIncome": 0, "interestExpense": 11516000, "depreciationAndAmortization": 69545000, "ebitda": 306330000, "ebitdaratio": 0.4110079778, "operatingIncome": 240071000, "operatingIncomeRatio": 0.3221071924, "totalOtherIncomeExpensesNet": -10522000, "incomeBeforeTax": 229549000, "incomeBeforeTaxRatio": 0.3079896527, "incomeTaxExpense": 38992000, "netIncome": 190557000, "netIncomeRatio": 0.2556734477, "eps": 0.86, "epsdiluted": 0.82, "weightedAverageShsOut": 220627647, "weightedAverageShsOutDil": 235199692, "link": "https://www.sec.gov/Archives/edgar/data/1492426/000156459021007818/0001564590-21-007818-index.htm", "finalLink": "https://www.sec.gov/Archives/edgar/data/1492426/000156459021007818/hznp-10k_20201231.htm"}, {"date": "2020-09-30", "symbol": "HZNP", "reportedCurrency": "USD", "cik": "0001492426", "fillingDate": "2020-11-02", "acceptedDate": "2020-11-02 07:33:14", "calendarYear": "2020", "period": "Q3", "revenue": 636427000, "costOfRevenue": 151475000, "grossProfit": 484952000, "grossProfitRatio": 0.761991556, "researchAndDevelopmentExpenses": 30206000, "generalAndAdministrativeExpenses": 0, "sellingAndMarketingExpenses": 0, "sellingGeneralAndAdministrativeExpenses": 226164000, "otherExpenses": 717000, "operatingExpenses": 256370000, "costAndExpenses": 407845000, "interestIncome": 0, "interestExpense": 12185000, "depreciationAndAmortization": 70510000, "ebitda": 299809000, "ebitdaratio": 0.4710815223, "operatingIncome": 228582000, "operatingIncomeRatio": 0.3591645232, "totalOtherIncomeExpensesNet": -26823000, "incomeBeforeTax": 201759000, "incomeBeforeTaxRatio": 0.3170182912, "incomeTaxExpense": -91081000, "netIncome": 292840000, "netIncomeRatio": 0.4601313269, "eps": 1.38, "epsdiluted": 1.31, "weightedAverageShsOut": 212320219, "weightedAverageShsOutDil": 223743903, "link": "https://www.sec.gov/Archives/edgar/data/1492426/000156459020049438/0001564590-20-049438-index.htm", "finalLink": "https://www.sec.gov/Archives/edgar/data/1492426/000156459020049438/hznp-10q_20200930.htm"}, {"date": "2020-06-30", "symbol": "HZNP", "reportedCurrency": "USD", "cik": "0001492426", "fillingDate": "2020-08-05", "acceptedDate": "2020-08-05 07:23:06", "calendarYear": "2020", "period": "Q2", "revenue": 462779000, "costOfRevenue": 121515000, "grossProfit": 341264000, "grossProfitRatio": 0.7374232625, "researchAndDevelopmentExpenses": 81068000, "generalAndAdministrativeExpenses": 0, "sellingAndMarketingExpenses": 0, "sellingGeneralAndAdministrativeExpenses": 222332000, "otherExpenses": 632000, "operatingExpenses": 303400000, "costAndExpenses": 424915000, "interestIncome": 0, "interestExpense": 18571000, "depreciationAndAmortization": 73655000, "ebitda": 112151000, "ebitdaratio": 0.2423424572, "operatingIncome": 37864000, "operatingIncomeRatio": 0.0818187515, "totalOtherIncomeExpensesNet": -34910000, "incomeBeforeTax": 2954000, "incomeBeforeTaxRatio": 0.0063831764, "incomeTaxExpense": 82964000, "netIncome": -80010000, "netIncomeRatio": -0.1728902997, "eps": -0.42, "epsdiluted": -0.42, "weightedAverageShsOut": 192705535, "weightedAverageShsOutDil": 192705535, "link": "https://www.sec.gov/Archives/edgar/data/1492426/000156459020036432/0001564590-20-036432-index.htm", "finalLink": "https://www.sec.gov/Archives/edgar/data/1492426/000156459020036432/hznp-10q_20200630.htm"}, {"date": "2020-03-31", "symbol": "HZNP", "reportedCurrency": "USD", "cik": "0001492426", "fillingDate": "2020-05-06", "acceptedDate": "2020-05-06 07:17:53", "calendarYear": "2020", "period": "Q1", "revenue": 355909000, "costOfRevenue": 97416000, "grossProfit": 258493000, "grossProfitRatio": 0.7262895853, "researchAndDevelopmentExpenses": 27209000, "generalAndAdministrativeExpenses": 0, "sellingAndMarketingExpenses": 0, "sellingGeneralAndAdministrativeExpenses": 247775000, "otherExpenses": 442000, "operatingExpenses": 274984000, "costAndExpenses": 372400000, "interestIncome": 0, "interestExpense": 17344000, "depreciationAndAmortization": 65741000, "ebitda": 49692000, "ebitdaratio": 0.139619959, "operatingIncome": -16491000, "operatingIncomeRatio": -0.0463348777, "totalOtherIncomeExpensesNet": -16126000, "incomeBeforeTax": -32617000, "incomeBeforeTaxRatio": -0.0916442124, "incomeTaxExpense": -19026000, "netIncome": -13591000, "netIncomeRatio": -0.0381867275, "eps": -0.0715, "epsdiluted": -0.0715, "weightedAverageShsOut": 190072112, "weightedAverageShsOutDil": 190072112, "link": "https://www.sec.gov/Archives/edgar/data/1492426/000156459020021536/0001564590-20-021536-index.htm", "finalLink": "https://www.sec.gov/Archives/edgar/data/1492426/000156459020021536/hznp-10q_20200331.htm"}, {"date": "2019-12-31", "symbol": "HZNP", "reportedCurrency": "USD", "cik": "0001492426", "fillingDate": "2020-02-26", "acceptedDate": "2020-02-26 07:22:24", "calendarYear": "2019", "period": "Q4", "revenue": 363545000, "costOfRevenue": 94921000, "grossProfit": 268624000, "grossProfitRatio": 0.738901649, "researchAndDevelopmentExpenses": 28558000, "generalAndAdministrativeExpenses": 0, "sellingAndMarketingExpenses": 0, "sellingGeneralAndAdministrativeExpenses": 185391000, "otherExpenses": -751000, "operatingExpenses": 213949000, "costAndExpenses": 308870000, "interestIncome": 0, "interestExpense": 17098000, "depreciationAndAmortization": 59821000, "ebitda": 113745000, "ebitdaratio": 0.3128773604, "operatingIncome": 54675000, "operatingIncomeRatio": 0.1503940365, "totalOtherIncomeExpensesNet": -17791000, "incomeBeforeTax": 36884000, "incomeBeforeTaxRatio": 0.1014564909, "incomeTaxExpense": -555885000, "netIncome": 592769000, "netIncomeRatio": 1.6305244193, "eps": 3.16, "epsdiluted": 2.84, "weightedAverageShsOut": 185870922, "weightedAverageShsOutDil": 199698094, "link": "https://www.sec.gov/Archives/edgar/data/1492426/000156459020006575/0001564590-20-006575-index.htm", "finalLink": "https://www.sec.gov/Archives/edgar/data/1492426/000156459020006575/hznp-10k_20191231.htm"}, {"date": "2019-09-30", "symbol": "HZNP", "reportedCurrency": "USD", "cik": "0001492426", "fillingDate": "2019-11-06", "acceptedDate": "2019-11-06 07:17:04", "calendarYear": "2019", "period": "Q3", "revenue": 335466000, "costOfRevenue": 89949000, "grossProfit": 245517000, "grossProfitRatio": 0.7318685053, "researchAndDevelopmentExpenses": 24572000, "generalAndAdministrativeExpenses": 0, "sellingAndMarketingExpenses": 0, "sellingGeneralAndAdministrativeExpenses": 172326000, "otherExpenses": 890000, "operatingExpenses": 196898000, "costAndExpenses": 286847000, "interestIncome": 0, "interestExpense": 20428000, "depreciationAndAmortization": 59319000, "ebitda": 48619000, "ebitdaratio": 0.1449297395, "operatingIncome": 48619000, "operatingIncomeRatio": 0.1449297395, "totalOtherIncomeExpensesNet": -60949000, "incomeBeforeTax": -12330000, "incomeBeforeTaxRatio": -0.0367548425, "incomeTaxExpense": -30564000, "netIncome": 18234000, "netIncomeRatio": 0.0543542416, "eps": 0.1, "epsdiluted": 0.09, "weightedAverageShsOut": 186470141, "weightedAverageShsOutDil": 194171967, "link": "https://www.sec.gov/Archives/edgar/data/1492426/000156459019040666/0001564590-19-040666-index.htm", "finalLink": "https://www.sec.gov/Archives/edgar/data/1492426/000156459019040666/hznp-10q_20190930.htm"}, {"date": "2019-06-30", "symbol": "HZNP", "reportedCurrency": "USD", "cik": "0001492426", "fillingDate": "2019-08-07", "acceptedDate": "2019-08-07 07:21:52", "calendarYear": "2019", "period": "Q2", "revenue": 320647000, "costOfRevenue": 89163000, "grossProfit": 231484000, "grossProfitRatio": 0.7219278521, "researchAndDevelopmentExpenses": 28314000, "generalAndAdministrativeExpenses": 0, "sellingAndMarketingExpenses": 0, "sellingGeneralAndAdministrativeExpenses": 167095000, "otherExpenses": -1272000, "operatingExpenses": 195409000, "costAndExpenses": 284572000, "interestIncome": 0, "interestExpense": 22033000, "depreciationAndAmortization": 59126000, "ebitda": 93929000, "ebitdaratio": 0.2929358453, "operatingIncome": 25112000, "operatingIncomeRatio": 0.0783166535, "totalOtherIncomeExpensesNet": -35107000, "incomeBeforeTax": -9995000, "incomeBeforeTaxRatio": -0.0311713504, "incomeTaxExpense": -4875000, "netIncome": -5120000, "netIncomeRatio": -0.0159677153, "eps": -0.0276, "epsdiluted": -0.0276, "weightedAverageShsOut": 185327383, "weightedAverageShsOutDil": 185327383, "link": "https://www.sec.gov/Archives/edgar/data/1492426/000156459019029652/0001564590-19-029652-index.htm", "finalLink": "https://www.sec.gov/Archives/edgar/data/1492426/000156459019029652/hznp-10q_20190630.htm"}, {"date": "2019-03-31", "symbol": "HZNP", "reportedCurrency": "USD", "cik": "0001492426", "fillingDate": "2019-05-08", "acceptedDate": "2019-05-08 07:13:38", "calendarYear": "2019", "period": "Q1", "revenue": 280371000, "costOfRevenue": 88142000, "grossProfit": 192229000, "grossProfitRatio": 0.6856236915, "researchAndDevelopmentExpenses": 21725000, "generalAndAdministrativeExpenses": 0, "sellingAndMarketingExpenses": 0, "sellingGeneralAndAdministrativeExpenses": 172299000, "otherExpenses": 189000, "operatingExpenses": 194024000, "costAndExpenses": 282166000, "interestIncome": 0, "interestExpense": 27530000, "depreciationAndAmortization": 58891000, "ebitda": 57285000, "ebitdaratio": 0.2043185636, "operatingIncome": -1795000, "operatingIncomeRatio": -0.0064022313, "totalOtherIncomeExpensesNet": -32988000, "incomeBeforeTax": -34783000, "incomeBeforeTaxRatio": -0.1240606197, "incomeTaxExpense": -1920000, "netIncome": -32863000, "netIncomeRatio": -0.1172125505, "eps": -0.19, "epsdiluted": -0.19, "weightedAverageShsOut": 172789209, "weightedAverageShsOutDil": 172789209, "link": "https://www.sec.gov/Archives/edgar/data/1492426/000156459019016824/0001564590-19-016824-index.htm", "finalLink": "https://www.sec.gov/Archives/edgar/data/1492426/000156459019016824/hznp-10q_20190331.htm"}, {"date": "2018-12-31", "symbol": "HZNP", "reportedCurrency": "USD", "cik": "0001492426", "fillingDate": "2019-02-27", "acceptedDate": "2019-02-27 07:21:27", "calendarYear": "2018", "period": "Q4", "revenue": 355543000, "costOfRevenue": 109520000, "grossProfit": 246023000, "grossProfitRatio": 0.6919641225, "researchAndDevelopmentExpenses": 19683000, "generalAndAdministrativeExpenses": 0, "sellingAndMarketingExpenses": 0, "sellingGeneralAndAdministrativeExpenses": 174628000, "otherExpenses": -632000, "operatingExpenses": 194311000, "costAndExpenses": 303831000, "interestIncome": 0, "interestExpense": 29771000, "depreciationAndAmortization": 69161000, "ebitda": 120241000, "ebitdaratio": 0.3381897548, "operatingIncome": 71250000, "operatingIncomeRatio": 0.2003977015, "totalOtherIncomeExpensesNet": -32904000, "incomeBeforeTax": 40736000, "incomeBeforeTaxRatio": 0.1145740459, "incomeTaxExpense": -46822000, "netIncome": 87558000, "netIncomeRatio": 0.2462655713, "eps": 0.52, "epsdiluted": 0.5, "weightedAverageShsOut": 166565811, "weightedAverageShsOutDil": 166565811, "link": "https://www.sec.gov/Archives/edgar/data/1492426/000156459019004667/0001564590-19-004667-index.htm", "finalLink": "https://www.sec.gov/Archives/edgar/data/1492426/000156459019004667/hznp-10k_20181231.htm"}, {"date": "2018-09-30", "symbol": "HZNP", "reportedCurrency": "USD", "cik": "0001492426", "fillingDate": "2018-11-07", "acceptedDate": "2018-11-07 08:13:23", "calendarYear": "2018", "period": "Q3", "revenue": 325311000, "costOfRevenue": 99011000, "grossProfit": 226300000, "grossProfitRatio": 0.6956420164, "researchAndDevelopmentExpenses": 21169000, "generalAndAdministrativeExpenses": 0, "sellingAndMarketingExpenses": 0, "sellingGeneralAndAdministrativeExpenses": 161585000, "otherExpenses": 453000, "operatingExpenses": 182754000, "costAndExpenses": 281765000, "interestIncome": 0, "interestExpense": 30437000, "depreciationAndAmortization": 69249000, "ebitda": 113248000, "ebitdaratio": 0.3481222584, "operatingIncome": 54246000, "operatingIncomeRatio": 0.1667512012, "totalOtherIncomeExpensesNet": -29949000, "incomeBeforeTax": 24297000, "incomeBeforeTaxRatio": 0.0746885288, "incomeTaxExpense": -1733000, "netIncome": 26030000, "netIncomeRatio": 0.0800157388, "eps": 0.2, "epsdiluted": 0.19, "weightedAverageShsOut": 167047104, "weightedAverageShsOutDil": 172485757, "link": "https://www.sec.gov/Archives/edgar/data/1492426/000156459018027742/0001564590-18-027742-index.htm", "finalLink": "https://www.sec.gov/Archives/edgar/data/1492426/000156459018027742/hznp-10q_20180930.htm"}, {"date": "2018-06-30", "symbol": "HZNP", "reportedCurrency": "USD", "cik": "0001492426", "fillingDate": "2018-08-08", "acceptedDate": "2018-08-08 07:24:51", "calendarYear": "2018", "period": "Q2", "revenue": 302835000, "costOfRevenue": 100082000, "grossProfit": 202753000, "grossProfitRatio": 0.6695164033, "researchAndDevelopmentExpenses": 24265000, "generalAndAdministrativeExpenses": 0, "sellingAndMarketingExpenses": 0, "sellingGeneralAndAdministrativeExpenses": 176674000, "otherExpenses": 347000, "operatingExpenses": 200939000, "costAndExpenses": 301021000, "interestIncome": 0, "interestExpense": 31030000, "depreciationAndAmortization": 68540000, "ebitda": 70701000, "ebitdaratio": 0.2334637674, "operatingIncome": 1814000, "operatingIncomeRatio": 0.0059900606, "totalOtherIncomeExpensesNet": -30688000, "incomeBeforeTax": -28874000, "incomeBeforeTaxRatio": -0.0953456503, "incomeTaxExpense": 3962000, "netIncome": -32836000, "netIncomeRatio": -0.1084286823, "eps": -0.2, "epsdiluted": -0.2, "weightedAverageShsOut": 165536826, "weightedAverageShsOutDil": 165536826, "link": "https://www.sec.gov/Archives/edgar/data/1492426/000156459018020184/0001564590-18-020184-index.htm", "finalLink": "https://www.sec.gov/Archives/edgar/data/1492426/000156459018020184/hznp-10q_20180630.htm"}, {"date": "2018-03-31", "symbol": "HZNP", "reportedCurrency": "USD", "cik": "0001492426", "fillingDate": "2018-05-09", "acceptedDate": "2018-05-09 07:29:53", "calendarYear": "2018", "period": "Q1", "revenue": 223881000, "costOfRevenue": 116092000, "grossProfit": 107789000, "grossProfitRatio": 0.4814566667, "researchAndDevelopmentExpenses": 17645000, "generalAndAdministrativeExpenses": 0, "sellingAndMarketingExpenses": 0, "sellingGeneralAndAdministrativeExpenses": 179599000, "otherExpenses": 178000, "operatingExpenses": 197244000, "costAndExpenses": 313336000, "interestIncome": 0, "interestExpense": 30454000, "depreciationAndAmortization": 68907000, "ebitda": -20370000, "ebitdaratio": -0.0909858362, "operatingIncome": -127308000, "operatingIncomeRatio": -0.5686413764, "totalOtherIncomeExpensesNet": -68239000, "incomeBeforeTax": -157694000, "incomeBeforeTaxRatio": -0.7043652655, "incomeTaxExpense": -367000, "netIncome": -157327000, "netIncomeRatio": -0.7027260018, "eps": -0.96, "epsdiluted": -0.96, "weightedAverageShsOut": 164549502, "weightedAverageShsOutDil": 164549502, "link": "https://www.sec.gov/Archives/edgar/data/1492426/000156459018012115/0001564590-18-012115-index.htm", "finalLink": "https://www.sec.gov/Archives/edgar/data/1492426/000156459018012115/hznp-10q_20180331.htm"}, {"date": "2017-12-31", "symbol": "HZNP", "reportedCurrency": "USD", "cik": "0001492426", "fillingDate": "2018-02-28", "acceptedDate": "2018-02-28 07:23:52", "calendarYear": "2017", "period": "Q4", "revenue": 274219000, "costOfRevenue": 151492000, "grossProfit": 122727000, "grossProfitRatio": 0.447551045, "researchAndDevelopmentExpenses": 30872000, "generalAndAdministrativeExpenses": 0, "sellingAndMarketingExpenses": 0, "sellingGeneralAndAdministrativeExpenses": 167423000, "otherExpenses": 309000, "operatingExpenses": 198295000, "costAndExpenses": 349787000, "interestIncome": 0, "interestExpense": 31226000, "depreciationAndAmortization": 70261000, "ebitda": -4998000, "ebitdaratio": -0.0182263082, "operatingIncome": -75568000, "operatingIncomeRatio": -0.2755753613, "totalOtherIncomeExpensesNet": -31491000, "incomeBeforeTax": -107059000, "incomeBeforeTaxRatio": -0.390414231, "incomeTaxExpense": -60611000, "netIncome": -46448000, "netIncomeRatio": -0.1693828655, "eps": -0.28, "epsdiluted": -0.28, "weightedAverageShsOut": 164058999, "weightedAverageShsOutDil": 164058999, "link": "https://www.sec.gov/Archives/edgar/data/1492426/000156459018003661/0001564590-18-003661-index.htm", "finalLink": "https://www.sec.gov/Archives/edgar/data/1492426/000156459018003661/hznp-10k_20171231.htm"}, {"date": "2017-09-30", "symbol": "HZNP", "reportedCurrency": "USD", "cik": "0001492426", "fillingDate": "2017-11-06", "acceptedDate": "2017-11-06 07:22:35", "calendarYear": "2017", "period": "Q3", "revenue": 271646000, "costOfRevenue": 125517000, "grossProfit": 146129000, "grossProfitRatio": 0.5379390825, "researchAndDevelopmentExpenses": 17928000, "generalAndAdministrativeExpenses": 0, "sellingAndMarketingExpenses": 0, "sellingGeneralAndAdministrativeExpenses": 153952000, "otherExpenses": 280000, "operatingExpenses": 171880000, "costAndExpenses": 297397000, "interestIncome": 0, "interestExpense": 31706000, "depreciationAndAmortization": 70141000, "ebitda": 44670000, "ebitdaratio": 0.1644419575, "operatingIncome": -25751000, "operatingIncomeRatio": -0.0947961685, "totalOtherIncomeExpensesNet": -31039000, "incomeBeforeTax": -56790000, "incomeBeforeTaxRatio": -0.2090588486, "incomeTaxExpense": 7181000, "netIncome": -63971000, "netIncomeRatio": -0.2354939885, "eps": -0.39, "epsdiluted": -0.39, "weightedAverageShsOut": 163447208, "weightedAverageShsOutDil": 163447208, "link": "https://www.sec.gov/Archives/edgar/data/1492426/000156459017021618/0001564590-17-021618-index.htm", "finalLink": "https://www.sec.gov/Archives/edgar/data/1492426/000156459017021618/hznp-10q_20170930.htm"}, {"date": "2017-06-30", "symbol": "HZNP", "reportedCurrency": "USD", "cik": "0001492426", "fillingDate": "2017-08-07", "acceptedDate": "2017-08-07 07:21:14", "calendarYear": "2017", "period": "Q2", "revenue": 289507000, "costOfRevenue": 130150000, "grossProfit": 159357000, "grossProfitRatio": 0.5504426491, "researchAndDevelopmentExpenses": 163101000, "generalAndAdministrativeExpenses": 0, "sellingAndMarketingExpenses": 0, "sellingGeneralAndAdministrativeExpenses": 181923000, "otherExpenses": -35000, "operatingExpenses": 345024000, "costAndExpenses": 475174000, "interestIncome": 0, "interestExpense": 31608000, "depreciationAndAmortization": 71531000, "ebitda": -114171000, "ebitdaratio": -0.3943635214, "operatingIncome": -185667000, "operatingIncomeRatio": -0.6413212807, "totalOtherIncomeExpensesNet": -25636000, "incomeBeforeTax": -211303000, "incomeBeforeTaxRatio": -0.7298718166, "incomeTaxExpense": -1767000, "netIncome": -209536000, "netIncomeRatio": -0.7237683372, "eps": -1.29, "epsdiluted": -1.29, "weightedAverageShsOut": 162931930, "weightedAverageShsOutDil": 162931930, "link": "https://www.sec.gov/Archives/edgar/data/1492426/000156459017015817/0001564590-17-015817-index.htm", "finalLink": "https://www.sec.gov/Archives/edgar/data/1492426/000156459017015817/hznp-10q_20170630.htm"}, {"date": "2017-03-31", "symbol": "HZNP", "reportedCurrency": "USD", "cik": "0001492426", "fillingDate": "2017-05-08", "acceptedDate": "2017-05-08 07:30:24", "calendarYear": "2017", "period": "Q1", "revenue": 220859000, "costOfRevenue": 139116000, "grossProfit": 81743000, "grossProfitRatio": 0.3701139641, "researchAndDevelopmentExpenses": 13061000, "generalAndAdministrativeExpenses": 0, "sellingAndMarketingExpenses": 0, "sellingGeneralAndAdministrativeExpenses": 174065000, "otherExpenses": 35000, "operatingExpenses": 187126000, "costAndExpenses": 326242000, "interestIncome": 0, "interestExpense": 31983000, "depreciationAndAmortization": 71483000, "ebitda": -33865000, "ebitdaratio": -0.153333122, "operatingIncome": -105383000, "operatingIncomeRatio": -0.4771505802, "totalOtherIncomeExpensesNet": -32740000, "incomeBeforeTax": -138123000, "incomeBeforeTaxRatio": -0.6253899547, "incomeTaxExpense": -47553000, "netIncome": -90570000, "netIncomeRatio": -0.4100806397, "eps": -0.56, "epsdiluted": -0.56, "weightedAverageShsOut": 161972052, "weightedAverageShsOutDil": 161972052, "link": "https://www.sec.gov/Archives/edgar/data/1492426/000156459017009236/0001564590-17-009236-index.htm", "finalLink": "https://www.sec.gov/Archives/edgar/data/1492426/000156459017009236/hznp-10q_20170331.htm"}, {"date": "2016-12-31", "symbol": "HZNP", "reportedCurrency": "USD", "cik": "0001492426", "fillingDate": "2017-02-27", "acceptedDate": "2017-02-27 07:19:24", "calendarYear": "2016", "period": "Q4", "revenue": 310349000, "costOfRevenue": 149751000, "grossProfit": 160598000, "grossProfitRatio": 0.5174754873, "researchAndDevelopmentExpenses": 23961000, "generalAndAdministrativeExpenses": 108076000, "sellingAndMarketingExpenses": 92669000, "sellingGeneralAndAdministrativeExpenses": 200745000, "otherExpenses": -142000, "operatingExpenses": 224706000, "costAndExpenses": 374457000, "interestIncome": 0, "interestExpense": 28858000, "depreciationAndAmortization": 67372000, "ebitda": 3122000, "ebitdaratio": 0.0100596425, "operatingIncome": -130108000, "operatingIncomeRatio": -0.4192312526, "totalOtherIncomeExpensesNet": -29739000, "incomeBeforeTax": -159847000, "incomeBeforeTaxRatio": -0.5150556309, "incomeTaxExpense": -29305000, "netIncome": -130542000, "netIncomeRatio": -0.4206296782, "eps": -0.81, "epsdiluted": -0.81, "weightedAverageShsOut": 161380582, "weightedAverageShsOutDil": 161380582, "link": "https://www.sec.gov/Archives/edgar/data/1492426/000156459017002491/0001564590-17-002491-index.htm", "finalLink": "https://www.sec.gov/Archives/edgar/data/1492426/000156459017002491/hznp-10k_20161231.htm"}, {"date": "2016-09-30", "symbol": "HZNP", "reportedCurrency": "USD", "cik": "0001492426", "fillingDate": "2016-11-07", "acceptedDate": "2016-11-07 07:28:00", "calendarYear": "2016", "period": "Q3", "revenue": 208702000, "costOfRevenue": 85161000, "grossProfit": 123541000, "grossProfitRatio": 0.5919492865, "researchAndDevelopmentExpenses": 12814000, "generalAndAdministrativeExpenses": 59485000, "sellingAndMarketingExpenses": 72564000, "sellingGeneralAndAdministrativeExpenses": 132049000, "otherExpenses": 0, "operatingExpenses": 144863000, "costAndExpenses": 230024000, "interestIncome": 0, "interestExpense": 19066000, "depreciationAndAmortization": 51940000, "ebitda": 37497000, "ebitdaratio": 0.1796676601, "operatingIncome": -21322000, "operatingIncomeRatio": -0.1021648092, "totalOtherIncomeExpensesNet": -12295000, "incomeBeforeTax": -33617000, "incomeBeforeTaxRatio": -0.1610765589, "incomeTaxExpense": -27747000, "netIncome": -5870000, "netIncomeRatio": -0.0281262278, "eps": -0.0365, "epsdiluted": -0.0365, "weightedAverageShsOut": 161038827, "weightedAverageShsOutDil": 161038827, "link": "https://www.sec.gov/Archives/edgar/data/1492426/000156459016027808/0001564590-16-027808-index.htm", "finalLink": "https://www.sec.gov/Archives/edgar/data/1492426/000156459016027808/hznp-10q_20160930.htm"}, {"date": "2016-06-30", "symbol": "HZNP", "reportedCurrency": "USD", "cik": "0001492426", "fillingDate": "2016-08-08", "acceptedDate": "2016-08-08 07:30:27", "calendarYear": "2016", "period": "Q2", "revenue": 257378000, "costOfRevenue": 81126000, "grossProfit": 176252000, "grossProfitRatio": 0.6847982345, "researchAndDevelopmentExpenses": 11210000, "generalAndAdministrativeExpenses": 53986000, "sellingAndMarketingExpenses": 79589000, "sellingGeneralAndAdministrativeExpenses": 133575000, "otherExpenses": -26000, "operatingExpenses": 144785000, "costAndExpenses": 225911000, "interestIncome": 0, "interestExpense": 19228000, "depreciationAndAmortization": 51883000, "ebitda": 83324000, "ebitdaratio": 0.3237417339, "operatingIncome": 31467000, "operatingIncomeRatio": 0.1222598668, "totalOtherIncomeExpensesNet": -19239000, "incomeBeforeTax": 12228000, "incomeBeforeTaxRatio": 0.0475098882, "incomeTaxExpense": -2756000, "netIncome": 14984000, "netIncomeRatio": 0.0582178741, "eps": 0.09, "epsdiluted": 0.09, "weightedAverageShsOut": 160468146, "weightedAverageShsOutDil": 163920581, "link": "https://www.sec.gov/Archives/edgar/data/1492426/000156459016023136/0001564590-16-023136-index.htm", "finalLink": "https://www.sec.gov/Archives/edgar/data/1492426/000156459016023136/hznp-10q_20160630.htm"}, {"date": "2016-03-31", "symbol": "HZNP", "reportedCurrency": "USD", "cik": "0001492426", "fillingDate": "2016-05-09", "acceptedDate": "2016-05-09 07:11:46", "calendarYear": "2016", "period": "Q1", "revenue": 204690000, "costOfRevenue": 77233000, "grossProfit": 127457000, "grossProfitRatio": 0.6226830817, "researchAndDevelopmentExpenses": 12722000, "generalAndAdministrativeExpenses": 66395000, "sellingAndMarketingExpenses": 75544000, "sellingGeneralAndAdministrativeExpenses": 141939000, "otherExpenses": -14000, "operatingExpenses": 154661000, "costAndExpenses": 231894000, "interestIncome": 0, "interestExpense": 19458000, "depreciationAndAmortization": 50642000, "ebitda": 23424000, "ebitdaratio": 0.1144364649, "operatingIncome": -27204000, "operatingIncomeRatio": -0.1329034149, "totalOtherIncomeExpensesNet": -19645000, "incomeBeforeTax": -46849000, "incomeBeforeTaxRatio": -0.2288778152, "incomeTaxExpense": -1443000, "netIncome": -45406000, "netIncomeRatio": -0.2218281303, "eps": -0.28, "epsdiluted": -0.28, "weightedAverageShsOut": 159904416, "weightedAverageShsOutDil": 159904416, "link": "https://www.sec.gov/Archives/edgar/data/1492426/000156459016018433/0001564590-16-018433-index.htm", "finalLink": "https://www.sec.gov/Archives/edgar/data/1492426/000156459016018433/hznp-10q_20160331.htm"}, {"date": "2015-12-31", "symbol": "HZNP", "reportedCurrency": "USD", "cik": "0001492426", "fillingDate": "2016-02-29", "acceptedDate": "2016-02-29 07:36:21", "calendarYear": "2015", "period": "Q4", "revenue": 244538000, "costOfRevenue": 67573000, "grossProfit": 176965000, "grossProfitRatio": 0.7236707587, "researchAndDevelopmentExpenses": 13689000, "generalAndAdministrativeExpenses": 61875000, "sellingAndMarketingExpenses": 63352000, "sellingGeneralAndAdministrativeExpenses": 125227000, "otherExpenses": -132000, "operatingExpenses": 138916000, "costAndExpenses": 206489000, "interestIncome": 0, "interestExpense": 20120000, "depreciationAndAmortization": 44318000, "ebitda": 82235000, "ebitdaratio": 0.3362872028, "operatingIncome": 38049000, "operatingIncomeRatio": 0.1555954494, "totalOtherIncomeExpensesNet": -49511000, "incomeBeforeTax": -11462000, "incomeBeforeTaxRatio": -0.0468720608, "incomeTaxExpense": -35456000, "netIncome": 23994000, "netIncomeRatio": 0.0981197196, "eps": 0.15, "epsdiluted": 0.15, "weightedAverageShsOut": 159527324, "weightedAverageShsOutDil": 161675991, "link": "https://www.sec.gov/Archives/edgar/data/1492426/000156459016013652/0001564590-16-013652-index.htm", "finalLink": "https://www.sec.gov/Archives/edgar/data/1492426/000156459016013652/hznp-10k_20151231.htm"}, {"date": "2015-09-30", "symbol": "HZNP", "reportedCurrency": "USD", "cik": "0001492426", "fillingDate": "2015-11-06", "acceptedDate": "2015-11-06 07:27:49", "calendarYear": "2015", "period": "Q3", "revenue": 226544000, "costOfRevenue": 61250000, "grossProfit": 165294000, "grossProfitRatio": 0.7296330956, "researchAndDevelopmentExpenses": 13073000, "generalAndAdministrativeExpenses": 54516000, "sellingAndMarketingExpenses": 51973000, "sellingGeneralAndAdministrativeExpenses": 106489000, "otherExpenses": -90000, "operatingExpenses": 119562000, "costAndExpenses": 180812000, "interestIncome": 0, "interestExpense": 20300000, "depreciationAndAmortization": 43282000, "ebitda": 88924000, "ebitdaratio": 0.3925241896, "operatingIncome": 45732000, "operatingIncomeRatio": 0.2018680698, "totalOtherIncomeExpensesNet": -20476000, "incomeBeforeTax": 25256000, "incomeBeforeTaxRatio": 0.1114838619, "incomeTaxExpense": 21979000, "netIncome": 3277000, "netIncomeRatio": 0.0144651812, "eps": 0.02, "epsdiluted": 0.02, "weightedAverageShsOut": 159035580, "weightedAverageShsOutDil": 166830800, "link": "https://www.sec.gov/Archives/edgar/data/1492426/000156459015009832/0001564590-15-009832-index.htm", "finalLink": "https://www.sec.gov/Archives/edgar/data/1492426/000156459015009832/hznp-10q_20150930.htm"}, {"date": "2015-06-30", "symbol": "HZNP", "reportedCurrency": "USD", "cik": "0001492426", "fillingDate": "2015-08-07", "acceptedDate": "2015-08-07 07:20:30", "calendarYear": "2015", "period": "Q2", "revenue": 172821000, "costOfRevenue": 61826000, "grossProfit": 110995000, "grossProfitRatio": 0.6422541242, "researchAndDevelopmentExpenses": 8922000, "generalAndAdministrativeExpenses": 77190000, "sellingAndMarketingExpenses": 58056000, "sellingGeneralAndAdministrativeExpenses": 135246000, "otherExpenses": 0, "operatingExpenses": 144168000, "costAndExpenses": 205994000, "interestIncome": 0, "interestExpense": 19448000, "depreciationAndAmortization": 32408000, "ebitda": -33173000, "ebitdaratio": -0.1919500524, "operatingIncome": -33173000, "operatingIncomeRatio": -0.1919500524, "totalOtherIncomeExpensesNet": -95693000, "incomeBeforeTax": -128866000, "incomeBeforeTaxRatio": -0.7456616962, "incomeTaxExpense": -160680000, "netIncome": 31814000, "netIncomeRatio": 0.1840864247, "eps": 0.21, "epsdiluted": 0.2, "weightedAverageShsOut": 150771902, "weightedAverageShsOutDil": 159797319, "link": "https://www.sec.gov/Archives/edgar/data/1492426/000119312515281984/0001193125-15-281984-index.htm", "finalLink": "https://www.sec.gov/Archives/edgar/data/1492426/000119312515281984/d937951d10q.htm"}, {"date": "2015-03-31", "symbol": "HZNP", "reportedCurrency": "USD", "cik": "0001492426", "fillingDate": "2015-05-08", "acceptedDate": "2015-05-08 08:10:09", "calendarYear": "2015", "period": "Q1", "revenue": 113141000, "costOfRevenue": 28853000, "grossProfit": 84288000, "grossProfitRatio": 0.7449819252, "researchAndDevelopmentExpenses": 6181000, "generalAndAdministrativeExpenses": 26280000, "sellingAndMarketingExpenses": 47063000, "sellingGeneralAndAdministrativeExpenses": 73343000, "otherExpenses": 0, "operatingExpenses": 79524000, "costAndExpenses": 108377000, "interestIncome": 0, "interestExpense": 10032000, "depreciationAndAmortization": 18335000, "ebitda": 4764000, "ebitdaratio": 0.0421067518, "operatingIncome": 4764000, "operatingIncomeRatio": 0.0421067518, "totalOtherIncomeExpensesNet": -22404000, "incomeBeforeTax": -17640000, "incomeBeforeTaxRatio": -0.1559116501, "incomeTaxExpense": 1913000, "netIncome": -19553000, "netIncomeRatio": -0.1728197559, "eps": -0.16, "epsdiluted": -0.16, "weightedAverageShsOut": 125650593, "weightedAverageShsOutDil": 125650593, "link": "https://www.sec.gov/Archives/edgar/data/1492426/000119312515178423/0001193125-15-178423-index.htm", "finalLink": "https://www.sec.gov/Archives/edgar/data/1492426/000119312515178423/d899396d10q.htm"}, {"date": "2014-12-31", "symbol": "HZNP", "reportedCurrency": "USD", "cik": "0001492426", "fillingDate": "2015-02-27", "acceptedDate": "2015-02-27 07:43:48", "calendarYear": "2014", "period": "Q4", "revenue": 103841000, "costOfRevenue": 32680000, "grossProfit": 71161000, "grossProfitRatio": 0.6852880847, "researchAndDevelopmentExpenses": 6859000, "generalAndAdministrativeExpenses": 21975000, "sellingAndMarketingExpenses": 33344000, "sellingGeneralAndAdministrativeExpenses": 55319000, "otherExpenses": 0, "operatingExpenses": 62178000, "costAndExpenses": 94858000, "interestIncome": 0, "interestExpense": 10218000, "depreciationAndAmortization": 16347000, "ebitda": 5973000, "ebitdaratio": 0.0575206325, "operatingIncome": 8983000, "operatingIncomeRatio": 0.0865072563, "totalOtherIncomeExpensesNet": -43447000, "incomeBeforeTax": -34464000, "incomeBeforeTaxRatio": -0.3318920272, "incomeTaxExpense": -2817000, "netIncome": -31647000, "netIncomeRatio": -0.3047640142, "eps": -0.27, "epsdiluted": -0.27, "weightedAverageShsOut": 115675707, "weightedAverageShsOutDil": 115675707, "link": "https://www.sec.gov/Archives/edgar/data/1492426/000119312515067257/0001193125-15-067257-index.htm", "finalLink": "https://www.sec.gov/Archives/edgar/data/1492426/000119312515067257/d843160d10k.htm"}, {"date": "2014-09-30", "symbol": "HZNP", "reportedCurrency": "USD", "cik": "0001492426", "fillingDate": "2014-11-06", "acceptedDate": "2014-11-06 07:31:38", "calendarYear": "2014", "period": "Q3", "revenue": 75126000, "costOfRevenue": 13644000, "grossProfit": 61482000, "grossProfitRatio": 0.818385113, "researchAndDevelopmentExpenses": 4223000, "generalAndAdministrativeExpenses": 38109000, "sellingAndMarketingExpenses": 31111000, "sellingGeneralAndAdministrativeExpenses": 69220000, "otherExpenses": 0, "operatingExpenses": 73443000, "costAndExpenses": 87087000, "interestIncome": 0, "interestExpense": 5194000, "depreciationAndAmortization": 6826000, "ebitda": -8376000, "ebitdaratio": -0.1114926923, "operatingIncome": -11961000, "operatingIncomeRatio": -0.159212523, "totalOtherIncomeExpensesNet": 10982000, "incomeBeforeTax": -979000, "incomeBeforeTaxRatio": -0.0130314405, "incomeTaxExpense": -3042000, "netIncome": 2063000, "netIncomeRatio": 0.027460533, "eps": 0.03, "epsdiluted": 0.02, "weightedAverageShsOut": 78392971, "weightedAverageShsOutDil": 85687267, "link": "https://www.sec.gov/Archives/edgar/data/1492426/000119312514399728/0001193125-14-399728-index.htm", "finalLink": "https://www.sec.gov/Archives/edgar/data/1492426/000119312514399728/d782444d10q.htm"}, {"date": "2014-06-30", "symbol": "HZNP", "reportedCurrency": "USD", "cik": "0001492426", "fillingDate": "2014-08-07", "acceptedDate": "2014-08-07 06:51:56", "calendarYear": "2014", "period": "Q2", "revenue": 66062000, "costOfRevenue": 24810000, "grossProfit": 41252000, "grossProfitRatio": 0.6244437044, "researchAndDevelopmentExpenses": 3545000, "generalAndAdministrativeExpenses": 17681000, "sellingAndMarketingExpenses": 27126000, "sellingGeneralAndAdministrativeExpenses": 44807000, "otherExpenses": 0, "operatingExpenses": 48352000, "costAndExpenses": 73162000, "interestIncome": 0, "interestExpense": 4207000, "depreciationAndAmortization": 5433000, "ebitda": -6000000, "ebitdaratio": -0.0908237716, "operatingIncome": -7100000, "operatingIncomeRatio": -0.1074747964, "totalOtherIncomeExpensesNet": -19789000, "incomeBeforeTax": -26889000, "incomeBeforeTaxRatio": -0.4070267325, "incomeTaxExpense": 880000, "netIncome": -27769000, "netIncomeRatio": -0.4203475523, "eps": -0.38, "epsdiluted": -0.38, "weightedAverageShsOut": 73384801, "weightedAverageShsOutDil": 73384801, "link": "https://www.sec.gov/Archives/edgar/data/1492426/000119312514299376/0001193125-14-299376-index.htm", "finalLink": "https://www.sec.gov/Archives/edgar/data/1492426/000119312514299376/d744707d10q.htm"}, {"date": "2014-03-31", "symbol": "HZNP", "reportedCurrency": "USD", "cik": "0001492426", "fillingDate": "2014-05-09", "acceptedDate": "2014-05-09 07:02:00", "calendarYear": "2014", "period": "Q1", "revenue": 51926000, "costOfRevenue": 7619000, "grossProfit": 44307000, "grossProfitRatio": 0.8532719639, "researchAndDevelopmentExpenses": 2833000, "generalAndAdministrativeExpenses": 11192000, "sellingAndMarketingExpenses": 28695000, "sellingGeneralAndAdministrativeExpenses": 39887000, "otherExpenses": 0, "operatingExpenses": 42720000, "costAndExpenses": 50339000, "interestIncome": 0, "interestExpense": 4207000, "depreciationAndAmortization": 5403000, "ebitda": 1587000, "ebitdaratio": 0.0305627239, "operatingIncome": 1587000, "operatingIncomeRatio": 0.0305627239, "totalOtherIncomeExpensesNet": -208942000, "incomeBeforeTax": -207355000, "incomeBeforeTaxRatio": -3.9932788969, "incomeTaxExpense": -1105000, "netIncome": -206250000, "netIncomeRatio": -3.9719986134, "eps": -3.07, "epsdiluted": -3.07, "weightedAverageShsOut": 67138463, "weightedAverageShsOutDil": 67138463, "link": "https://www.sec.gov/Archives/edgar/data/1492426/000119312514190991/0001193125-14-190991-index.htm", "finalLink": "https://www.sec.gov/Archives/edgar/data/1492426/000119312514190991/d703620d10q.htm"}, {"date": "2013-12-31", "symbol": "HZNP", "reportedCurrency": "USD", "cik": "0001492426", "fillingDate": "2014-03-13", "acceptedDate": "2014-03-13 07:01:43", "calendarYear": "2013", "period": "Q4", "revenue": 26373000, "costOfRevenue": 1548000, "grossProfit": 24825000, "grossProfitRatio": 0.941303606, "researchAndDevelopmentExpenses": 2899000, "generalAndAdministrativeExpenses": 7568000, "sellingAndMarketingExpenses": 20120000, "sellingGeneralAndAdministrativeExpenses": 27688000, "otherExpenses": 0, "operatingExpenses": 30587000, "costAndExpenses": 32135000, "interestIncome": 0, "interestExpense": 28532000, "depreciationAndAmortization": 3472000, "ebitda": -158717000, "ebitdaratio": -6.0181625147, "operatingIncome": -5762000, "operatingIncomeRatio": -0.2184810223, "totalOtherIncomeExpensesNet": -97293000, "incomeBeforeTax": -103055000, "incomeBeforeTaxRatio": -3.9075948887, "incomeTaxExpense": -154000, "netIncome": -102901000, "netIncomeRatio": -3.9017555834, "eps": -1.58, "epsdiluted": -1.58, "weightedAverageShsOut": 65125305, "weightedAverageShsOutDil": 65125305, "link": "https://www.sec.gov/Archives/edgar/data/1492426/000119312514096677/0001193125-14-096677-index.htm", "finalLink": "https://www.sec.gov/Archives/edgar/data/1492426/000119312514096677/d681079d10k.htm"}, {"date": "2013-09-30", "symbol": "HZNP", "reportedCurrency": "USD", "cik": "0001492426", "fillingDate": "2013-11-08", "acceptedDate": "2013-11-08 06:50:22", "calendarYear": "2013", "period": "Q3", "revenue": 26218000, "costOfRevenue": 5313000, "grossProfit": 20905000, "grossProfitRatio": 0.7973529636, "researchAndDevelopmentExpenses": 2154000, "generalAndAdministrativeExpenses": 5874000, "sellingAndMarketingExpenses": 15621000, "sellingGeneralAndAdministrativeExpenses": 21495000, "otherExpenses": 0, "operatingExpenses": 23649000, "costAndExpenses": 28962000, "interestIncome": 0, "interestExpense": 3601000, "depreciationAndAmortization": 1983000, "ebitda": -2744000, "ebitdaratio": -0.10466092, "operatingIncome": -2744000, "operatingIncomeRatio": -0.10466092, "totalOtherIncomeExpensesNet": -2483000, "incomeBeforeTax": -5227000, "incomeBeforeTaxRatio": -0.1993668472, "incomeTaxExpense": 265000, "netIncome": -5492000, "netIncomeRatio": -0.2094744069, "eps": -0.085, "epsdiluted": -0.085, "weightedAverageShsOut": 64645677, "weightedAverageShsOutDil": 64645677, "link": "https://www.sec.gov/Archives/edgar/data/1492426/000156459013001105/0001564590-13-001105-index.htm", "finalLink": "https://www.sec.gov/Archives/edgar/data/1492426/000156459013001105/hznp-10q_20131001.htm"}, {"date": "2013-06-30", "symbol": "HZNP", "reportedCurrency": "USD", "cik": "0001492426", "fillingDate": "2013-08-09", "acceptedDate": "2013-08-09 06:50:29", "calendarYear": "2013", "period": "Q2", "revenue": 12254000, "costOfRevenue": 3517000, "grossProfit": 8737000, "grossProfitRatio": 0.7129916762, "researchAndDevelopmentExpenses": 2833000, "generalAndAdministrativeExpenses": 5182000, "sellingAndMarketingExpenses": 16526000, "sellingGeneralAndAdministrativeExpenses": 21708000, "otherExpenses": 0, "operatingExpenses": 24541000, "costAndExpenses": 28058000, "interestIncome": 0, "interestExpense": 3442000, "depreciationAndAmortization": 1933000, "ebitda": -13871000, "ebitdaratio": -1.131956912, "operatingIncome": -15804000, "operatingIncomeRatio": -1.289701322, "totalOtherIncomeExpensesNet": -2988000, "incomeBeforeTax": -18792000, "incomeBeforeTaxRatio": -1.5335400685, "incomeTaxExpense": -351000, "netIncome": -18441000, "netIncomeRatio": -1.5048963604, "eps": -0.29, "epsdiluted": -0.29, "weightedAverageShsOut": 62872173, "weightedAverageShsOutDil": 62872173, "link": "https://www.sec.gov/Archives/edgar/data/1492426/000119312513327964/0001193125-13-327964-index.htm", "finalLink": "https://www.sec.gov/Archives/edgar/data/1492426/000119312513327964/d548807d10q.htm"}, {"date": "2013-03-31", "symbol": "HZNP", "reportedCurrency": "USD", "cik": "0001492426", "fillingDate": "2013-05-10", "acceptedDate": "2013-05-10 06:48:23", "calendarYear": "2013", "period": "Q1", "revenue": 9171000, "costOfRevenue": 4247000, "grossProfit": 4924000, "grossProfitRatio": 0.5369098244, "researchAndDevelopmentExpenses": 2198000, "generalAndAdministrativeExpenses": 5200000, "sellingAndMarketingExpenses": 16070000, "sellingGeneralAndAdministrativeExpenses": 21270000, "otherExpenses": 0, "operatingExpenses": 23468000, "costAndExpenses": 27715000, "interestIncome": 0, "interestExpense": 3603000, "depreciationAndAmortization": 1922000, "ebitda": -16622000, "ebitdaratio": -1.8124522953, "operatingIncome": -18544000, "operatingIncomeRatio": -2.0220259514, "totalOtherIncomeExpensesNet": -4508000, "incomeBeforeTax": -23052000, "incomeBeforeTaxRatio": -2.5135754007, "incomeTaxExpense": -881000, "netIncome": -22171000, "netIncomeRatio": -2.4175117217, "eps": -0.36, "epsdiluted": -0.36, "weightedAverageShsOut": 61939822, "weightedAverageShsOutDil": 61939822, "link": "https://www.sec.gov/Archives/edgar/data/1492426/000119312513212425/0001193125-13-212425-index.htm", "finalLink": "https://www.sec.gov/Archives/edgar/data/1492426/000119312513212425/d501527d10q.htm"}, {"date": "2012-12-31", "symbol": "HZNP", "reportedCurrency": "USD", "cik": "0001492426", "fillingDate": "2013-03-18", "acceptedDate": "2013-03-18 06:59:17", "calendarYear": "2012", "period": "Q4", "revenue": 6747000, "costOfRevenue": 3931000, "grossProfit": 2816000, "grossProfitRatio": 0.4173706833, "researchAndDevelopmentExpenses": 4739000, "generalAndAdministrativeExpenses": 5008000, "sellingAndMarketingExpenses": 15095000, "sellingGeneralAndAdministrativeExpenses": 20103000, "otherExpenses": 0, "operatingExpenses": 24842000, "costAndExpenses": 28773000, "interestIncome": 0, "interestExpense": 3444000, "depreciationAndAmortization": 1890000, "ebitda": -47393000, "ebitdaratio": -7.0243070995, "operatingIncome": -22026000, "operatingIncomeRatio": -3.2645620276, "totalOtherIncomeExpensesNet": -2643000, "incomeBeforeTax": -24669000, "incomeBeforeTaxRatio": -3.6562916852, "incomeTaxExpense": -336000, "netIncome": -24333000, "netIncomeRatio": -3.6064917741, "eps": -0.39, "epsdiluted": -0.39, "weightedAverageShsOut": 61722247, "weightedAverageShsOutDil": 61722247, "link": "https://www.sec.gov/Archives/edgar/data/1492426/000119312513111071/0001193125-13-111071-index.htm", "finalLink": "https://www.sec.gov/Archives/edgar/data/1492426/000119312513111071/d448835d10k.htm"}, {"date": "2012-09-30", "symbol": "HZNP", "reportedCurrency": "USD", "cik": "0001492426", "fillingDate": "2012-11-13", "acceptedDate": "2012-11-13 07:11:10", "calendarYear": "2012", "period": "Q3", "revenue": 6521000, "costOfRevenue": 3810000, "grossProfit": 2711000, "grossProfitRatio": 0.4157337832, "researchAndDevelopmentExpenses": 3796000, "generalAndAdministrativeExpenses": 4678000, "sellingAndMarketingExpenses": 12951000, "sellingGeneralAndAdministrativeExpenses": 17629000, "otherExpenses": 0, "operatingExpenses": 21425000, "costAndExpenses": 25235000, "interestIncome": 0, "interestExpense": 0, "depreciationAndAmortization": 1508000, "ebitda": -17794000, "ebitdaratio": -2.7287225886, "operatingIncome": -18714000, "operatingIncomeRatio": -2.8698052446, "totalOtherIncomeExpensesNet": -2751000, "incomeBeforeTax": -21465000, "incomeBeforeTaxRatio": -3.2916730563, "incomeTaxExpense": -4512000, "netIncome": -16953000, "netIncomeRatio": -2.5997546389, "eps": -0.47, "epsdiluted": -0.47, "weightedAverageShsOut": 35972657, "weightedAverageShsOutDil": 35972657, "link": "https://www.sec.gov/Archives/edgar/data/1492426/000119312512465501/0001193125-12-465501-index.htm", "finalLink": "https://www.sec.gov/Archives/edgar/data/1492426/000119312512465501/d398658d10q.htm"}, {"date": "2012-06-30", "symbol": "HZNP", "reportedCurrency": "USD", "cik": "0001492426", "fillingDate": "2012-08-10", "acceptedDate": "2012-08-10 07:19:18", "calendarYear": "2012", "period": "Q2", "revenue": 3841000, "costOfRevenue": 2855000, "grossProfit": 986000, "grossProfitRatio": 0.2567039833, "researchAndDevelopmentExpenses": 4233000, "generalAndAdministrativeExpenses": 4555000, "sellingAndMarketingExpenses": 10543000, "sellingGeneralAndAdministrativeExpenses": 15098000, "otherExpenses": 0, "operatingExpenses": 19331000, "costAndExpenses": 22186000, "interestIncome": 0, "interestExpense": 0, "depreciationAndAmortization": 1064000, "ebitda": -18345000, "ebitdaratio": -4.776099974, "operatingIncome": -18345000, "operatingIncomeRatio": -4.776099974, "totalOtherIncomeExpensesNet": -4596000, "incomeBeforeTax": -22941000, "incomeBeforeTaxRatio": -5.9726633689, "incomeTaxExpense": -159000, "netIncome": -22782000, "netIncomeRatio": -5.931267899, "eps": -0.68, "epsdiluted": -0.68, "weightedAverageShsOut": 33715703, "weightedAverageShsOutDil": 33715703, "link": "https://www.sec.gov/Archives/edgar/data/1492426/000119312512348701/0001193125-12-348701-index.htm", "finalLink": "https://www.sec.gov/Archives/edgar/data/1492426/000119312512348701/d362331d10q.htm"}, {"date": "2012-03-31", "symbol": "HZNP", "reportedCurrency": "USD", "cik": "0001492426", "fillingDate": "2012-05-10", "acceptedDate": "2012-05-10 06:08:15", "calendarYear": "2012", "period": "Q1", "revenue": 2523000, "costOfRevenue": 2067000, "grossProfit": 456000, "grossProfitRatio": 0.1807372176, "researchAndDevelopmentExpenses": 4069000, "generalAndAdministrativeExpenses": 5203000, "sellingAndMarketingExpenses": 10972000, "sellingGeneralAndAdministrativeExpenses": 16175000, "otherExpenses": 0, "operatingExpenses": 20244000, "costAndExpenses": 22311000, "interestIncome": 0, "interestExpense": 4551000, "depreciationAndAmortization": 1076000, "ebitda": -19788000, "ebitdaratio": -7.8430439952, "operatingIncome": -19788000, "operatingIncomeRatio": -7.8430439952, "totalOtherIncomeExpensesNet": -4102000, "incomeBeforeTax": -23890000, "incomeBeforeTaxRatio": -9.4688862465, "incomeTaxExpense": -164000, "netIncome": -23726000, "netIncomeRatio": -9.4038842648, "eps": -0.98, "epsdiluted": -0.98, "weightedAverageShsOut": 24116490, "weightedAverageShsOutDil": 24116490, "link": "https://www.sec.gov/Archives/edgar/data/1492426/000119312512223515/0001193125-12-223515-index.htm", "finalLink": "https://www.sec.gov/Archives/edgar/data/1492426/000119312512223515/d338286d10q.htm"}, {"date": "2011-12-31", "symbol": "HZNP", "reportedCurrency": "USD", "cik": "0001492426", "fillingDate": "2012-03-23", "acceptedDate": "2012-03-23 17:11:19", "calendarYear": "2011", "period": "Q4", "revenue": 3526000, "costOfRevenue": 2076000, "grossProfit": 1450000, "grossProfitRatio": 0.4112308565, "researchAndDevelopmentExpenses": 3822000, "generalAndAdministrativeExpenses": 4368000, "sellingAndMarketingExpenses": 12888000, "sellingGeneralAndAdministrativeExpenses": 17256000, "otherExpenses": 0, "operatingExpenses": 21078000, "costAndExpenses": 23154000, "interestIncome": 0, "interestExpense": 0, "depreciationAndAmortization": 1128000, "ebitda": -104689000, "ebitdaratio": -29.6905842314, "operatingIncome": -89249000, "operatingIncomeRatio": -25.3116846285, "totalOtherIncomeExpensesNet": -122258000, "incomeBeforeTax": -90865000, "incomeBeforeTaxRatio": -25.7699943279, "incomeTaxExpense": -14138000, "netIncome": -76727000, "netIncomeRatio": -21.7603516733, "eps": -3.91, "epsdiluted": -3.91, "weightedAverageShsOut": 19627744, "weightedAverageShsOutDil": 19627744, "link": "https://www.sec.gov/Archives/edgar/data/1492426/000119312512129945/0001193125-12-129945-index.htm", "finalLink": "https://www.sec.gov/Archives/edgar/data/1492426/000119312512129945/d272296d10k.htm"}, {"date": "2011-09-30", "symbol": "HZNP", "reportedCurrency": "USD", "cik": "0001492426", "fillingDate": "2011-11-14", "acceptedDate": "2011-11-14 10:49:10", "calendarYear": "2011", "period": "Q3", "revenue": 273000, "costOfRevenue": 1249000, "grossProfit": -976000, "grossProfitRatio": -3.5750915751, "researchAndDevelopmentExpenses": 5346000, "generalAndAdministrativeExpenses": 4192000, "sellingAndMarketingExpenses": 5141000, "sellingGeneralAndAdministrativeExpenses": 9333000, "otherExpenses": 0, "operatingExpenses": 14679000, "costAndExpenses": 15928000, "interestIncome": 0, "interestExpense": 0, "depreciationAndAmortization": 656000, "ebitda": -15655000, "ebitdaratio": -57.3443223443, "operatingIncome": -15655000, "operatingIncomeRatio": -57.3443223443, "totalOtherIncomeExpensesNet": -1753000, "incomeBeforeTax": -17408000, "incomeBeforeTaxRatio": -63.7655677656, "incomeTaxExpense": -177000, "netIncome": -17231000, "netIncomeRatio": -63.1172161172, "eps": -1.3, "epsdiluted": -1.3, "weightedAverageShsOut": 13256189, "weightedAverageShsOutDil": 13256189, "link": "https://www.sec.gov/Archives/edgar/data/1492426/000119312511309655/0001193125-11-309655-index.htm", "finalLink": "https://www.sec.gov/Archives/edgar/data/1492426/000119312511309655/d237060d10q.htm"}, {"date": "2011-06-30", "symbol": "HZNP", "reportedCurrency": "USD", "cik": "0001492426", "fillingDate": "2011-09-02", "acceptedDate": "2011-09-02 17:05:47", "calendarYear": "2011", "period": "Q2", "revenue": 1335000, "costOfRevenue": 2104000, "grossProfit": -769000, "grossProfitRatio": -0.5760299625, "researchAndDevelopmentExpenses": 3462000, "generalAndAdministrativeExpenses": 3348000, "sellingAndMarketingExpenses": 1169000, "sellingGeneralAndAdministrativeExpenses": 4517000, "otherExpenses": 0, "operatingExpenses": 7979000, "costAndExpenses": 10083000, "interestIncome": 0, "interestExpense": 3185000, "depreciationAndAmortization": 1168000, "ebitda": -7580000, "ebitdaratio": -5.6779026217, "operatingIncome": -8748000, "operatingIncomeRatio": -6.5528089888, "totalOtherIncomeExpensesNet": -3075000, "incomeBeforeTax": -11823000, "incomeBeforeTaxRatio": -8.8561797753, "incomeTaxExpense": -186000, "netIncome": -11637000, "netIncomeRatio": -8.7168539326, "eps": -7.78, "epsdiluted": -7.78, "weightedAverageShsOut": 1496278, "weightedAverageShsOutDil": 1496278, "link": "https://www.sec.gov/Archives/edgar/data/1492426/000119312511240251/0001193125-11-240251-index.htm", "finalLink": "https://www.sec.gov/Archives/edgar/data/1492426/000119312511240251/d10q.htm"}, {"date": "2011-03-31", "symbol": "HZNP", "reportedCurrency": "USD", "cik": "0001492426", "fillingDate": "2011-03-31", "acceptedDate": "2011-03-30 20:00:00", "calendarYear": "2011", "period": "Q1", "revenue": 1793000, "costOfRevenue": 1839000, "grossProfit": -46000, "grossProfitRatio": -0.0256553263, "researchAndDevelopmentExpenses": 2729000, "generalAndAdministrativeExpenses": 3098000, "sellingAndMarketingExpenses": 1117000, "sellingGeneralAndAdministrativeExpenses": 4215000, "otherExpenses": 0, "operatingExpenses": 6944000, "costAndExpenses": 8783000, "interestIncome": 0, "interestExpense": 1285000, "depreciationAndAmortization": 1247000, "ebitda": -5743000, "ebitdaratio": -3.2030117122, "operatingIncome": -6990000, "operatingIncomeRatio": -3.8984941439, "totalOtherIncomeExpensesNet": -863000, "incomeBeforeTax": -7853000, "incomeBeforeTaxRatio": -4.3798103737, "incomeTaxExpense": -182000, "netIncome": -7671000, "netIncomeRatio": -4.2783045176, "eps": -5.13, "epsdiluted": -5.13, "weightedAverageShsOut": 1493962, "weightedAverageShsOutDil": 1493962, "link": null, "finalLink": null}, {"date": "2010-12-31", "symbol": "HZNP", "reportedCurrency": "USD", "cik": "0001492426", "fillingDate": "2010-12-31", "acceptedDate": "2010-12-30 19:00:00", "calendarYear": "2010", "period": "Q4", "revenue": 30000, "costOfRevenue": 816000, "grossProfit": -786000, "grossProfitRatio": -26.2, "researchAndDevelopmentExpenses": 4836000, "generalAndAdministrativeExpenses": 4855000, "sellingAndMarketingExpenses": 1950000, "sellingGeneralAndAdministrativeExpenses": 6805000, "otherExpenses": 0, "operatingExpenses": 11641000, "costAndExpenses": 12457000, "interestIncome": 4000, "interestExpense": 1201000, "depreciationAndAmortization": 617000, "ebitda": -12009000, "ebitdaratio": -400.3, "operatingIncome": -12427000, "operatingIncomeRatio": -414.2333333333, "totalOtherIncomeExpensesNet": 2918000, "incomeBeforeTax": -9509000, "incomeBeforeTaxRatio": -316.9666666667, "incomeTaxExpense": -689000, "netIncome": -8820000, "netIncomeRatio": -294, "eps": -5.89, "epsdiluted": -5.89, "weightedAverageShsOut": 1496278, "weightedAverageShsOutDil": 1496278, "link": null, "finalLink": null}, {"date": "2010-09-30", "symbol": "HZNP", "reportedCurrency": "USD", "cik": "0001492426", "fillingDate": "2010-09-30", "acceptedDate": "2010-09-29 20:00:00", "calendarYear": "2010", "period": "Q3", "revenue": 689000, "costOfRevenue": 737000, "grossProfit": -48000, "grossProfitRatio": -0.0696661829, "researchAndDevelopmentExpenses": 5721000, "generalAndAdministrativeExpenses": 3880000, "sellingAndMarketingExpenses": 1955000, "sellingGeneralAndAdministrativeExpenses": 5835000, "otherExpenses": 0, "operatingExpenses": 11556000, "costAndExpenses": 12293000, "interestIncome": 0, "interestExpense": 0, "depreciationAndAmortization": 1481000, "ebitda": -10287000, "ebitdaratio": -14.9303338171, "operatingIncome": -11604000, "operatingIncomeRatio": -16.8417997097, "totalOtherIncomeExpensesNet": -867000, "incomeBeforeTax": -12471000, "incomeBeforeTaxRatio": -18.1001451379, "incomeTaxExpense": 16000, "netIncome": -12487000, "netIncomeRatio": -18.1233671988, "eps": -8.38, "epsdiluted": -8.38, "weightedAverageShsOut": 1490551, "weightedAverageShsOutDil": 1490551, "link": null, "finalLink": null}, {"date": "2010-06-30", "symbol": "HZNP", "reportedCurrency": "USD", "cik": "0001492426", "fillingDate": "2010-06-30", "acceptedDate": "2010-06-29 20:00:00", "calendarYear": "2010", "period": "Q2", "revenue": 1657000, "costOfRevenue": 2132000, "grossProfit": -475000, "grossProfitRatio": -0.2866626433, "researchAndDevelopmentExpenses": 4292000, "generalAndAdministrativeExpenses": 5795000, "sellingAndMarketingExpenses": 1397000, "sellingGeneralAndAdministrativeExpenses": 7192000, "otherExpenses": 0, "operatingExpenses": 11484000, "costAndExpenses": 13616000, "interestIncome": 12000, "interestExpense": 523000, "depreciationAndAmortization": 1590000, "ebitda": -10357000, "ebitdaratio": -6.2504526252, "operatingIncome": -11959000, "operatingIncomeRatio": -7.2172601086, "totalOtherIncomeExpensesNet": 18856000, "incomeBeforeTax": 6897000, "incomeBeforeTaxRatio": 4.1623415812, "incomeTaxExpense": 13000, "netIncome": 6884000, "netIncomeRatio": 4.1544960772, "eps": 4.62, "epsdiluted": 0.56, "weightedAverageShsOut": 1490544, "weightedAverageShsOutDil": 1490544, "link": null, "finalLink": null}, {"date": "2010-03-31", "symbol": "HZNP", "reportedCurrency": "USD", "cik": "0001492426", "fillingDate": "2010-03-31", "acceptedDate": "2010-03-30 20:00:00", "calendarYear": "2010", "period": "Q1", "revenue": 0, "costOfRevenue": 0, "grossProfit": 0, "grossProfitRatio": 0, "researchAndDevelopmentExpenses": 2826000, "generalAndAdministrativeExpenses": 4533000, "sellingAndMarketingExpenses": 259000, "sellingGeneralAndAdministrativeExpenses": 4792000, "otherExpenses": 0, "operatingExpenses": 7618000, "costAndExpenses": 7618000, "interestIncome": 0, "interestExpense": 286000, "depreciationAndAmortization": 111000, "ebitda": -7505000, "ebitdaratio": 0, "operatingIncome": -7618000, "operatingIncomeRatio": 0, "totalOtherIncomeExpensesNet": -2000, "incomeBeforeTax": -7620000, "incomeBeforeTaxRatio": 0, "incomeTaxExpense": 287000, "netIncome": -7905000, "netIncomeRatio": 0, "eps": -5.28, "epsdiluted": -5.28, "weightedAverageShsOut": 1496278, "weightedAverageShsOutDil": 1496278, "link": null, "finalLink": null}, {"date": "2009-12-31", "symbol": "HZNP", "reportedCurrency": "USD", "cik": "0001492426", "fillingDate": "2009-12-31", "acceptedDate": "2009-12-30 19:00:00", "calendarYear": "2009", "period": "Q4", "revenue": 0, "costOfRevenue": 0, "grossProfit": 0, "grossProfitRatio": 0, "researchAndDevelopmentExpenses": 3312000, "generalAndAdministrativeExpenses": 1338000, "sellingAndMarketingExpenses": 671000, "sellingGeneralAndAdministrativeExpenses": 2009000, "otherExpenses": 0, "operatingExpenses": 5321000, "costAndExpenses": 5321000, "interestIncome": 0, "interestExpense": 567000, "depreciationAndAmortization": -557000, "ebitda": -5824000, "ebitdaratio": 0, "operatingIncome": -5321000, "operatingIncomeRatio": 0, "totalOtherIncomeExpensesNet": 149000, "incomeBeforeTax": -5172000, "incomeBeforeTaxRatio": 0, "incomeTaxExpense": 621000, "netIncome": -5739000, "netIncomeRatio": 0, "eps": -3.84, "epsdiluted": -3.84, "weightedAverageShsOut": 1496278, "weightedAverageShsOutDil": 1496278, "link": null, "finalLink": null}, {"date": "2009-09-30", "symbol": "HZNP", "reportedCurrency": "USD", "cik": "0001492426", "fillingDate": "2009-09-30", "acceptedDate": "2009-09-29 20:00:00", "calendarYear": "2009", "period": "Q3", "revenue": 0, "costOfRevenue": 0, "grossProfit": 0, "grossProfitRatio": 0, "researchAndDevelopmentExpenses": 2497000, "generalAndAdministrativeExpenses": 1580000, "sellingAndMarketingExpenses": 432000, "sellingGeneralAndAdministrativeExpenses": 2012000, "otherExpenses": 0, "operatingExpenses": 4509000, "costAndExpenses": 4509000, "interestIncome": 2000, "interestExpense": 599000, "depreciationAndAmortization": 225000, "ebitda": -4282000, "ebitdaratio": 0, "operatingIncome": -4509000, "operatingIncomeRatio": 0, "totalOtherIncomeExpensesNet": -477000, "incomeBeforeTax": -4986000, "incomeBeforeTaxRatio": 0, "incomeTaxExpense": 0, "netIncome": -4986000, "netIncomeRatio": 0, "eps": -3.33, "epsdiluted": -3.33, "weightedAverageShsOut": 1496278, "weightedAverageShsOutDil": 1496278, "link": null, "finalLink": null}, {"date": "2009-06-30", "symbol": "HZNP", "reportedCurrency": "USD", "cik": "0001492426", "fillingDate": "2009-06-30", "acceptedDate": "2009-06-29 20:00:00", "calendarYear": "2009", "period": "Q2", "revenue": 0, "costOfRevenue": 0, "grossProfit": 0, "grossProfitRatio": 0, "researchAndDevelopmentExpenses": 2656000, "generalAndAdministrativeExpenses": 1400000, "sellingAndMarketingExpenses": 720000, "sellingGeneralAndAdministrativeExpenses": 2120000, "otherExpenses": 0, "operatingExpenses": 4776000, "costAndExpenses": 4776000, "interestIncome": 0, "interestExpense": 452000, "depreciationAndAmortization": 149000, "ebitda": -4542000, "ebitdaratio": 0, "operatingIncome": -4776000, "operatingIncomeRatio": 0, "totalOtherIncomeExpensesNet": 147000, "incomeBeforeTax": -4629000, "incomeBeforeTaxRatio": 0, "incomeTaxExpense": 532000, "netIncome": -5076000, "netIncomeRatio": 0, "eps": -3.39, "epsdiluted": -3.39, "weightedAverageShsOut": 1496278, "weightedAverageShsOutDil": 1496278, "link": null, "finalLink": null}, {"date": "2009-03-31", "symbol": "HZNP", "reportedCurrency": "USD", "cik": "0001492426", "fillingDate": "2009-03-31", "acceptedDate": "2009-03-30 20:00:00", "calendarYear": "2009", "period": "Q1", "revenue": 0, "costOfRevenue": 0, "grossProfit": 0, "grossProfitRatio": 0, "researchAndDevelopmentExpenses": 2429000, "generalAndAdministrativeExpenses": 1505000, "sellingAndMarketingExpenses": 249000, "sellingGeneralAndAdministrativeExpenses": 1754000, "otherExpenses": 0, "operatingExpenses": 4183000, "costAndExpenses": 4183000, "interestIncome": 0, "interestExpense": 596000, "depreciationAndAmortization": 260000, "ebitda": -3985000, "ebitdaratio": 0, "operatingIncome": -4183000, "operatingIncomeRatio": 0, "totalOtherIncomeExpensesNet": 62000, "incomeBeforeTax": -4121000, "incomeBeforeTaxRatio": 0, "incomeTaxExpense": 516000, "netIncome": -4699000, "netIncomeRatio": 0, "eps": -3.14, "epsdiluted": -3.14, "weightedAverageShsOut": 1496278, "weightedAverageShsOutDil": 1496278, "link": null, "finalLink": null}]