[{"date": "2025-06-30", "symbol": "OMAB", "reportedCurrency": "MXN", "cik": "0001378239", "fillingDate": "2025-07-28", "acceptedDate": "2025-07-28 10:30:04", "calendarYear": "2025", "period": "Q2", "revenue": 4353173000, "costOfRevenue": 1490895000, "grossProfit": 2862278000, "grossProfitRatio": 0.6575153342, "researchAndDevelopmentExpenses": 0, "generalAndAdministrativeExpenses": 217275000, "sellingAndMarketingExpenses": 0, "sellingGeneralAndAdministrativeExpenses": 217275000, "otherExpenses": 4940937000, "operatingExpenses": 5158212000, "costAndExpenses": 6649107000, "interestIncome": 34700000, "interestExpense": 415643000, "depreciationAndAmortization": 217549000, "ebitda": 2521105000, "ebitdaratio": 0.579141927, "operatingIncome": -2295934000, "operatingIncomeRatio": -0.5274162088, "totalOtherIncomeExpensesNet": 4183847000, "incomeBeforeTax": 1887913000, "incomeBeforeTaxRatio": 0.4336866465, "incomeTaxExpense": 547377000, "netIncome": 1335472000, "netIncomeRatio": 0.3067812834, "eps": 27.68, "epsdiluted": 27.68, "weightedAverageShsOut": 48271125, "weightedAverageShsOutDil": 48271125, "link": "https://www.sec.gov/Archives/edgar/data/1378239/000199937125010014/0001999371-25-010014-index.htm", "finalLink": "https://www.sec.gov/Archives/edgar/data/1378239/000199937125010014/oma-6k_072825.htm"}, {"date": "2025-03-31", "symbol": "OMAB", "reportedCurrency": "MXN", "cik": "0001378239", "fillingDate": "2025-03-31", "acceptedDate": "2025-03-31 00:00:00", "calendarYear": "2025", "period": "Q1", "revenue": 3568813000, "costOfRevenue": 929204000, "grossProfit": 2639609000, "grossProfitRatio": 0.739632197, "researchAndDevelopmentExpenses": 0, "generalAndAdministrativeExpenses": 207707000, "sellingAndMarketingExpenses": 0, "sellingGeneralAndAdministrativeExpenses": 207707000, "otherExpenses": 320683000, "operatingExpenses": 528390000, "costAndExpenses": 1457594000, "interestIncome": 43051000, "interestExpense": 344025000, "depreciationAndAmortization": 207613000, "ebitda": 2350542000, "ebitdaratio": 0.6586341173, "operatingIncome": 2111219000, "operatingIncomeRatio": 0.5915745655, "totalOtherIncomeExpensesNet": -312315000, "incomeBeforeTax": 1798904000, "incomeBeforeTaxRatio": 0.504062275, "incomeTaxExpense": 507138000, "netIncome": 1284658000, "netIncomeRatio": 0.3599678661, "eps": 26.64, "epsdiluted": 26.64, "weightedAverageShsOut": 48271125, "weightedAverageShsOutDil": 48271125, "link": null, "finalLink": null}, {"date": "2024-12-31", "symbol": "OMAB", "reportedCurrency": "MXN", "cik": "0001378239", "fillingDate": "2025-04-29", "acceptedDate": "2025-04-29 16:13:12", "calendarYear": "2024", "period": "Q4", "revenue": 4115120000, "costOfRevenue": 706171000, "grossProfit": 3408949000, "grossProfitRatio": 0.8283960128, "researchAndDevelopmentExpenses": 0, "generalAndAdministrativeExpenses": 458923000, "sellingAndMarketingExpenses": 0, "sellingGeneralAndAdministrativeExpenses": 458923000, "otherExpenses": 756576000, "operatingExpenses": 1215499000, "costAndExpenses": 1921670000, "interestIncome": 47105000, "interestExpense": 411192000, "depreciationAndAmortization": 201061000, "ebitda": 2394719000, "ebitdaratio": 0.5819317541, "operatingIncome": 2193450000, "operatingIncomeRatio": 0.5330221233, "totalOtherIncomeExpensesNet": -332023000, "incomeBeforeTax": 1861427000, "incomeBeforeTaxRatio": 0.4523384494, "incomeTaxExpense": 680696000, "netIncome": 1187234000, "netIncomeRatio": 0.288505317, "eps": 24.56, "epsdiluted": 24.56, "weightedAverageShsOut": 48287125, "weightedAverageShsOutDil": 48287125, "link": "https://www.sec.gov/Archives/edgar/data/1378239/000155837025005842/0001558370-25-005842-index.htm", "finalLink": "https://www.sec.gov/Archives/edgar/data/1378239/000155837025005842/omab-20241231x20f.htm"}, {"date": "2024-09-30", "symbol": "OMAB", "reportedCurrency": "MXN", "cik": "0001378239", "fillingDate": "2024-09-30", "acceptedDate": "2024-09-29 20:00:00", "calendarYear": "2024", "period": "Q3", "revenue": 3702936000, "costOfRevenue": 1026181000, "grossProfit": 2676755000, "grossProfitRatio": 0.7228736873, "researchAndDevelopmentExpenses": 0, "generalAndAdministrativeExpenses": 183608000, "sellingAndMarketingExpenses": 0, "sellingGeneralAndAdministrativeExpenses": 183608000, "otherExpenses": 324824000, "operatingExpenses": 508432000, "costAndExpenses": 1534613000, "interestIncome": 46832000, "interestExpense": 339808000, "depreciationAndAmortization": 190956000, "ebitda": 2426926000, "ebitdaratio": 0.6554058725, "operatingIncome": 2168323000, "operatingIncomeRatio": 0.5855685867, "totalOtherIncomeExpensesNet": -272161000, "incomeBeforeTax": 1896162000, "incomeBeforeTaxRatio": 0.5120698818, "incomeTaxExpense": 511579000, "netIncome": 1377382000, "netIncomeRatio": 0.371970242, "eps": 28.56, "epsdiluted": 28.56, "weightedAverageShsOut": 48271178, "weightedAverageShsOutDil": 48271178, "link": "", "finalLink": ""}, {"date": "2024-06-30", "symbol": "OMAB", "reportedCurrency": "MXN", "cik": "0001378239", "fillingDate": "2024-06-30", "acceptedDate": "2024-06-29 20:00:00", "calendarYear": "2024", "period": "Q2", "revenue": 3499856000, "costOfRevenue": 1080324000, "grossProfit": 2419532000, "grossProfitRatio": 0.6913233002, "researchAndDevelopmentExpenses": 0, "generalAndAdministrativeExpenses": 196097000, "sellingAndMarketingExpenses": 0, "sellingGeneralAndAdministrativeExpenses": 196097000, "otherExpenses": 295014000, "operatingExpenses": 491111000, "costAndExpenses": 1571435000, "interestIncome": 62497000, "interestExpense": 231716000, "depreciationAndAmortization": 186069000, "ebitda": 2212548000, "ebitdaratio": 0.6321825812, "operatingIncome": 1528421000, "operatingIncomeRatio": 0.4367096818, "totalOtherIncomeExpensesNet": 266342000, "incomeBeforeTax": 1794763000, "incomeBeforeTaxRatio": 0.5128105271, "incomeTaxExpense": 503050000, "netIncome": 1287360000, "netIncomeRatio": 0.3678322765, "eps": 26.64, "epsdiluted": 26.64, "weightedAverageShsOut": 48271178, "weightedAverageShsOutDil": 48271178, "link": "", "finalLink": ""}, {"date": "2024-03-31", "symbol": "OMAB", "reportedCurrency": "MXN", "cik": "0001378239", "fillingDate": "2024-03-31", "acceptedDate": "2024-03-30 20:00:00", "calendarYear": "2024", "period": "Q1", "revenue": 3755044000, "costOfRevenue": 1521740000, "grossProfit": 2233304000, "grossProfitRatio": 0.5947477579, "researchAndDevelopmentExpenses": 0, "generalAndAdministrativeExpenses": 173283000, "sellingAndMarketingExpenses": 0, "sellingGeneralAndAdministrativeExpenses": 173283000, "otherExpenses": 0, "operatingExpenses": 440286000, "costAndExpenses": 1962026000, "interestIncome": 88631000, "interestExpense": 346204000, "depreciationAndAmortization": 178897000, "ebitda": 2041987000, "ebitdaratio": 0.5437984215, "operatingIncome": 1793018000, "operatingIncomeRatio": 0.4774958696, "totalOtherIncomeExpensesNet": -276132000, "incomeBeforeTax": 1516886000, "incomeBeforeTaxRatio": 0.4039595808, "incomeTaxExpense": 437689000, "netIncome": 1076828000, "netIncomeRatio": 0.2867684107, "eps": 22.32, "epsdiluted": 22.32, "weightedAverageShsOut": 48271178, "weightedAverageShsOutDil": 48271178, "link": "", "finalLink": ""}, {"date": "2023-12-31", "symbol": "OMAB", "reportedCurrency": "MXN", "cik": "0001378239", "fillingDate": "2023-12-31", "acceptedDate": "2023-12-30 19:00:00", "calendarYear": "2023", "period": "Q4", "revenue": 3709404000, "costOfRevenue": 1343195000, "grossProfit": 2366209000, "grossProfitRatio": 0.6378946591, "researchAndDevelopmentExpenses": 0, "generalAndAdministrativeExpenses": 183396000, "sellingAndMarketingExpenses": 0, "sellingGeneralAndAdministrativeExpenses": 183396000, "otherExpenses": 194103000, "operatingExpenses": 377499000, "costAndExpenses": 1720694000, "interestIncome": 65920000, "interestExpense": 277747000, "depreciationAndAmortization": 171548000, "ebitda": 2214284000, "ebitdaratio": 0.5969379447, "operatingIncome": 1989235000, "operatingIncomeRatio": 0.5362680905, "totalOtherIncomeExpensesNet": -224246000, "incomeBeforeTax": 1764989000, "incomeBeforeTaxRatio": 0.4758147131, "incomeTaxExpense": 510233000, "netIncome": 1251557000, "netIncomeRatio": 0.3374011027, "eps": 25.93, "epsdiluted": 25.93, "weightedAverageShsOut": 48271178, "weightedAverageShsOutDil": 48271178, "link": "", "finalLink": ""}, {"date": "2023-09-30", "symbol": "OMAB", "reportedCurrency": "MXN", "cik": "0001378239", "fillingDate": "2023-09-30", "acceptedDate": "2023-09-30 00:00:00", "calendarYear": "2023", "period": "Q3", "revenue": 3906488000, "costOfRevenue": 1261481000, "grossProfit": 2645007000, "grossProfitRatio": 0.6770805388, "researchAndDevelopmentExpenses": 0, "generalAndAdministrativeExpenses": 154811000, "sellingAndMarketingExpenses": 0, "sellingGeneralAndAdministrativeExpenses": 154811000, "otherExpenses": 218373000, "operatingExpenses": 373184000, "costAndExpenses": 1634665000, "interestIncome": 66303000, "interestExpense": 341809000, "depreciationAndAmortization": 165376000, "ebitda": 2506962000, "ebitdaratio": 0.6417431719, "operatingIncome": 2271823000, "operatingIncomeRatio": 0.5815512552, "totalOtherIncomeExpensesNet": -272046000, "incomeBeforeTax": 1999777000, "incomeBeforeTaxRatio": 0.5119117222, "incomeTaxExpense": 585956000, "netIncome": 1409574000, "netIncomeRatio": 0.3608289594, "eps": 29.2, "epsdiluted": 29.2, "weightedAverageShsOut": 48271178, "weightedAverageShsOutDil": 48271178, "link": null, "finalLink": null}, {"date": "2023-06-30", "symbol": "OMAB", "reportedCurrency": "MXN", "cik": "0001378239", "fillingDate": "2023-06-30", "acceptedDate": "2023-06-30 00:00:00", "calendarYear": "2023", "period": "Q2", "revenue": 3621519000, "costOfRevenue": 1206393000, "grossProfit": 2415126000, "grossProfitRatio": 0.6668820459, "researchAndDevelopmentExpenses": 0, "generalAndAdministrativeExpenses": 162433000, "sellingAndMarketingExpenses": 0, "sellingGeneralAndAdministrativeExpenses": 162433000, "otherExpenses": 0, "operatingExpenses": 361763000, "costAndExpenses": 1568156000, "interestIncome": 78655000, "interestExpense": 348275000, "depreciationAndAmortization": 152130000, "ebitda": 2271597000, "ebitdaratio": 0.6272497811, "operatingIncome": 2053463000, "operatingIncomeRatio": 0.5670170445, "totalOtherIncomeExpensesNet": -282271000, "incomeBeforeTax": 1771192000, "incomeBeforeTaxRatio": 0.4890743359, "incomeTaxExpense": 499038000, "netIncome": 1271680000, "netIncomeRatio": 0.3511454724, "eps": 26.32, "epsdiluted": 26.32, "weightedAverageShsOut": 48271178, "weightedAverageShsOutDil": 48271178, "link": null, "finalLink": null}, {"date": "2023-03-31", "symbol": "OMAB", "reportedCurrency": "MXN", "cik": "0001378239", "fillingDate": "2023-03-31", "acceptedDate": "2023-03-30 20:00:00", "calendarYear": "2023", "period": "Q1", "revenue": 3219669000, "costOfRevenue": 1135627000, "grossProfit": 2084042000, "grossProfitRatio": 0.6472845501, "researchAndDevelopmentExpenses": 0, "generalAndAdministrativeExpenses": 160807000, "sellingAndMarketingExpenses": 0, "sellingGeneralAndAdministrativeExpenses": 160807000, "otherExpenses": 170749000, "operatingExpenses": 331556000, "costAndExpenses": 1467183000, "interestIncome": 87032000, "interestExpense": 301609000, "depreciationAndAmortization": 152288000, "ebitda": 1977807000, "ebitdaratio": 0.6142889222, "operatingIncome": 1752488000, "operatingIncomeRatio": 0.5443068837, "totalOtherIncomeExpensesNet": -228578000, "incomeBeforeTax": 1523910000, "incomeBeforeTaxRatio": 0.4733126293, "incomeTaxExpense": 444215000, "netIncome": 1079031000, "netIncomeRatio": 0.3351372455, "eps": 22.32, "epsdiluted": 22.32, "weightedAverageShsOut": 48271178, "weightedAverageShsOutDil": 48271178, "link": "", "finalLink": ""}, {"date": "2022-12-31", "symbol": "OMAB", "reportedCurrency": "MXN", "cik": "0001378239", "fillingDate": "2022-12-31", "acceptedDate": "2022-12-30 19:00:00", "calendarYear": "2022", "period": "Q4", "revenue": 3665558000, "costOfRevenue": 1560280000, "grossProfit": 2105278000, "grossProfitRatio": 0.5743403869, "researchAndDevelopmentExpenses": 0, "generalAndAdministrativeExpenses": 187036000, "sellingAndMarketingExpenses": 0, "sellingGeneralAndAdministrativeExpenses": 187036000, "otherExpenses": 169328000, "operatingExpenses": 356364000, "costAndExpenses": 1916644000, "interestIncome": 55529000, "interestExpense": 256523000, "depreciationAndAmortization": 147916000, "ebitda": 1948701000, "ebitdaratio": 0.5316246531, "operatingIncome": 1748915000, "operatingIncomeRatio": 0.4771210822, "totalOtherIncomeExpensesNet": -204653000, "incomeBeforeTax": 1544262000, "incomeBeforeTaxRatio": 0.4212897463, "incomeTaxExpense": 409240000, "netIncome": 1129912000, "netIncomeRatio": 0.3082510221, "eps": 23.44, "epsdiluted": 23.44, "weightedAverageShsOut": 48271178, "weightedAverageShsOutDil": 48271178, "link": "", "finalLink": ""}, {"date": "2022-06-30", "symbol": "OMAB", "reportedCurrency": "MXN", "cik": "0001378239", "fillingDate": "2022-06-30", "acceptedDate": "2022-06-29 20:00:00", "calendarYear": "2022", "period": "Q2", "revenue": 2917530000, "costOfRevenue": 1214684000, "grossProfit": 1702846000, "grossProfitRatio": 0.5836601509, "researchAndDevelopmentExpenses": 0, "generalAndAdministrativeExpenses": 151153000, "sellingAndMarketingExpenses": 0, "sellingGeneralAndAdministrativeExpenses": 151153000, "otherExpenses": 149714000, "operatingExpenses": 300867000, "costAndExpenses": 1515551000, "interestIncome": 40855000, "interestExpense": 234416000, "depreciationAndAmortization": 132844000, "ebitda": 1585744000, "ebitdaratio": 0.5435227744, "operatingIncome": 1401979000, "operatingIncomeRatio": 0.4805362755, "totalOtherIncomeExpensesNet": -183495000, "incomeBeforeTax": 1218484000, "incomeBeforeTaxRatio": 0.4176423207, "incomeTaxExpense": 290205000, "netIncome": 924513000, "netIncomeRatio": 0.3168820886, "eps": 19.12, "epsdiluted": 19.12, "weightedAverageShsOut": 48271178, "weightedAverageShsOutDil": 48271178, "link": "", "finalLink": ""}, {"date": "2022-03-31", "symbol": "OMAB", "reportedCurrency": "MXN", "cik": "0001378239", "fillingDate": "2022-03-31", "acceptedDate": "2022-03-30 20:00:00", "calendarYear": "2022", "period": "Q1", "revenue": 2206233000, "costOfRevenue": 749110000, "grossProfit": 1457123000, "grossProfitRatio": 0.6604574404, "researchAndDevelopmentExpenses": 0, "generalAndAdministrativeExpenses": 138961000, "sellingAndMarketingExpenses": 0, "sellingGeneralAndAdministrativeExpenses": 138961000, "otherExpenses": 121677000, "operatingExpenses": 260638000, "costAndExpenses": 1009748000, "interestIncome": 37087000, "interestExpense": 189239000, "depreciationAndAmortization": 130606000, "ebitda": 1351554000, "ebitdaratio": 0.6126071, "operatingIncome": 1233572000, "operatingIncomeRatio": 0.5591304273, "totalOtherIncomeExpensesNet": -164776000, "incomeBeforeTax": 1031709000, "incomeBeforeTaxRatio": 0.4676337449, "incomeTaxExpense": 279108000, "netIncome": 748142000, "netIncomeRatio": 0.3391038027, "eps": 15.52, "epsdiluted": 15.52, "weightedAverageShsOut": 48271178, "weightedAverageShsOutDil": 48271178, "link": "", "finalLink": ""}, {"date": "2021-12-31", "symbol": "OMAB", "reportedCurrency": "MXN", "cik": "0001378239", "fillingDate": "2021-12-31", "acceptedDate": "2021-12-30 19:00:00", "calendarYear": "2021", "period": "Q4", "revenue": 2679766000, "costOfRevenue": 1121472000, "grossProfit": 1558294000, "grossProfitRatio": 0.5815037582, "researchAndDevelopmentExpenses": 0, "generalAndAdministrativeExpenses": 150457000, "sellingAndMarketingExpenses": 0, "sellingGeneralAndAdministrativeExpenses": 150457000, "otherExpenses": 133047000, "operatingExpenses": 283504000, "costAndExpenses": 1404976000, "interestIncome": 49535000, "interestExpense": 142783000, "depreciationAndAmortization": 127699000, "ebitda": 1516240000, "ebitdaratio": 0.5658105969, "operatingIncome": 1275396000, "operatingIncomeRatio": 0.4759355854, "totalOtherIncomeExpensesNet": -29638000, "incomeBeforeTax": 1245758000, "incomeBeforeTaxRatio": 0.4648756645, "incomeTaxExpense": 230205000, "netIncome": 1012997000, "netIncomeRatio": 0.3780169612, "eps": 20.96, "epsdiluted": 20.96, "weightedAverageShsOut": 48271178, "weightedAverageShsOutDil": 48271178, "link": "", "finalLink": ""}, {"date": "2021-09-30", "symbol": "OMAB", "reportedCurrency": "MXN", "cik": "0001378239", "fillingDate": "2021-09-30", "acceptedDate": "2021-09-29 20:00:00", "calendarYear": "2021", "period": "Q3", "revenue": 2376867000, "costOfRevenue": 906459000, "grossProfit": 1470408000, "grossProfitRatio": 0.6186328474, "researchAndDevelopmentExpenses": 0, "generalAndAdministrativeExpenses": 155295000, "sellingAndMarketingExpenses": 0, "sellingGeneralAndAdministrativeExpenses": 155295000, "otherExpenses": 128602000, "operatingExpenses": 283897000, "costAndExpenses": 1190356000, "interestIncome": 32839000, "interestExpense": 129584000, "depreciationAndAmortization": 121454000, "ebitda": 1395636000, "ebitdaratio": 0.5871746295, "operatingIncome": 1186511000, "operatingIncomeRatio": 0.4991911621, "totalOtherIncomeExpensesNet": -41913000, "incomeBeforeTax": 1144598000, "incomeBeforeTaxRatio": 0.4815574452, "incomeTaxExpense": 332812000, "netIncome": 809333000, "netIncomeRatio": 0.3405041174, "eps": 16.64, "epsdiluted": 16.64, "weightedAverageShsOut": 48524343, "weightedAverageShsOutDil": 48524343, "link": "", "finalLink": ""}, {"date": "2021-06-30", "symbol": "OMAB", "reportedCurrency": "MXN", "cik": "0001378239", "fillingDate": "2021-06-30", "acceptedDate": "2021-06-29 20:00:00", "calendarYear": "2021", "period": "Q2", "revenue": 2180791000, "costOfRevenue": 882283000, "grossProfit": 1298508000, "grossProfitRatio": 0.5954298234, "researchAndDevelopmentExpenses": 0, "generalAndAdministrativeExpenses": 147639000, "sellingAndMarketingExpenses": 0, "sellingGeneralAndAdministrativeExpenses": 147639000, "otherExpenses": 114006000, "operatingExpenses": 261645000, "costAndExpenses": 1143928000, "interestIncome": 27334000, "interestExpense": 133821000, "depreciationAndAmortization": 119999000, "ebitda": 1184196000, "ebitdaratio": 0.5430121456, "operatingIncome": 1036863000, "operatingIncomeRatio": 0.4754527142, "totalOtherIncomeExpensesNet": -169309000, "incomeBeforeTax": 867554000, "incomeBeforeTaxRatio": 0.3978162052, "incomeTaxExpense": 247693000, "netIncome": 619926000, "netIncomeRatio": 0.2842665803, "eps": 12.72, "epsdiluted": 12.72, "weightedAverageShsOut": 48763944, "weightedAverageShsOutDil": 48763944, "link": "", "finalLink": ""}, {"date": "2021-03-31", "symbol": "OMAB", "reportedCurrency": "MXN", "cik": "0001378239", "fillingDate": "2021-03-31", "acceptedDate": "2021-03-30 20:00:00", "calendarYear": "2021", "period": "Q1", "revenue": 1482586000, "costOfRevenue": 660679000, "grossProfit": 821907000, "grossProfitRatio": 0.5543739115, "researchAndDevelopmentExpenses": 0, "generalAndAdministrativeExpenses": 133151000, "sellingAndMarketingExpenses": 0, "sellingGeneralAndAdministrativeExpenses": 133151000, "otherExpenses": 77137000, "operatingExpenses": 210288000, "costAndExpenses": 870967000, "interestIncome": 19771000, "interestExpense": 110488000, "depreciationAndAmortization": 118077000, "ebitda": 806464000, "ebitdaratio": 0.5439576524, "operatingIncome": 611619000, "operatingIncomeRatio": 0.4125352593, "totalOtherIncomeExpensesNet": -33720000, "incomeBeforeTax": 577899000, "incomeBeforeTaxRatio": 0.3897912162, "incomeTaxExpense": 161469000, "netIncome": 415009000, "netIncomeRatio": 0.2799223789, "eps": 8.48, "epsdiluted": 8.48, "weightedAverageShsOut": 48763944, "weightedAverageShsOutDil": 48763944, "link": "", "finalLink": ""}, {"date": "2020-12-31", "symbol": "OMAB", "reportedCurrency": "MXN", "cik": "0001378239", "fillingDate": "2020-12-31", "acceptedDate": "2020-12-30 19:00:00", "calendarYear": "2020", "period": "Q4", "revenue": 1622570000, "costOfRevenue": 887647000, "grossProfit": 734923000, "grossProfitRatio": 0.4529376236, "researchAndDevelopmentExpenses": 0, "generalAndAdministrativeExpenses": 129050000, "sellingAndMarketingExpenses": 0, "sellingGeneralAndAdministrativeExpenses": 129050000, "otherExpenses": 73694000, "operatingExpenses": 202744000, "costAndExpenses": 1090391000, "interestIncome": 18177000, "interestExpense": 104730000, "depreciationAndAmortization": 112476000, "ebitda": 662839000, "ebitdaratio": 0.4085118053, "operatingIncome": 532186000, "operatingIncomeRatio": 0.3279895474, "totalOtherIncomeExpensesNet": -269549000, "incomeBeforeTax": 262637000, "incomeBeforeTaxRatio": 0.1618648194, "incomeTaxExpense": 23346000, "netIncome": 239056000, "netIncomeRatio": 0.1473317022, "eps": 4.88, "epsdiluted": 4.88, "weightedAverageShsOut": 48763944, "weightedAverageShsOutDil": 48763944, "link": "", "finalLink": ""}, {"date": "2020-09-30", "symbol": "OMAB", "reportedCurrency": "MXN", "cik": "0001378239", "fillingDate": "2020-09-30", "acceptedDate": "2020-09-29 20:00:00", "calendarYear": "2020", "period": "Q3", "revenue": 1213460000, "costOfRevenue": 769839000, "grossProfit": 443621000, "grossProfitRatio": 0.365583538, "researchAndDevelopmentExpenses": 0, "generalAndAdministrativeExpenses": 127232000, "sellingAndMarketingExpenses": 0, "sellingGeneralAndAdministrativeExpenses": 127232000, "otherExpenses": 61206000, "operatingExpenses": 188438000, "costAndExpenses": 958277000, "interestIncome": 16210000, "interestExpense": 105279000, "depreciationAndAmortization": 108395000, "ebitda": 379788000, "ebitdaratio": 0.3129794142, "operatingIncome": 255183000, "operatingIncomeRatio": 0.2102937056, "totalOtherIncomeExpensesNet": -157908000, "incomeBeforeTax": 97275000, "incomeBeforeTaxRatio": 0.0801633346, "incomeTaxExpense": 27893000, "netIncome": 70045000, "netIncomeRatio": 0.0577233695, "eps": 1.44, "epsdiluted": 1.44, "weightedAverageShsOut": 48763944, "weightedAverageShsOutDil": 48763944, "link": "", "finalLink": ""}, {"date": "2020-06-30", "symbol": "OMAB", "reportedCurrency": "MXN", "cik": "0001378239", "fillingDate": "2020-06-30", "acceptedDate": "2020-06-29 20:00:00", "calendarYear": "2020", "period": "Q2", "revenue": 634939000, "costOfRevenue": 624359000, "grossProfit": 10580000, "grossProfitRatio": 0.016663018, "researchAndDevelopmentExpenses": 0, "generalAndAdministrativeExpenses": 132019000, "sellingAndMarketingExpenses": 0, "sellingGeneralAndAdministrativeExpenses": 132019000, "otherExpenses": 28471000, "operatingExpenses": 160490000, "costAndExpenses": 784849000, "interestIncome": 26834000, "interestExpense": 104413000, "depreciationAndAmortization": 106888000, "ebitda": -28752000, "ebitdaratio": -0.0452830902, "operatingIncome": -149910000, "operatingIncomeRatio": -0.2361014208, "totalOtherIncomeExpensesNet": -90143000, "incomeBeforeTax": -240053000, "incomeBeforeTaxRatio": -0.3780725393, "incomeTaxExpense": -58788000, "netIncome": -181265000, "netIncomeRatio": -0.2854841174, "eps": -3.68, "epsdiluted": -3.68, "weightedAverageShsOut": 48763944, "weightedAverageShsOutDil": 48763944, "link": "", "finalLink": ""}, {"date": "2020-03-31", "symbol": "OMAB", "reportedCurrency": "MXN", "cik": "0001378239", "fillingDate": "2020-03-31", "acceptedDate": "2020-03-30 20:00:00", "calendarYear": "2020", "period": "Q1", "revenue": 1896497000, "costOfRevenue": 565857000, "grossProfit": 1330640000, "grossProfitRatio": 0.701630427, "researchAndDevelopmentExpenses": 0, "generalAndAdministrativeExpenses": 129757000, "sellingAndMarketingExpenses": 0, "sellingGeneralAndAdministrativeExpenses": 129757000, "otherExpenses": 116874000, "operatingExpenses": 246631000, "costAndExpenses": 812488000, "interestIncome": 50668000, "interestExpense": 106077000, "depreciationAndAmortization": 107585000, "ebitda": 1586183000, "ebitdaratio": 0.8363751696, "operatingIncome": 1084009000, "operatingIncomeRatio": 0.5715848746, "totalOtherIncomeExpensesNet": 288512000, "incomeBeforeTax": 1372521000, "incomeBeforeTaxRatio": 0.7237137733, "incomeTaxExpense": 402050000, "netIncome": 965503000, "netIncomeRatio": 0.5090980898, "eps": 19.76, "epsdiluted": 19.76, "weightedAverageShsOut": 48865707, "weightedAverageShsOutDil": 48865707, "link": "", "finalLink": ""}, {"date": "2019-12-31", "symbol": "OMAB", "reportedCurrency": "MXN", "cik": "0001378239", "fillingDate": "2019-12-31", "acceptedDate": "2019-12-30 19:00:00", "calendarYear": "2019", "period": "Q4", "revenue": 2263117000, "costOfRevenue": 916799000, "grossProfit": 1346318000, "grossProfitRatio": 0.5948954473, "researchAndDevelopmentExpenses": 0, "generalAndAdministrativeExpenses": 145726000, "sellingAndMarketingExpenses": 0, "sellingGeneralAndAdministrativeExpenses": 145726000, "otherExpenses": 36076000, "operatingExpenses": 181802000, "costAndExpenses": 1098601000, "interestIncome": 41468000, "interestExpense": 95721000, "depreciationAndAmortization": 104019000, "ebitda": 1246560000, "ebitdaratio": 0.5508155345, "operatingIncome": 1164619000, "operatingIncomeRatio": 0.5146083919, "totalOtherIncomeExpensesNet": -117799000, "incomeBeforeTax": 1046820000, "incomeBeforeTaxRatio": 0.4625567304, "incomeTaxExpense": 285794000, "netIncome": 758052000, "netIncomeRatio": 0.3349592619, "eps": 15.52, "epsdiluted": 15.52, "weightedAverageShsOut": 48936698, "weightedAverageShsOutDil": 48936698, "link": "", "finalLink": ""}, {"date": "2019-09-30", "symbol": "OMAB", "reportedCurrency": "MXN", "cik": "0001378239", "fillingDate": "2019-09-30", "acceptedDate": "2019-09-29 20:00:00", "calendarYear": "2019", "period": "Q3", "revenue": 2155384000, "costOfRevenue": 603003000, "grossProfit": 1552381000, "grossProfitRatio": 0.7202340743, "researchAndDevelopmentExpenses": 0, "generalAndAdministrativeExpenses": 131735000, "sellingAndMarketingExpenses": 0, "sellingGeneralAndAdministrativeExpenses": 131735000, "otherExpenses": 134285000, "operatingExpenses": 266020000, "costAndExpenses": 869023000, "interestIncome": 30987000, "interestExpense": 105025000, "depreciationAndAmortization": 106839000, "ebitda": 1462003000, "ebitdaratio": 0.6783027989, "operatingIncome": 1286361000, "operatingIncomeRatio": 0.5968129113, "totalOtherIncomeExpensesNet": -36222000, "incomeBeforeTax": 1250139000, "incomeBeforeTaxRatio": 0.5800075532, "incomeTaxExpense": 392458000, "netIncome": 856287000, "netIncomeRatio": 0.3972781648, "eps": 17.44, "epsdiluted": 17.44, "weightedAverageShsOut": 49072991, "weightedAverageShsOutDil": 49072991, "link": "", "finalLink": ""}, {"date": "2019-06-30", "symbol": "OMAB", "reportedCurrency": "MXN", "cik": "0001378239", "fillingDate": "2019-06-30", "acceptedDate": "2019-06-29 20:00:00", "calendarYear": "2019", "period": "Q2", "revenue": 2166864000, "costOfRevenue": 619743000, "grossProfit": 1547121000, "grossProfitRatio": 0.7139908181, "researchAndDevelopmentExpenses": 0, "generalAndAdministrativeExpenses": 138551000, "sellingAndMarketingExpenses": 0, "sellingGeneralAndAdministrativeExpenses": 138551000, "otherExpenses": 132164000, "operatingExpenses": 270715000, "costAndExpenses": 890458000, "interestIncome": 43923000, "interestExpense": 86864000, "depreciationAndAmortization": 104307000, "ebitda": 1410221000, "ebitdaratio": 0.6508119568, "operatingIncome": 1276406000, "operatingIncomeRatio": 0.5890568121, "totalOtherIncomeExpensesNet": -57356000, "incomeBeforeTax": 1219050000, "incomeBeforeTaxRatio": 0.5625872228, "incomeTaxExpense": 370807000, "netIncome": 848871000, "netIncomeRatio": 0.3917509359, "eps": 17.28, "epsdiluted": 17.28, "weightedAverageShsOut": 49180808, "weightedAverageShsOutDil": 49180808, "link": "", "finalLink": ""}, {"date": "2019-03-31", "symbol": "OMAB", "reportedCurrency": "MXN", "cik": "0001378239", "fillingDate": "2019-03-31", "acceptedDate": "2019-03-30 20:00:00", "calendarYear": "2019", "period": "Q1", "revenue": 1941736000, "costOfRevenue": 570236000, "grossProfit": 1371500000, "grossProfitRatio": 0.7063267097, "researchAndDevelopmentExpenses": 0, "generalAndAdministrativeExpenses": 126652000, "sellingAndMarketingExpenses": 0, "sellingGeneralAndAdministrativeExpenses": 126652000, "otherExpenses": 116928000, "operatingExpenses": 243580000, "costAndExpenses": 813816000, "interestIncome": 54858000, "interestExpense": 88398000, "depreciationAndAmortization": 100087000, "ebitda": 1272132000, "ebitdaratio": 0.6551518847, "operatingIncome": 1127920000, "operatingIncomeRatio": 0.5808822621, "totalOtherIncomeExpensesNet": -44273000, "incomeBeforeTax": 1083647000, "incomeBeforeTaxRatio": 0.5580815312, "incomeTaxExpense": 323163000, "netIncome": 756588000, "netIncomeRatio": 0.3896451423, "eps": 15.36, "epsdiluted": 15.36, "weightedAverageShsOut": 49180808, "weightedAverageShsOutDil": 49180808, "link": "", "finalLink": ""}, {"date": "2018-12-31", "symbol": "OMAB", "reportedCurrency": "MXN", "cik": "0001378239", "fillingDate": "2018-12-31", "acceptedDate": "2018-12-30 19:00:00", "calendarYear": "2018", "period": "Q4", "revenue": 2021067000, "costOfRevenue": 991589000, "grossProfit": 1029478000, "grossProfitRatio": 0.5093735141, "researchAndDevelopmentExpenses": 0, "generalAndAdministrativeExpenses": 163365000, "sellingAndMarketingExpenses": 0, "sellingGeneralAndAdministrativeExpenses": 163365000, "otherExpenses": -192387000, "operatingExpenses": -29022000, "costAndExpenses": 962567000, "interestIncome": 94892000, "interestExpense": 81528000, "depreciationAndAmortization": 188489000, "ebitda": 1253982000, "ebitdaratio": 0.6204554327, "operatingIncome": 1058705000, "operatingIncomeRatio": 0.5238346873, "totalOtherIncomeExpensesNet": 19947000, "incomeBeforeTax": 1078652000, "incomeBeforeTaxRatio": 0.5337042265, "incomeTaxExpense": 259433000, "netIncome": 815799000, "netIncomeRatio": 0.4036476772, "eps": 16.56, "epsdiluted": 16.56, "weightedAverageShsOut": 49180808, "weightedAverageShsOutDil": 49180808, "link": "", "finalLink": ""}, {"date": "2018-09-30", "symbol": "OMAB", "reportedCurrency": "MXN", "cik": "0001378239", "fillingDate": "2018-09-30", "acceptedDate": "2018-09-29 20:00:00", "calendarYear": "2018", "period": "Q3", "revenue": 1966564000, "costOfRevenue": 621818000, "grossProfit": 1344746000, "grossProfitRatio": 0.6838048495, "researchAndDevelopmentExpenses": 0, "generalAndAdministrativeExpenses": 125063000, "sellingAndMarketingExpenses": 0, "sellingGeneralAndAdministrativeExpenses": 125063000, "otherExpenses": 129005000, "operatingExpenses": 254068000, "costAndExpenses": 875886000, "interestIncome": 27051000, "interestExpense": 76067000, "depreciationAndAmortization": 27051000, "ebitda": 1179071000, "ebitdaratio": 0.5995589261, "operatingIncome": 1090678000, "operatingIncomeRatio": 0.5546109865, "totalOtherIncomeExpensesNet": -78041000, "incomeBeforeTax": 1012637000, "incomeBeforeTaxRatio": 0.5149270504, "incomeTaxExpense": 287185000, "netIncome": 723006000, "netIncomeRatio": 0.367649362, "eps": 14.72, "epsdiluted": 14.72, "weightedAverageShsOut": 49180808, "weightedAverageShsOutDil": 49180808, "link": "", "finalLink": ""}, {"date": "2018-06-30", "symbol": "OMAB", "reportedCurrency": "MXN", "cik": "0001378239", "fillingDate": "2018-06-30", "acceptedDate": "2018-06-29 20:00:00", "calendarYear": "2018", "period": "Q2", "revenue": 1987487000, "costOfRevenue": 707140000, "grossProfit": 1280347000, "grossProfitRatio": 0.6442039621, "researchAndDevelopmentExpenses": 0, "generalAndAdministrativeExpenses": 119726000, "sellingAndMarketingExpenses": 0, "sellingGeneralAndAdministrativeExpenses": 119726000, "otherExpenses": 122382000, "operatingExpenses": 242108000, "costAndExpenses": 949248000, "interestIncome": 37261000, "interestExpense": 77681000, "depreciationAndAmortization": 123283000, "ebitda": 1204202000, "ebitdaratio": 0.6058917618, "operatingIncome": 1038239000, "operatingIncomeRatio": 0.5223878194, "totalOtherIncomeExpensesNet": 2260000, "incomeBeforeTax": 1040499000, "incomeBeforeTaxRatio": 0.5235249337, "incomeTaxExpense": 331055000, "netIncome": 704662000, "netIncomeRatio": 0.3545492373, "eps": 14.32, "epsdiluted": 14.32, "weightedAverageShsOut": 49180808, "weightedAverageShsOutDil": 49180808, "link": "", "finalLink": ""}, {"date": "2018-03-31", "symbol": "OMAB", "reportedCurrency": "MXN", "cik": "0001378239", "fillingDate": "2018-03-31", "acceptedDate": "2018-03-30 20:00:00", "calendarYear": "2018", "period": "Q1", "revenue": 1931936000, "costOfRevenue": 718415000, "grossProfit": 1213521000, "grossProfitRatio": 0.6281372675, "researchAndDevelopmentExpenses": 0, "generalAndAdministrativeExpenses": 154997000, "sellingAndMarketingExpenses": 0, "sellingGeneralAndAdministrativeExpenses": 154997000, "otherExpenses": 113611000, "operatingExpenses": 268608000, "costAndExpenses": 987023000, "interestIncome": 34887000, "interestExpense": 90281000, "depreciationAndAmortization": 116441000, "ebitda": 1025629000, "ebitdaratio": 0.5308814578, "operatingIncome": 944913000, "operatingIncomeRatio": 0.4891016059, "totalOtherIncomeExpensesNet": -91120000, "incomeBeforeTax": 853793000, "incomeBeforeTaxRatio": 0.4419364824, "incomeTaxExpense": 243730000, "netIncome": 608355000, "netIncomeRatio": 0.3148939716, "eps": 12.4, "epsdiluted": 12.4, "weightedAverageShsOut": 49180808, "weightedAverageShsOutDil": 49180808, "link": "", "finalLink": ""}, {"date": "2017-12-31", "symbol": "OMAB", "reportedCurrency": "MXN", "cik": "0001378239", "fillingDate": "2017-12-31", "acceptedDate": "2017-12-30 19:00:00", "calendarYear": "2017", "period": "Q4", "revenue": 1887761000, "costOfRevenue": 815579000, "grossProfit": 1072182000, "grossProfitRatio": 0.5679649066, "researchAndDevelopmentExpenses": 0, "generalAndAdministrativeExpenses": 146277000, "sellingAndMarketingExpenses": 0, "sellingGeneralAndAdministrativeExpenses": 146277000, "otherExpenses": 95849000, "operatingExpenses": 242126000, "costAndExpenses": 1057705000, "interestIncome": 37295000, "interestExpense": 79453000, "depreciationAndAmortization": 37295000, "ebitda": 965526000, "ebitdaratio": 0.511466229, "operatingIncome": 830056000, "operatingIncomeRatio": 0.4397039668, "totalOtherIncomeExpensesNet": 18722000, "incomeBeforeTax": 848778000, "incomeBeforeTaxRatio": 0.4496215358, "incomeTaxExpense": 224241000, "netIncome": 621000000, "netIncomeRatio": 0.3289611344, "eps": 12.64, "epsdiluted": 12.64, "weightedAverageShsOut": 49180808, "weightedAverageShsOutDil": 49180808, "link": "", "finalLink": ""}, {"date": "2017-06-30", "symbol": "OMAB", "reportedCurrency": "MXN", "cik": "0001378239", "fillingDate": "2017-06-30", "acceptedDate": "2017-06-29 20:00:00", "calendarYear": "2017", "period": "Q2", "revenue": 1739346000, "costOfRevenue": 701429000, "grossProfit": 1037917000, "grossProfitRatio": 0.5967283105, "researchAndDevelopmentExpenses": 0, "generalAndAdministrativeExpenses": 147132000, "sellingAndMarketingExpenses": 0, "sellingGeneralAndAdministrativeExpenses": 147132000, "otherExpenses": 100924000, "operatingExpenses": 248056000, "costAndExpenses": 949485000, "interestIncome": 41491000, "interestExpense": 92433000, "depreciationAndAmortization": 114529000, "ebitda": 865026000, "ebitdaratio": 0.4973283062, "operatingIncome": 789861000, "operatingIncomeRatio": 0.4541137876, "totalOtherIncomeExpensesNet": -90306000, "incomeBeforeTax": 699554000, "incomeBeforeTaxRatio": 0.4021936981, "incomeTaxExpense": 190054000, "netIncome": 507269000, "netIncomeRatio": 0.2916435258, "eps": 10.32, "epsdiluted": 10.32, "weightedAverageShsOut": 49221371, "weightedAverageShsOutDil": 49221371, "link": "", "finalLink": ""}, {"date": "2017-03-31", "symbol": "OMAB", "reportedCurrency": "MXN", "cik": "0001378239", "fillingDate": "2017-03-31", "acceptedDate": "2017-03-30 20:00:00", "calendarYear": "2017", "period": "Q1", "revenue": 1618621000, "costOfRevenue": 624026000, "grossProfit": 994595000, "grossProfitRatio": 0.6144705895, "researchAndDevelopmentExpenses": 0, "generalAndAdministrativeExpenses": 145216000, "sellingAndMarketingExpenses": 0, "sellingGeneralAndAdministrativeExpenses": 145216000, "otherExpenses": 99082000, "operatingExpenses": 244298000, "costAndExpenses": 868324000, "interestIncome": 24889000, "interestExpense": 91592000, "depreciationAndAmortization": 96590000, "ebitda": 846887000, "ebitdaratio": 0.5232151319, "operatingIncome": 750297000, "operatingIncomeRatio": 0.4635408783, "totalOtherIncomeExpensesNet": -144806000, "incomeBeforeTax": 605491000, "incomeBeforeTaxRatio": 0.3740783049, "incomeTaxExpense": 181977000, "netIncome": 420635000, "netIncomeRatio": 0.259872447, "eps": 8.56, "epsdiluted": 8.56, "weightedAverageShsOut": 49221371, "weightedAverageShsOutDil": 49221371, "link": "", "finalLink": ""}, {"date": "2016-12-31", "symbol": "OMAB", "reportedCurrency": "MXN", "cik": "0001378239", "fillingDate": "2016-12-31", "acceptedDate": "2016-12-30 19:00:00", "calendarYear": "2016", "period": "Q4", "revenue": 1587120000, "costOfRevenue": 799820000, "grossProfit": 787300000, "grossProfitRatio": 0.4960557488, "researchAndDevelopmentExpenses": 0, "generalAndAdministrativeExpenses": 199284000, "sellingAndMarketingExpenses": 0, "sellingGeneralAndAdministrativeExpenses": 199284000, "otherExpenses": -119236000, "operatingExpenses": 80048000, "costAndExpenses": 879868000, "interestIncome": 145104000, "interestExpense": 87196000, "depreciationAndAmortization": 191153000, "ebitda": 928353000, "ebitdaratio": 0.5849293059, "operatingIncome": 729502000, "operatingIncomeRatio": 0.4596388427, "totalOtherIncomeExpensesNet": 43356000, "incomeBeforeTax": 772858000, "incomeBeforeTaxRatio": 0.4869562478, "incomeTaxExpense": 202708000, "netIncome": 567575000, "netIncomeRatio": 0.3576131609, "eps": 11.52, "epsdiluted": 11.52, "weightedAverageShsOut": 49159706, "weightedAverageShsOutDil": 49159706, "link": "", "finalLink": ""}, {"date": "2016-09-30", "symbol": "OMAB", "reportedCurrency": "MXN", "cik": "0001378239", "fillingDate": "2016-09-30", "acceptedDate": "2016-09-29 20:00:00", "calendarYear": "2016", "period": "Q3", "revenue": 1496554000, "costOfRevenue": 463229000, "grossProfit": 1033325000, "grossProfitRatio": 0.6904695721, "researchAndDevelopmentExpenses": 0, "generalAndAdministrativeExpenses": 151131000, "sellingAndMarketingExpenses": 0, "sellingGeneralAndAdministrativeExpenses": 151131000, "otherExpenses": 81573000, "operatingExpenses": 232704000, "costAndExpenses": 695933000, "interestIncome": 19031000, "interestExpense": 82678000, "depreciationAndAmortization": 90863000, "ebitda": 891484000, "ebitdaratio": 0.5956911678, "operatingIncome": 800621000, "operatingIncomeRatio": 0.5349763523, "totalOtherIncomeExpensesNet": -101833000, "incomeBeforeTax": 698788000, "incomeBeforeTaxRatio": 0.4669313637, "incomeTaxExpense": 211758000, "netIncome": 482974000, "netIncomeRatio": 0.3227240714, "eps": 9.84, "epsdiluted": 9.84, "weightedAverageShsOut": 49126570, "weightedAverageShsOutDil": 49126570, "link": "", "finalLink": ""}, {"date": "2016-06-30", "symbol": "OMAB", "reportedCurrency": "MXN", "cik": "0001378239", "fillingDate": "2016-06-30", "acceptedDate": "2016-06-29 20:00:00", "calendarYear": "2016", "period": "Q2", "revenue": 1338763000, "costOfRevenue": 440320000, "grossProfit": 898443000, "grossProfitRatio": 0.6710993656, "researchAndDevelopmentExpenses": 0, "generalAndAdministrativeExpenses": 154365000, "sellingAndMarketingExpenses": 0, "sellingGeneralAndAdministrativeExpenses": 154365000, "otherExpenses": 83827000, "operatingExpenses": 238192000, "costAndExpenses": 678512000, "interestIncome": 20975000, "interestExpense": 80570000, "depreciationAndAmortization": 88539000, "ebitda": 776418000, "ebitdaratio": 0.5799517913, "operatingIncome": 660250000, "operatingIncomeRatio": 0.4931791512, "totalOtherIncomeExpensesNet": -31966000, "incomeBeforeTax": 628284000, "incomeBeforeTaxRatio": 0.4693018854, "incomeTaxExpense": 182775000, "netIncome": 447052000, "netIncomeRatio": 0.333929157, "eps": 9.12, "epsdiluted": 9.12, "weightedAverageShsOut": 49023158, "weightedAverageShsOutDil": 49023158, "link": "", "finalLink": ""}, {"date": "2016-03-31", "symbol": "OMAB", "reportedCurrency": "MXN", "cik": "0001378239", "fillingDate": "2016-03-31", "acceptedDate": "2016-03-30 20:00:00", "calendarYear": "2016", "period": "Q1", "revenue": 1127832000, "costOfRevenue": 325264000, "grossProfit": 802568000, "grossProfitRatio": 0.7116024372, "researchAndDevelopmentExpenses": 0, "generalAndAdministrativeExpenses": 137565000, "sellingAndMarketingExpenses": 0, "sellingGeneralAndAdministrativeExpenses": 137565000, "otherExpenses": 71823000, "operatingExpenses": 209388000, "costAndExpenses": 534652000, "interestIncome": 14490000, "interestExpense": 80250000, "depreciationAndAmortization": 83429000, "ebitda": 672542000, "ebitdaratio": 0.59631399, "operatingIncome": 593181000, "operatingIncomeRatio": 0.5259480135, "totalOtherIncomeExpensesNet": -69828000, "incomeBeforeTax": 523353000, "incomeBeforeTaxRatio": 0.4640345371, "incomeTaxExpense": 149541000, "netIncome": 372586000, "netIncomeRatio": 0.3303559395, "eps": 7.6, "epsdiluted": 7.6, "weightedAverageShsOut": 49019547, "weightedAverageShsOutDil": 49019547, "link": "", "finalLink": ""}, {"date": "2015-12-31", "symbol": "OMAB", "reportedCurrency": "MXN", "cik": "0001378239", "fillingDate": "2015-12-31", "acceptedDate": "2015-12-30 19:00:00", "calendarYear": "2015", "period": "Q4", "revenue": 1229428000, "costOfRevenue": 584450000, "grossProfit": 644978000, "grossProfitRatio": 0.5246163256, "researchAndDevelopmentExpenses": 0, "generalAndAdministrativeExpenses": 161061000, "sellingAndMarketingExpenses": 0, "sellingGeneralAndAdministrativeExpenses": 161061000, "otherExpenses": -124610000, "operatingExpenses": 36451000, "costAndExpenses": 620901000, "interestIncome": 25115000, "interestExpense": 92840000, "depreciationAndAmortization": 86754000, "ebitda": 706558000, "ebitdaratio": 0.5747046594, "operatingIncome": 608667000, "operatingIncomeRatio": 0.4950814525, "totalOtherIncomeExpensesNet": -56728000, "incomeBeforeTax": 551939000, "incomeBeforeTaxRatio": 0.4489396695, "incomeTaxExpense": 155844000, "netIncome": 395676000, "netIncomeRatio": 0.3218374724, "eps": 8.08, "epsdiluted": 8.08, "weightedAverageShsOut": 49162753, "weightedAverageShsOutDil": 49162753, "link": "", "finalLink": ""}, {"date": "2015-09-30", "symbol": "OMAB", "reportedCurrency": "MXN", "cik": "0001378239", "fillingDate": "2015-09-30", "acceptedDate": "2015-09-29 20:00:00", "calendarYear": "2015", "period": "Q3", "revenue": 1143123000, "costOfRevenue": 402861000, "grossProfit": 740262000, "grossProfitRatio": 0.647578607, "researchAndDevelopmentExpenses": 0, "generalAndAdministrativeExpenses": 133645000, "sellingAndMarketingExpenses": 0, "sellingGeneralAndAdministrativeExpenses": 133645000, "otherExpenses": 65376000, "operatingExpenses": 199021000, "costAndExpenses": 601882000, "interestIncome": 16892000, "interestExpense": 80541000, "depreciationAndAmortization": 76523000, "ebitda": 599057000, "ebitdaratio": 0.5240529672, "operatingIncome": 541242000, "operatingIncomeRatio": 0.4734766075, "totalOtherIncomeExpensesNet": -82358000, "incomeBeforeTax": 458884000, "incomeBeforeTaxRatio": 0.4014301173, "incomeTaxExpense": 153315000, "netIncome": 304820000, "netIncomeRatio": 0.2666554693, "eps": 6.24, "epsdiluted": 6.24, "weightedAverageShsOut": 49097223, "weightedAverageShsOutDil": 49097223, "link": "", "finalLink": ""}, {"date": "2015-06-30", "symbol": "OMAB", "reportedCurrency": "MXN", "cik": "0001378239", "fillingDate": "2015-06-30", "acceptedDate": "2015-06-29 20:00:00", "calendarYear": "2015", "period": "Q2", "revenue": 1098744000, "costOfRevenue": 424354000, "grossProfit": 674390000, "grossProfitRatio": 0.6137826464, "researchAndDevelopmentExpenses": 0, "generalAndAdministrativeExpenses": 138882000, "sellingAndMarketingExpenses": 0, "sellingGeneralAndAdministrativeExpenses": 138882000, "otherExpenses": 83987000, "operatingExpenses": 222869000, "costAndExpenses": 647223000, "interestIncome": 20332000, "interestExpense": 77030000, "depreciationAndAmortization": 79194000, "ebitda": 526898000, "ebitdaratio": 0.4795457359, "operatingIncome": 451521000, "operatingIncomeRatio": 0.4109428584, "totalOtherIncomeExpensesNet": -60513000, "incomeBeforeTax": 391008000, "incomeBeforeTaxRatio": 0.3558681549, "incomeTaxExpense": 114159000, "netIncome": 276289000, "netIncomeRatio": 0.2514589386, "eps": 5.6, "epsdiluted": 5.6, "weightedAverageShsOut": 49332714, "weightedAverageShsOutDil": 49332714, "link": "", "finalLink": ""}, {"date": "2015-03-31", "symbol": "OMAB", "reportedCurrency": "MXN", "cik": "0001378239", "fillingDate": "2015-03-31", "acceptedDate": "2015-03-30 20:00:00", "calendarYear": "2015", "period": "Q1", "revenue": 1021363000, "costOfRevenue": 395450000, "grossProfit": 625913000, "grossProfitRatio": 0.6128212986, "researchAndDevelopmentExpenses": 0, "generalAndAdministrativeExpenses": 128345000, "sellingAndMarketingExpenses": 0, "sellingGeneralAndAdministrativeExpenses": 128345000, "otherExpenses": 62445000, "operatingExpenses": 190790000, "costAndExpenses": 586240000, "interestIncome": 18401000, "interestExpense": 79590000, "depreciationAndAmortization": 76938000, "ebitda": 512061000, "ebitdaratio": 0.5013506461, "operatingIncome": 435123000, "operatingIncomeRatio": 0.4260218943, "totalOtherIncomeExpensesNet": -88207000, "incomeBeforeTax": 346910000, "incomeBeforeTaxRatio": 0.3396539722, "incomeTaxExpense": 88792000, "netIncome": 256988000, "netIncomeRatio": 0.2516127958, "eps": 5.28, "epsdiluted": 5.28, "weightedAverageShsOut": 48866599, "weightedAverageShsOutDil": 48866599, "link": "", "finalLink": ""}, {"date": "2014-12-31", "symbol": "OMAB", "reportedCurrency": "MXN", "cik": "0001378239", "fillingDate": "2014-12-31", "acceptedDate": "2014-12-30 19:00:00", "calendarYear": "2014", "period": "Q4", "revenue": 991858000, "costOfRevenue": 591161000, "grossProfit": 400697000, "grossProfitRatio": 0.4039862561, "researchAndDevelopmentExpenses": 0, "generalAndAdministrativeExpenses": 149899000, "sellingAndMarketingExpenses": 0, "sellingGeneralAndAdministrativeExpenses": 149899000, "otherExpenses": -98843000, "operatingExpenses": 51056000, "costAndExpenses": 642217000, "interestIncome": 19672000, "interestExpense": 74296000, "depreciationAndAmortization": 85712000, "ebitda": 433702000, "ebitdaratio": 0.4372621887, "operatingIncome": 347990000, "operatingIncomeRatio": 0.350846593, "totalOtherIncomeExpensesNet": -87774000, "incomeBeforeTax": 260216000, "incomeBeforeTaxRatio": 0.2623520706, "incomeTaxExpense": -24193000, "netIncome": 283703000, "netIncomeRatio": 0.2860318715, "eps": 5.76, "epsdiluted": 5.76, "weightedAverageShsOut": 49214117, "weightedAverageShsOutDil": 49214117, "link": "", "finalLink": ""}, {"date": "2014-09-30", "symbol": "OMAB", "reportedCurrency": "MXN", "cik": "0001378239", "fillingDate": "2014-09-30", "acceptedDate": "2014-09-29 20:00:00", "calendarYear": "2014", "period": "Q3", "revenue": 1002253000, "costOfRevenue": 379985000, "grossProfit": 622268000, "grossProfitRatio": 0.6208691817, "researchAndDevelopmentExpenses": 0, "generalAndAdministrativeExpenses": 128745000, "sellingAndMarketingExpenses": 0, "sellingGeneralAndAdministrativeExpenses": 128745000, "otherExpenses": 44686000, "operatingExpenses": 173431000, "costAndExpenses": 553416000, "interestIncome": 27607000, "interestExpense": 89514000, "depreciationAndAmortization": 82103000, "ebitda": 524813000, "ebitdaratio": 0.5236332543, "operatingIncome": 448837000, "operatingIncomeRatio": 0.4478280434, "totalOtherIncomeExpensesNet": -68034000, "incomeBeforeTax": 380804000, "incomeBeforeTaxRatio": 0.3799479772, "incomeTaxExpense": 110165000, "netIncome": 269604000, "netIncomeRatio": 0.2689979476, "eps": 5.44, "epsdiluted": 5.44, "weightedAverageShsOut": 49609489, "weightedAverageShsOutDil": 49609489, "link": "", "finalLink": ""}, {"date": "2014-06-30", "symbol": "OMAB", "reportedCurrency": "MXN", "cik": "0001378239", "fillingDate": "2014-06-30", "acceptedDate": "2014-06-29 20:00:00", "calendarYear": "2014", "period": "Q2", "revenue": 896140000, "costOfRevenue": 337399000, "grossProfit": 558741000, "grossProfitRatio": 0.6234974446, "researchAndDevelopmentExpenses": 0, "generalAndAdministrativeExpenses": 133058000, "sellingAndMarketingExpenses": 0, "sellingGeneralAndAdministrativeExpenses": 133058000, "otherExpenses": 63861000, "operatingExpenses": 196919000, "costAndExpenses": 534318000, "interestIncome": 15431000, "interestExpense": 55717000, "depreciationAndAmortization": 68573000, "ebitda": 430150000, "ebitdaratio": 0.4800031245, "operatingIncome": 361822000, "operatingIncomeRatio": 0.4037561095, "totalOtherIncomeExpensesNet": -39045000, "incomeBeforeTax": 322778000, "incomeBeforeTaxRatio": 0.3601870243, "incomeTaxExpense": 108718000, "netIncome": 214061000, "netIncomeRatio": 0.2388700426, "eps": 4.32, "epsdiluted": 4.32, "weightedAverageShsOut": 49676408, "weightedAverageShsOutDil": 49676408, "link": "", "finalLink": ""}, {"date": "2014-03-31", "symbol": "OMAB", "reportedCurrency": "MXN", "cik": "0001378239", "fillingDate": "2014-03-31", "acceptedDate": "2014-03-30 20:00:00", "calendarYear": "2014", "period": "Q1", "revenue": 839437000, "costOfRevenue": 405069000, "grossProfit": 434368000, "grossProfitRatio": 0.5174515777, "researchAndDevelopmentExpenses": 0, "generalAndAdministrativeExpenses": 123279000, "sellingAndMarketingExpenses": 0, "sellingGeneralAndAdministrativeExpenses": 123279000, "otherExpenses": 0, "operatingExpenses": 123279000, "costAndExpenses": 528348000, "interestIncome": 14437000, "interestExpense": 44842000, "depreciationAndAmortization": 82786000, "ebitda": 392306000, "ebitdaratio": 0.4673441843, "operatingIncome": 310342000, "operatingIncomeRatio": 0.3697025506, "totalOtherIncomeExpensesNet": -14834000, "incomeBeforeTax": 295509000, "incomeBeforeTaxRatio": 0.3520323741, "incomeTaxExpense": 37655000, "netIncome": 257326000, "netIncomeRatio": 0.306545935, "eps": 5.2, "epsdiluted": 5.2, "weightedAverageShsOut": 49768948, "weightedAverageShsOutDil": 49768948, "link": "", "finalLink": ""}, {"date": "2013-12-31", "symbol": "OMAB", "reportedCurrency": "MXN", "cik": "0001378239", "fillingDate": "2013-12-31", "acceptedDate": "2013-12-30 19:00:00", "calendarYear": "2013", "period": "Q4", "revenue": 933358000, "costOfRevenue": 514610000, "grossProfit": 418748000, "grossProfitRatio": 0.4486467143, "researchAndDevelopmentExpenses": 0, "generalAndAdministrativeExpenses": 0, "sellingAndMarketingExpenses": 0, "sellingGeneralAndAdministrativeExpenses": 0, "otherExpenses": 182682000, "operatingExpenses": 182682000, "costAndExpenses": 697292000, "interestIncome": 18638000, "interestExpense": 76967000, "depreciationAndAmortization": 46010000, "ebitda": 287743000, "ebitdaratio": 0.3082879238, "operatingIncome": 241733000, "operatingIncomeRatio": 0.258992798, "totalOtherIncomeExpensesNet": -56075000, "incomeBeforeTax": 185658000, "incomeBeforeTaxRatio": 0.1989140287, "incomeTaxExpense": -346387000, "netIncome": 531394000, "netIncomeRatio": 0.5693356676, "eps": 10.64, "epsdiluted": 10.64, "weightedAverageShsOut": 50070341, "weightedAverageShsOutDil": 50070341, "link": "", "finalLink": ""}, {"date": "2013-09-30", "symbol": "OMAB", "reportedCurrency": "MXN", "cik": "0001378239", "fillingDate": "2013-09-30", "acceptedDate": "2013-09-29 20:00:00", "calendarYear": "2013", "period": "Q3", "revenue": 869279000, "costOfRevenue": 391649000, "grossProfit": 477630000, "grossProfitRatio": 0.5494553532, "researchAndDevelopmentExpenses": 0, "generalAndAdministrativeExpenses": 129230000, "sellingAndMarketingExpenses": 0, "sellingGeneralAndAdministrativeExpenses": 129230000, "otherExpenses": 0, "operatingExpenses": 129230000, "costAndExpenses": 520879000, "interestIncome": 16905000, "interestExpense": 49274000, "depreciationAndAmortization": 67352000, "ebitda": 421729000, "ebitdaratio": 0.4851480365, "operatingIncome": 351583000, "operatingIncomeRatio": 0.4044535759, "totalOtherIncomeExpensesNet": -30180000, "incomeBeforeTax": 321403000, "incomeBeforeTaxRatio": 0.3697351483, "incomeTaxExpense": 93832000, "netIncome": 227407000, "netIncomeRatio": 0.261604157, "eps": 4.56, "epsdiluted": 4.56, "weightedAverageShsOut": 50259139, "weightedAverageShsOutDil": 50259139, "link": "", "finalLink": ""}, {"date": "2013-06-30", "symbol": "OMAB", "reportedCurrency": "MXN", "cik": "0001378239", "fillingDate": "2013-06-30", "acceptedDate": "2013-06-29 20:00:00", "calendarYear": "2013", "period": "Q2", "revenue": 827768000, "costOfRevenue": 402081000, "grossProfit": 425687000, "grossProfitRatio": 0.5142588261, "researchAndDevelopmentExpenses": 0, "generalAndAdministrativeExpenses": 131379000, "sellingAndMarketingExpenses": 0, "sellingGeneralAndAdministrativeExpenses": 131379000, "otherExpenses": 0, "operatingExpenses": 131379000, "costAndExpenses": 533460000, "interestIncome": 22551000, "interestExpense": 47998000, "depreciationAndAmortization": 72697000, "ebitda": 366459000, "ebitdaratio": 0.4427073769, "operatingIncome": 313802000, "operatingIncomeRatio": 0.3790941423, "totalOtherIncomeExpensesNet": -45487000, "incomeBeforeTax": 268315000, "incomeBeforeTaxRatio": 0.324142755, "incomeTaxExpense": 52581000, "netIncome": 215139000, "netIncomeRatio": 0.2599025331, "eps": 4.32, "epsdiluted": 4.32, "weightedAverageShsOut": 49890940, "weightedAverageShsOutDil": 49890940, "link": "", "finalLink": ""}, {"date": "2013-03-31", "symbol": "OMAB", "reportedCurrency": "MXN", "cik": "0001378239", "fillingDate": "2013-03-31", "acceptedDate": "2013-03-30 20:00:00", "calendarYear": "2013", "period": "Q1", "revenue": 787652000, "costOfRevenue": 331954000, "grossProfit": 455698000, "grossProfitRatio": 0.5785524572, "researchAndDevelopmentExpenses": 0, "generalAndAdministrativeExpenses": 105770000, "sellingAndMarketingExpenses": 0, "sellingGeneralAndAdministrativeExpenses": 105770000, "otherExpenses": 47650000, "operatingExpenses": 153420000, "costAndExpenses": 485374000, "interestIncome": 14629000, "interestExpense": 20564000, "depreciationAndAmortization": 49367000, "ebitda": 351645000, "ebitdaratio": 0.4464471619, "operatingIncome": 302278000, "operatingIncomeRatio": 0.3837710055, "totalOtherIncomeExpensesNet": -11164000, "incomeBeforeTax": 291114000, "incomeBeforeTaxRatio": 0.3695972333, "incomeTaxExpense": 65097000, "netIncome": 225686000, "netIncomeRatio": 0.286530092, "eps": 4.56, "epsdiluted": 4.56, "weightedAverageShsOut": 49819902, "weightedAverageShsOutDil": 49819902, "link": "", "finalLink": ""}, {"date": "2012-12-31", "symbol": "OMAB", "reportedCurrency": "MXN", "cik": "0001378239", "fillingDate": "2012-12-31", "acceptedDate": "2012-12-30 19:00:00", "calendarYear": "2012", "period": "Q4", "revenue": 917001000, "costOfRevenue": 441471000, "grossProfit": 475530000, "grossProfitRatio": 0.5185708631, "researchAndDevelopmentExpenses": 0, "generalAndAdministrativeExpenses": 0, "sellingAndMarketingExpenses": 0, "sellingGeneralAndAdministrativeExpenses": 0, "otherExpenses": 181833000, "operatingExpenses": 181833000, "costAndExpenses": 623304000, "interestIncome": 9459000, "interestExpense": 28708000, "depreciationAndAmortization": 59798000, "ebitda": 349812000, "ebitdaratio": 0.381473957, "operatingIncome": 292386000, "operatingIncomeRatio": 0.3188502521, "totalOtherIncomeExpensesNet": -20310000, "incomeBeforeTax": 272076000, "incomeBeforeTaxRatio": 0.2967019665, "incomeTaxExpense": 15515000, "netIncome": 248411000, "netIncomeRatio": 0.2708950154, "eps": 4.96, "epsdiluted": 4.96, "weightedAverageShsOut": 49851210, "weightedAverageShsOutDil": 49851210, "link": "", "finalLink": ""}, {"date": "2012-09-30", "symbol": "OMAB", "reportedCurrency": "MXN", "cik": "0001378239", "fillingDate": "2012-09-30", "acceptedDate": "2012-09-29 20:00:00", "calendarYear": "2012", "period": "Q3", "revenue": 798306000, "costOfRevenue": 350936000, "grossProfit": 447370000, "grossProfitRatio": 0.5603991452, "researchAndDevelopmentExpenses": 0, "generalAndAdministrativeExpenses": 0, "sellingAndMarketingExpenses": 0, "sellingGeneralAndAdministrativeExpenses": 0, "otherExpenses": 109570000, "operatingExpenses": 109570000, "costAndExpenses": 460506000, "interestIncome": 4911000, "interestExpense": 27277000, "depreciationAndAmortization": 51043000, "ebitda": 388843000, "ebitdaratio": 0.4870851528, "operatingIncome": 337800000, "operatingIncomeRatio": 0.4231460117, "totalOtherIncomeExpensesNet": -13054000, "incomeBeforeTax": 324746000, "incomeBeforeTaxRatio": 0.4067938861, "incomeTaxExpense": 106754000, "netIncome": 217654000, "netIncomeRatio": 0.2726448254, "eps": 4.4, "epsdiluted": 4.4, "weightedAverageShsOut": 49890940, "weightedAverageShsOutDil": 49890940, "link": "", "finalLink": ""}, {"date": "2012-06-30", "symbol": "OMAB", "reportedCurrency": "MXN", "cik": "0001378239", "fillingDate": "2012-06-30", "acceptedDate": "2012-06-29 20:00:00", "calendarYear": "2012", "period": "Q2", "revenue": 721531000, "costOfRevenue": 334336000, "grossProfit": 387195000, "grossProfitRatio": 0.5366297498, "researchAndDevelopmentExpenses": 0, "generalAndAdministrativeExpenses": 0, "sellingAndMarketingExpenses": 0, "sellingGeneralAndAdministrativeExpenses": 123165000, "otherExpenses": -1490000, "operatingExpenses": 121675000, "costAndExpenses": 456011000, "interestIncome": 8062000, "interestExpense": 25569000, "depreciationAndAmortization": 54807000, "ebitda": 320327000, "ebitdaratio": 0.443954591, "operatingIncome": 265520000, "operatingIncomeRatio": 0.3679952767, "totalOtherIncomeExpensesNet": -27959000, "incomeBeforeTax": 237561000, "incomeBeforeTaxRatio": 0.3292457289, "incomeTaxExpense": 76915000, "netIncome": 159062000, "netIncomeRatio": 0.2204506806, "eps": 3.2, "epsdiluted": 3.2, "weightedAverageShsOut": 49954375, "weightedAverageShsOutDil": 49954375, "link": "", "finalLink": ""}, {"date": "2012-03-31", "symbol": "OMAB", "reportedCurrency": "MXN", "cik": "0001378239", "fillingDate": "2012-03-31", "acceptedDate": "2012-03-30 20:00:00", "calendarYear": "2012", "period": "Q1", "revenue": 704501000, "costOfRevenue": 212911000, "grossProfit": 491590000, "grossProfitRatio": 0.6977846731, "researchAndDevelopmentExpenses": 0, "generalAndAdministrativeExpenses": 100465000, "sellingAndMarketingExpenses": 0, "sellingGeneralAndAdministrativeExpenses": 100465000, "otherExpenses": 126654000, "operatingExpenses": 227119000, "costAndExpenses": 440030000, "interestIncome": 0, "interestExpense": 16960000, "depreciationAndAmortization": 44900000, "ebitda": 309369000, "ebitdaratio": 0.4391320949, "operatingIncome": 264469000, "operatingIncomeRatio": 0.3753990413, "totalOtherIncomeExpensesNet": 8408000, "incomeBeforeTax": 272878000, "incomeBeforeTaxRatio": 0.3873351493, "incomeTaxExpense": 88989000, "netIncome": 184280000, "netIncomeRatio": 0.2615752142, "eps": 3.68, "epsdiluted": 3.68, "weightedAverageShsOut": 49866384, "weightedAverageShsOutDil": 49866384, "link": "", "finalLink": ""}, {"date": "2011-12-31", "symbol": "OMAB", "reportedCurrency": "MXN", "cik": "0001378239", "fillingDate": "2011-12-31", "acceptedDate": "2011-12-30 19:00:00", "calendarYear": "2011", "period": "Q4", "revenue": 858739000, "costOfRevenue": 202618000, "grossProfit": 656121000, "grossProfitRatio": 0.7640517084, "researchAndDevelopmentExpenses": 0, "generalAndAdministrativeExpenses": 0, "sellingAndMarketingExpenses": 0, "sellingGeneralAndAdministrativeExpenses": 159948000, "otherExpenses": 125395000, "operatingExpenses": 285343000, "costAndExpenses": 487961000, "interestIncome": -23304000, "interestExpense": 62804000, "depreciationAndAmortization": 31935000, "ebitda": 402713000, "ebitdaratio": 0.4689585543, "operatingIncome": 370778000, "operatingIncomeRatio": 0.4317703051, "totalOtherIncomeExpensesNet": -74616000, "incomeBeforeTax": 296162000, "incomeBeforeTaxRatio": 0.3448801091, "incomeTaxExpense": 155273000, "netIncome": 139133000, "netIncomeRatio": 0.1620201249, "eps": 2.16, "epsdiluted": 2.16, "weightedAverageShsOut": 64387679, "weightedAverageShsOutDil": 64387679, "link": "", "finalLink": ""}, {"date": "2011-09-30", "symbol": "OMAB", "reportedCurrency": "MXN", "cik": "0001378239", "fillingDate": "2011-09-30", "acceptedDate": "2011-09-29 20:00:00", "calendarYear": "2011", "period": "Q3", "revenue": 676105000, "costOfRevenue": 402054000, "grossProfit": 274051000, "grossProfitRatio": 0.4053379283, "researchAndDevelopmentExpenses": 0, "generalAndAdministrativeExpenses": 0, "sellingAndMarketingExpenses": 0, "sellingGeneralAndAdministrativeExpenses": 97351000, "otherExpenses": 69129000, "operatingExpenses": 166480000, "costAndExpenses": 568534000, "interestIncome": 5270000, "interestExpense": 10860000, "depreciationAndAmortization": 40386000, "ebitda": 265325000, "ebitdaratio": 0.3924316489, "operatingIncome": 107571000, "operatingIncomeRatio": 0.1591039853, "totalOtherIncomeExpensesNet": 91905000, "incomeBeforeTax": 96712000, "incomeBeforeTaxRatio": 0.1430428706, "incomeTaxExpense": 8233000, "netIncome": 88478000, "netIncomeRatio": 0.1308642888, "eps": 1.12, "epsdiluted": 1.12, "weightedAverageShsOut": 78895454, "weightedAverageShsOutDil": 78895454, "link": "", "finalLink": ""}, {"date": "2011-06-30", "symbol": "OMAB", "reportedCurrency": "MXN", "cik": "0001378239", "fillingDate": "2011-06-30", "acceptedDate": "2011-06-29 20:00:00", "calendarYear": "2011", "period": "Q2", "revenue": 698010000, "costOfRevenue": 299304000, "grossProfit": 398706000, "grossProfitRatio": 0.5712038509, "researchAndDevelopmentExpenses": 0, "generalAndAdministrativeExpenses": 0, "sellingAndMarketingExpenses": 0, "sellingGeneralAndAdministrativeExpenses": 104257000, "otherExpenses": 81329000, "operatingExpenses": 185586000, "costAndExpenses": 484890000, "interestIncome": 2359000, "interestExpense": 23095000, "depreciationAndAmortization": 37087000, "ebitda": 252568000, "ebitdaratio": 0.3618400883, "operatingIncome": 213122000, "operatingIncomeRatio": 0.3053280039, "totalOtherIncomeExpensesNet": -27855000, "incomeBeforeTax": 185268000, "incomeBeforeTaxRatio": 0.2654231315, "incomeTaxExpense": 55403000, "netIncome": 129919000, "netIncomeRatio": 0.1861277059, "eps": 2.64, "epsdiluted": 2.64, "weightedAverageShsOut": 49211742, "weightedAverageShsOutDil": 49211742, "link": "", "finalLink": ""}, {"date": "2011-03-31", "symbol": "OMAB", "reportedCurrency": "MXN", "cik": "0001378239", "fillingDate": "2011-03-31", "acceptedDate": "2011-03-30 20:00:00", "calendarYear": "2011", "period": "Q1", "revenue": 617035000, "costOfRevenue": 238185000, "grossProfit": 378850000, "grossProfitRatio": 0.61398462, "researchAndDevelopmentExpenses": 0, "generalAndAdministrativeExpenses": 0, "sellingAndMarketingExpenses": 0, "sellingGeneralAndAdministrativeExpenses": 79505000, "otherExpenses": 75749000, "operatingExpenses": 155254000, "costAndExpenses": 393439000, "interestIncome": 6606000, "interestExpense": 22925000, "depreciationAndAmortization": 43993000, "ebitda": 267588000, "ebitdaratio": 0.4336674581, "operatingIncome": 223595000, "operatingIncomeRatio": 0.3623700438, "totalOtherIncomeExpensesNet": -16320000, "incomeBeforeTax": 205553000, "incomeBeforeTaxRatio": 0.3331302114, "incomeTaxExpense": 9292000, "netIncome": 196261000, "netIncomeRatio": 0.3180710981, "eps": 3.92, "epsdiluted": 3.92, "weightedAverageShsOut": 49893019, "weightedAverageShsOutDil": 49893019, "link": "", "finalLink": ""}, {"date": "2010-12-31", "symbol": "OMAB", "reportedCurrency": "MXN", "cik": "0001378239", "fillingDate": "2010-12-31", "acceptedDate": "2010-12-30 19:00:00", "calendarYear": "2010", "period": "Q4", "revenue": 1042998000, "costOfRevenue": 816313000, "grossProfit": 226685000, "grossProfitRatio": 0.2173398223, "researchAndDevelopmentExpenses": 0, "generalAndAdministrativeExpenses": 0, "sellingAndMarketingExpenses": 0, "sellingGeneralAndAdministrativeExpenses": 458000, "otherExpenses": 120448000, "operatingExpenses": 120906000, "costAndExpenses": 937219000, "interestIncome": -2194000, "interestExpense": 19642000, "depreciationAndAmortization": 115053000, "ebitda": 220831000, "ebitdaratio": 0.2117271558, "operatingIncome": 105778000, "operatingIncomeRatio": 0.1014172606, "totalOtherIncomeExpensesNet": -35566000, "incomeBeforeTax": 70212000, "incomeBeforeTaxRatio": 0.0673174829, "incomeTaxExpense": -298118000, "netIncome": 367448000, "netIncomeRatio": 0.3522998127, "eps": 7.36, "epsdiluted": 7.36, "weightedAverageShsOut": 49882173, "weightedAverageShsOutDil": 49882173, "link": "", "finalLink": ""}, {"date": "2010-09-30", "symbol": "OMAB", "reportedCurrency": "MXN", "cik": "0001378239", "fillingDate": "2010-09-30", "acceptedDate": "2010-09-29 20:00:00", "calendarYear": "2010", "period": "Q3", "revenue": 568598000, "costOfRevenue": 127167000, "grossProfit": 441431000, "grossProfitRatio": 0.7763498992, "researchAndDevelopmentExpenses": 0, "generalAndAdministrativeExpenses": 0, "sellingAndMarketingExpenses": 0, "sellingGeneralAndAdministrativeExpenses": 247305000, "otherExpenses": 149664000, "operatingExpenses": 396969000, "costAndExpenses": 524136000, "interestIncome": -28741000, "interestExpense": 8579000, "depreciationAndAmortization": 115291000, "ebitda": 297373000, "ebitdaratio": 0.5229933978, "operatingIncome": 44462000, "operatingIncomeRatio": 0.0781958431, "totalOtherIncomeExpensesNet": -57512000, "incomeBeforeTax": 36434000, "incomeBeforeTaxRatio": 0.0640769049, "incomeTaxExpense": 41206000, "netIncome": -4772000, "netIncomeRatio": -0.0083925726, "eps": -0.096, "epsdiluted": -0.096, "weightedAverageShsOut": 49893376, "weightedAverageShsOutDil": 49893376, "link": "", "finalLink": ""}, {"date": "2010-06-30", "symbol": "OMAB", "reportedCurrency": "MXN", "cik": "0001378239", "fillingDate": "2010-06-30", "acceptedDate": "2010-06-29 20:00:00", "calendarYear": "2010", "period": "Q2", "revenue": 530325000, "costOfRevenue": 127678000, "grossProfit": 402647000, "grossProfitRatio": 0.7592457455, "researchAndDevelopmentExpenses": 0, "generalAndAdministrativeExpenses": 0, "sellingAndMarketingExpenses": 0, "sellingGeneralAndAdministrativeExpenses": 91715000, "otherExpenses": 154515000, "operatingExpenses": 246230000, "costAndExpenses": 373908000, "interestIncome": 1154000, "interestExpense": 18755000, "depreciationAndAmortization": 118288000, "ebitda": 255292000, "ebitdaratio": 0.4813878282, "operatingIncome": 156416000, "operatingIncomeRatio": 0.2949436666, "totalOtherIncomeExpensesNet": -17602000, "incomeBeforeTax": 141111000, "incomeBeforeTaxRatio": 0.2660840051, "incomeTaxExpense": 56077000, "netIncome": 85034000, "netIncomeRatio": 0.1603431858, "eps": 1.68, "epsdiluted": 1.68, "weightedAverageShsOut": 49883033, "weightedAverageShsOutDil": 49883033, "link": "", "finalLink": ""}, {"date": "2010-03-31", "symbol": "OMAB", "reportedCurrency": "MXN", "cik": "0001378239", "fillingDate": "2010-03-31", "acceptedDate": "2010-03-30 20:00:00", "calendarYear": "2010", "period": "Q1", "revenue": 509528000, "costOfRevenue": 109499000, "grossProfit": 400029000, "grossProfitRatio": 0.785097188, "researchAndDevelopmentExpenses": 0, "generalAndAdministrativeExpenses": 87403000, "sellingAndMarketingExpenses": 0, "sellingGeneralAndAdministrativeExpenses": 87403000, "otherExpenses": 148112000, "operatingExpenses": 235515000, "costAndExpenses": 345014000, "interestIncome": 5327000, "interestExpense": 22925000, "depreciationAndAmortization": 119514000, "ebitda": 284029000, "ebitdaratio": 0.5574355089, "operatingIncome": 164515000, "operatingIncomeRatio": 0.3228772511, "totalOtherIncomeExpensesNet": -16320000, "incomeBeforeTax": 151986000, "incomeBeforeTaxRatio": 0.2982878272, "incomeTaxExpense": 48603000, "netIncome": 115896000, "netIncomeRatio": 0.2274575686, "eps": 2.32, "epsdiluted": 2.32, "weightedAverageShsOut": 49893019, "weightedAverageShsOutDil": 49893019, "link": "", "finalLink": ""}]