[{"date": "2025-06-30", "symbol": "RMD", "reportedCurrency": "USD", "cik": "0000943819", "fillingDate": "2025-08-08", "acceptedDate": "2025-08-07 20:44:48", "calendarYear": "2025", "period": "Q4", "revenue": 1347993000, "costOfRevenue": 527923000, "grossProfit": 820070000, "grossProfitRatio": 0.6083636933, "researchAndDevelopmentExpenses": 86443000, "generalAndAdministrativeExpenses": 0, "sellingAndMarketingExpenses": 0, "sellingGeneralAndAdministrativeExpenses": 265125000, "otherExpenses": 13959000, "operatingExpenses": 365527000, "costAndExpenses": 893450000, "interestIncome": 5757000, "interestExpense": 0, "depreciationAndAmortization": 74288000, "ebitda": 532341000, "ebitdaratio": 0.3949137718, "operatingIncome": 456574000, "operatingIncomeRatio": 0.3387065066, "totalOtherIncomeExpensesNet": 1479000, "incomeBeforeTax": 458053000, "incomeBeforeTaxRatio": 0.3398036933, "incomeTaxExpense": 78348000, "netIncome": 379705000, "netIncomeRatio": 0.2816817298, "eps": 2.59, "epsdiluted": 2.58, "weightedAverageShsOut": 146472000, "weightedAverageShsOutDil": 147037000, "link": "https://www.sec.gov/Archives/edgar/data/943819/000094381925000035/0000943819-25-000035-index.htm", "finalLink": "https://www.sec.gov/Archives/edgar/data/943819/000094381925000035/rmd-20250630.htm"}, {"date": "2025-03-31", "symbol": "RMD", "reportedCurrency": "USD", "cik": "0000943819", "fillingDate": "2025-04-23", "acceptedDate": "2025-04-23 16:05:31", "calendarYear": "2025", "period": "Q3", "revenue": 1291736000, "costOfRevenue": 525328000, "grossProfit": 766408000, "grossProfitRatio": 0.5933162813, "researchAndDevelopmentExpenses": 83944000, "generalAndAdministrativeExpenses": 0, "sellingAndMarketingExpenses": 0, "sellingGeneralAndAdministrativeExpenses": 245302000, "otherExpenses": 10893000, "operatingExpenses": 340139000, "costAndExpenses": 865467000, "interestIncome": 793000, "interestExpense": 0, "depreciationAndAmortization": 51910000, "ebitda": 469603000, "ebitdaratio": 0.3635440988, "operatingIncome": 426268000, "operatingIncomeRatio": 0.3299962221, "totalOtherIncomeExpensesNet": -8575000, "incomeBeforeTax": 417693000, "incomeBeforeTaxRatio": 0.3233578688, "incomeTaxExpense": 52652000, "netIncome": 365041000, "netIncomeRatio": 0.282597218, "eps": 2.49, "epsdiluted": 2.48, "weightedAverageShsOut": 146719000, "weightedAverageShsOutDil": 147220000, "link": "https://www.sec.gov/Archives/edgar/data/943819/000119312525091357/0001193125-25-091357-index.htm", "finalLink": "https://www.sec.gov/Archives/edgar/data/943819/000119312525091357/d830100dex991.htm"}, {"date": "2024-12-31", "symbol": "RMD", "reportedCurrency": "USD", "cik": "0000943819", "fillingDate": "2025-01-30", "acceptedDate": "2025-01-30 16:05:28", "calendarYear": "2025", "period": "Q2", "revenue": 1282089000, "costOfRevenue": 530814000, "grossProfit": 751275000, "grossProfitRatio": 0.5859772605, "researchAndDevelopmentExpenses": 81373000, "generalAndAdministrativeExpenses": 0, "sellingAndMarketingExpenses": 0, "sellingGeneralAndAdministrativeExpenses": 241613000, "otherExpenses": 11047000, "operatingExpenses": 334033000, "costAndExpenses": 864847000, "interestIncome": 0, "interestExpense": 4788000, "depreciationAndAmortization": 55902000, "ebitda": 479012000, "ebitdaratio": 0.3736183681, "operatingIncome": 417243000, "operatingIncomeRatio": 0.3254399656, "totalOtherIncomeExpensesNet": 1079000, "incomeBeforeTax": 418322000, "incomeBeforeTaxRatio": 0.3262815608, "incomeTaxExpense": 73700000, "netIncome": 344622000, "netIncomeRatio": 0.268797252, "eps": 2.35, "epsdiluted": 2.34, "weightedAverageShsOut": 146861000, "weightedAverageShsOutDil": 147599000, "link": "https://www.sec.gov/Archives/edgar/data/943819/000094381925000004/0000943819-25-000004-index.htm", "finalLink": "https://www.sec.gov/Archives/edgar/data/943819/000094381925000004/rmd-20241231.htm"}, {"date": "2024-09-30", "symbol": "RMD", "reportedCurrency": "USD", "cik": "0000943819", "fillingDate": "2024-10-25", "acceptedDate": "2024-10-24 19:37:22", "calendarYear": "2025", "period": "Q1", "revenue": 1224509000, "costOfRevenue": 507290000, "grossProfit": 717219000, "grossProfitRatio": 0.585719664, "researchAndDevelopmentExpenses": 79524000, "generalAndAdministrativeExpenses": 0, "sellingAndMarketingExpenses": 0, "sellingGeneralAndAdministrativeExpenses": 238979000, "otherExpenses": 11404000, "operatingExpenses": 329907000, "costAndExpenses": 837197000, "interestIncome": 0, "interestExpense": 5502000, "depreciationAndAmortization": 53710000, "ebitda": 442709000, "ebitdaratio": 0.3615400132, "operatingIncome": 387312000, "operatingIncomeRatio": 0.3162998394, "totalOtherIncomeExpensesNet": -3815000, "incomeBeforeTax": 383497000, "incomeBeforeTaxRatio": 0.3131843049, "incomeTaxExpense": 72142000, "netIncome": 311355000, "netIncomeRatio": 0.2542692622, "eps": 2.12, "epsdiluted": 2.11, "weightedAverageShsOut": 146861000, "weightedAverageShsOutDil": 147599000, "link": "https://www.sec.gov/Archives/edgar/data/943819/000094381924000027/0000943819-24-000027-index.htm", "finalLink": "https://www.sec.gov/Archives/edgar/data/943819/000094381924000027/rmd-20240930.htm"}, {"date": "2024-06-30", "symbol": "RMD", "reportedCurrency": "USD", "cik": "0000943819", "fillingDate": "2024-08-09", "acceptedDate": "2024-08-08 20:09:34", "calendarYear": "2024", "period": "Q4", "revenue": 1223195000, "costOfRevenue": 518930000, "grossProfit": 704265000, "grossProfitRatio": 0.5757585667, "researchAndDevelopmentExpenses": 80861000, "generalAndAdministrativeExpenses": 0, "sellingAndMarketingExpenses": 0, "sellingGeneralAndAdministrativeExpenses": 242187000, "otherExpenses": 0, "operatingExpenses": 323048000, "costAndExpenses": 841978000, "interestIncome": 3629000, "interestExpense": 9550000, "depreciationAndAmortization": 54754000, "ebitda": 422036000, "ebitdaratio": 0.3450275712, "operatingIncome": 381217000, "operatingIncomeRatio": 0.3116567677, "totalOtherIncomeExpensesNet": -23484000, "incomeBeforeTax": 357732000, "incomeBeforeTaxRatio": 0.292457049, "incomeTaxExpense": 65495000, "netIncome": 292236000, "netIncomeRatio": 0.2389120296, "eps": 1.99, "epsdiluted": 1.98, "weightedAverageShsOut": 146915000, "weightedAverageShsOutDil": 147533000, "link": "https://www.sec.gov/Archives/edgar/data/943819/000094381924000013/0000943819-24-000013-index.htm", "finalLink": "https://www.sec.gov/Archives/edgar/data/943819/000094381924000013/rmd-20240630.htm"}, {"date": "2024-03-31", "symbol": "RMD", "reportedCurrency": "USD", "cik": "0000943819", "fillingDate": "2024-04-26", "acceptedDate": "2024-04-25 19:18:46", "calendarYear": "2024", "period": "Q3", "revenue": 1196980000, "costOfRevenue": 515403000, "grossProfit": 681577000, "grossProfitRatio": 0.5694138582, "researchAndDevelopmentExpenses": 77074000, "generalAndAdministrativeExpenses": 0, "sellingAndMarketingExpenses": 0, "sellingGeneralAndAdministrativeExpenses": 229919000, "otherExpenses": 0, "operatingExpenses": 306993000, "costAndExpenses": 822396000, "interestIncome": 3351000, "interestExpense": 14377000, "depreciationAndAmortization": 54642000, "ebitda": 429226000, "ebitdaratio": 0.3585907868, "operatingIncome": 374584000, "operatingIncomeRatio": 0.3129409013, "totalOtherIncomeExpensesNet": 837000, "incomeBeforeTax": 375421000, "incomeBeforeTaxRatio": 0.3136401611, "incomeTaxExpense": 74929000, "netIncome": 300492000, "netIncomeRatio": 0.2510417885, "eps": 2.04, "epsdiluted": 2.04, "weightedAverageShsOut": 146959000, "weightedAverageShsOutDil": 147450000, "link": "https://www.sec.gov/Archives/edgar/data/943819/000094381924000008/0000943819-24-000008-index.htm", "finalLink": "https://www.sec.gov/Archives/edgar/data/943819/000094381924000008/rmd-20240331.htm"}, {"date": "2023-12-31", "symbol": "RMD", "reportedCurrency": "USD", "cik": "0000943819", "fillingDate": "2024-01-25", "acceptedDate": "2024-01-24 19:50:30", "calendarYear": "2024", "period": "Q2", "revenue": 1162801000, "costOfRevenue": 515867000, "grossProfit": 646934000, "grossProfitRatio": 0.5563583107, "researchAndDevelopmentExpenses": 73880000, "generalAndAdministrativeExpenses": 0, "sellingAndMarketingExpenses": 0, "sellingGeneralAndAdministrativeExpenses": 222155000, "otherExpenses": 75805000, "operatingExpenses": 371840000, "costAndExpenses": 887707000, "interestIncome": 0, "interestExpense": 13805000, "depreciationAndAmortization": 53370000, "ebitda": 392692000, "ebitdaratio": 0.3377121279, "operatingIncome": 275094000, "operatingIncomeRatio": 0.2365787439, "totalOtherIncomeExpensesNet": -15640000, "incomeBeforeTax": 259454000, "incomeBeforeTaxRatio": 0.2231284631, "incomeTaxExpense": 50654000, "netIncome": 208800000, "netIncomeRatio": 0.179566409, "eps": 1.42, "epsdiluted": 1.42, "weightedAverageShsOut": 147132000, "weightedAverageShsOutDil": 147545000, "link": "https://www.sec.gov/Archives/edgar/data/943819/000094381924000003/0000943819-24-000003-index.htm", "finalLink": "https://www.sec.gov/Archives/edgar/data/943819/000094381924000003/rmd-20231231.htm"}, {"date": "2023-09-30", "symbol": "RMD", "reportedCurrency": "USD", "cik": "0000943819", "fillingDate": "2023-10-27", "acceptedDate": "2023-10-26 19:38:03", "calendarYear": "2024", "period": "Q1", "revenue": 963037000, "costOfRevenue": 362977000, "grossProfit": 600060000, "grossProfitRatio": 0.6230913246, "researchAndDevelopmentExpenses": 75710000, "generalAndAdministrativeExpenses": 0, "sellingAndMarketingExpenses": 0, "sellingGeneralAndAdministrativeExpenses": 222874000, "otherExpenses": 12479000, "operatingExpenses": 311063000, "costAndExpenses": 674040000, "interestIncome": 0, "interestExpense": 14957000, "depreciationAndAmortization": 53442000, "ebitda": 342439000, "ebitdaratio": 0.355582392, "operatingIncome": 288997000, "operatingIncomeRatio": 0.300089197, "totalOtherIncomeExpensesNet": -16806000, "incomeBeforeTax": 272191000, "incomeBeforeTaxRatio": 0.2826381541, "incomeTaxExpense": 52769000, "netIncome": 219422000, "netIncomeRatio": 0.22784379, "eps": 1.49, "epsdiluted": 1.49, "weightedAverageShsOut": 147075000, "weightedAverageShsOutDil": 147486000, "link": "https://www.sec.gov/Archives/edgar/data/943819/000094381923000029/0000943819-23-000029-index.htm", "finalLink": "https://www.sec.gov/Archives/edgar/data/943819/000094381923000029/rmd-20230930.htm"}, {"date": "2023-06-30", "symbol": "RMD", "reportedCurrency": "USD", "cik": "0000943819", "fillingDate": "2023-08-11", "acceptedDate": "2023-08-10 20:15:16", "calendarYear": "2023", "period": "Q4", "revenue": 1122057000, "costOfRevenue": 504671000, "grossProfit": 617386000, "grossProfitRatio": 0.5502269493, "researchAndDevelopmentExpenses": 78144000, "generalAndAdministrativeExpenses": 0, "sellingAndMarketingExpenses": 0, "sellingGeneralAndAdministrativeExpenses": 240687000, "otherExpenses": 23287000, "operatingExpenses": 342118000, "costAndExpenses": 846788000, "interestIncome": 0, "interestExpense": 14943000, "depreciationAndAmortization": 55200000, "ebitda": 341437000, "ebitdaratio": 0.3042955928, "operatingIncome": 275267000, "operatingIncomeRatio": 0.2453235442, "totalOtherIncomeExpensesNet": 1535000, "incomeBeforeTax": 276801000, "incomeBeforeTaxRatio": 0.2466906761, "incomeTaxExpense": 47137000, "netIncome": 229664000, "netIncomeRatio": 0.2046812239, "eps": 1.56, "epsdiluted": 1.56, "weightedAverageShsOut": 147015000, "weightedAverageShsOutDil": 147554000, "link": "https://www.sec.gov/Archives/edgar/data/943819/000094381923000011/0000943819-23-000011-index.htm", "finalLink": "https://www.sec.gov/Archives/edgar/data/943819/000094381923000011/rmd-20230630.htm"}, {"date": "2023-03-31", "symbol": "RMD", "reportedCurrency": "USD", "cik": "0000943819", "fillingDate": "2023-04-28", "acceptedDate": "2023-04-27 19:15:37", "calendarYear": "2023", "period": "Q3", "revenue": 1116898000, "costOfRevenue": 499146000, "grossProfit": 617752000, "grossProfitRatio": 0.5530961646, "researchAndDevelopmentExpenses": 76436000, "generalAndAdministrativeExpenses": 0, "sellingAndMarketingExpenses": 0, "sellingGeneralAndAdministrativeExpenses": 228457000, "otherExpenses": 12188000, "operatingExpenses": 317081000, "costAndExpenses": 816227000, "interestIncome": 0, "interestExpense": 14964000, "depreciationAndAmortization": 52790000, "ebitda": 353461000, "ebitdaratio": 0.3164666782, "operatingIncome": 300671000, "operatingIncomeRatio": 0.269201843, "totalOtherIncomeExpensesNet": -11293000, "incomeBeforeTax": 289378000, "incomeBeforeTaxRatio": 0.2590908033, "incomeTaxExpense": 56878000, "netIncome": 232500000, "netIncomeRatio": 0.2081658307, "eps": 1.58, "epsdiluted": 1.58, "weightedAverageShsOut": 146914000, "weightedAverageShsOutDil": 147395000, "link": "https://www.sec.gov/Archives/edgar/data/943819/000094381923000008/0000943819-23-000008-index.htm", "finalLink": "https://www.sec.gov/Archives/edgar/data/943819/000094381923000008/rmd-20230331.htm"}, {"date": "2022-12-31", "symbol": "RMD", "reportedCurrency": "USD", "cik": "0000943819", "fillingDate": "2023-01-27", "acceptedDate": "2023-01-26 18:09:53", "calendarYear": "2023", "period": "Q2", "revenue": 1033744000, "costOfRevenue": 454029000, "grossProfit": 579715000, "grossProfitRatio": 0.5607916467, "researchAndDevelopmentExpenses": 69874000, "generalAndAdministrativeExpenses": 0, "sellingAndMarketingExpenses": 0, "sellingGeneralAndAdministrativeExpenses": 211672000, "otherExpenses": 17975000, "operatingExpenses": 299521000, "costAndExpenses": 753550000, "interestIncome": 0, "interestExpense": 10338000, "depreciationAndAmortization": 45539000, "ebitda": 334145000, "ebitdaratio": 0.3232376681, "operatingIncome": 280194000, "operatingIncomeRatio": 0.2710477642, "totalOtherIncomeExpensesNet": -6503000, "incomeBeforeTax": 273691000, "incomeBeforeTaxRatio": 0.2647570385, "incomeTaxExpense": 48777000, "netIncome": 224914000, "netIncomeRatio": 0.2175722423, "eps": 1.53, "epsdiluted": 1.53, "weightedAverageShsOut": 146704000, "weightedAverageShsOutDil": 147405000, "link": "https://www.sec.gov/Archives/edgar/data/943819/000094381923000003/0000943819-23-000003-index.htm", "finalLink": "https://www.sec.gov/Archives/edgar/data/943819/000094381923000003/rmd-20221231.htm"}, {"date": "2022-09-30", "symbol": "RMD", "reportedCurrency": "USD", "cik": "0000943819", "fillingDate": "2022-10-28", "acceptedDate": "2022-10-27 18:26:57", "calendarYear": "2023", "period": "Q1", "revenue": 950294000, "costOfRevenue": 409484000, "grossProfit": 540810000, "grossProfitRatio": 0.5690975635, "researchAndDevelopmentExpenses": 63188000, "generalAndAdministrativeExpenses": 0, "sellingAndMarketingExpenses": 0, "sellingGeneralAndAdministrativeExpenses": 193933000, "otherExpenses": 7950000, "operatingExpenses": 265071000, "costAndExpenses": 674555000, "interestIncome": 0, "interestExpense": 7134000, "depreciationAndAmortization": 44034000, "ebitda": 319773000, "ebitdaratio": 0.3364990203, "operatingIncome": 275739000, "operatingIncomeRatio": 0.2901617815, "totalOtherIncomeExpensesNet": -13946000, "incomeBeforeTax": 261793000, "incomeBeforeTaxRatio": 0.2754863232, "incomeTaxExpense": 51315000, "netIncome": 210478000, "netIncomeRatio": 0.221487245, "eps": 1.44, "epsdiluted": 1.43, "weightedAverageShsOut": 146431000, "weightedAverageShsOutDil": 147134000, "link": "https://www.sec.gov/Archives/edgar/data/943819/000094381922000019/0000943819-22-000019-index.htm", "finalLink": "https://www.sec.gov/Archives/edgar/data/943819/000094381922000019/rmd-20220930.htm"}, {"date": "2022-06-30", "symbol": "RMD", "reportedCurrency": "USD", "cik": "0000943819", "fillingDate": "2022-08-12", "acceptedDate": "2022-08-11 21:09:45", "calendarYear": "2022", "period": "Q4", "revenue": 914737000, "costOfRevenue": 392231000, "grossProfit": 522506000, "grossProfitRatio": 0.5712089923, "researchAndDevelopmentExpenses": 64318000, "generalAndAdministrativeExpenses": 0, "sellingAndMarketingExpenses": 0, "sellingGeneralAndAdministrativeExpenses": 194889000, "otherExpenses": 7903000, "operatingExpenses": 267110000, "costAndExpenses": 659341000, "interestIncome": 0, "interestExpense": 5542000, "depreciationAndAmortization": 45007000, "ebitda": 300404000, "ebitdaratio": 0.3284047765, "operatingIncome": 255396000, "operatingIncomeRatio": 0.2792015629, "totalOtherIncomeExpensesNet": -17308000, "incomeBeforeTax": 238089000, "incomeBeforeTaxRatio": 0.2602813705, "incomeTaxExpense": 43028000, "netIncome": 195061000, "netIncomeRatio": 0.2132427135, "eps": 1.33, "epsdiluted": 1.33, "weightedAverageShsOut": 146357000, "weightedAverageShsOutDil": 147000000, "link": "https://www.sec.gov/Archives/edgar/data/943819/000094381922000010/0000943819-22-000010-index.htm", "finalLink": "https://www.sec.gov/Archives/edgar/data/943819/000094381922000010/rmd-20220630.htm"}, {"date": "2022-03-31", "symbol": "RMD", "reportedCurrency": "USD", "cik": "0000943819", "fillingDate": "2022-04-29", "acceptedDate": "2022-04-28 18:47:02", "calendarYear": "2022", "period": "Q3", "revenue": 864500000, "costOfRevenue": 373303000, "grossProfit": 491197000, "grossProfitRatio": 0.5681862348, "researchAndDevelopmentExpenses": 66801000, "generalAndAdministrativeExpenses": 0, "sellingAndMarketingExpenses": 0, "sellingGeneralAndAdministrativeExpenses": 182401000, "otherExpenses": 7730000, "operatingExpenses": 256932000, "costAndExpenses": 630235000, "interestIncome": 0, "interestExpense": 5462000, "depreciationAndAmortization": 51609000, "ebitda": 285874000, "ebitdaratio": 0.3306813187, "operatingIncome": 234265000, "operatingIncomeRatio": 0.2709832273, "totalOtherIncomeExpensesNet": -7946000, "incomeBeforeTax": 226319000, "incomeBeforeTaxRatio": 0.2617917872, "incomeTaxExpense": 47307000, "netIncome": 179012000, "netIncomeRatio": 0.2070699826, "eps": 1.22, "epsdiluted": 1.22, "weightedAverageShsOut": 146240000, "weightedAverageShsOutDil": 146962000, "link": "https://www.sec.gov/Archives/edgar/data/943819/000094381922000006/0000943819-22-000006-index.htm", "finalLink": "https://www.sec.gov/Archives/edgar/data/943819/000094381922000006/rmd-20220331.htm"}, {"date": "2021-12-31", "symbol": "RMD", "reportedCurrency": "USD", "cik": "0000943819", "fillingDate": "2022-01-28", "acceptedDate": "2022-01-27 18:21:07", "calendarYear": "2022", "period": "Q2", "revenue": 894874000, "costOfRevenue": 390556000, "grossProfit": 504318000, "grossProfitRatio": 0.5635631385, "researchAndDevelopmentExpenses": 62507000, "generalAndAdministrativeExpenses": 0, "sellingAndMarketingExpenses": 0, "sellingGeneralAndAdministrativeExpenses": 185362000, "otherExpenses": 7738000, "operatingExpenses": 255607000, "costAndExpenses": 646163000, "interestIncome": 0, "interestExpense": 5948000, "depreciationAndAmortization": 49606000, "ebitda": 298317000, "ebitdaratio": 0.3333620152, "operatingIncome": 248711000, "operatingIncomeRatio": 0.2779285128, "totalOtherIncomeExpensesNet": -11425000, "incomeBeforeTax": 237286000, "incomeBeforeTaxRatio": 0.2651613523, "incomeTaxExpense": 35535000, "netIncome": 201751000, "netIncomeRatio": 0.2254518513, "eps": 1.38, "epsdiluted": 1.37, "weightedAverageShsOut": 145990000, "weightedAverageShsOutDil": 147040000, "link": "https://www.sec.gov/Archives/edgar/data/943819/000094381922000003/0000943819-22-000003-index.htm", "finalLink": "https://www.sec.gov/Archives/edgar/data/943819/000094381922000003/rmd-20211231x10q.htm"}, {"date": "2021-09-30", "symbol": "RMD", "reportedCurrency": "USD", "cik": "0000943819", "fillingDate": "2021-10-29", "acceptedDate": "2021-10-28 18:28:40", "calendarYear": "2022", "period": "Q1", "revenue": 904015000, "costOfRevenue": 397726000, "grossProfit": 506289000, "grossProfitRatio": 0.5600449108, "researchAndDevelopmentExpenses": 59950000, "generalAndAdministrativeExpenses": 0, "sellingAndMarketingExpenses": 0, "sellingGeneralAndAdministrativeExpenses": 176719000, "otherExpenses": 7707000, "operatingExpenses": 244376000, "costAndExpenses": 642102000, "interestIncome": 0, "interestExpense": 5360000, "depreciationAndAmortization": 47619000, "ebitda": 309532000, "ebitdaratio": 0.3423969735, "operatingIncome": 261913000, "operatingIncomeRatio": 0.2897219626, "totalOtherIncomeExpensesNet": -3125000, "incomeBeforeTax": 258788000, "incomeBeforeTaxRatio": 0.2862651615, "incomeTaxExpense": 55175000, "netIncome": 203613000, "netIncomeRatio": 0.2252318822, "eps": 1.4, "epsdiluted": 1.39, "weightedAverageShsOut": 145680000, "weightedAverageShsOutDil": 146860000, "link": "https://www.sec.gov/Archives/edgar/data/943819/000094381921000031/0000943819-21-000031-index.htm", "finalLink": "https://www.sec.gov/Archives/edgar/data/943819/000094381921000031/rmd-20210930x10q.htm"}, {"date": "2021-06-30", "symbol": "RMD", "reportedCurrency": "USD", "cik": "0000943819", "fillingDate": "2021-08-17", "acceptedDate": "2021-08-16 21:43:33", "calendarYear": "2021", "period": "Q4", "revenue": 876103000, "costOfRevenue": 385407000, "grossProfit": 490696000, "grossProfitRatio": 0.5600893959, "researchAndDevelopmentExpenses": 59875000, "generalAndAdministrativeExpenses": 0, "sellingAndMarketingExpenses": 0, "sellingGeneralAndAdministrativeExpenses": 181483000, "otherExpenses": 7701000, "operatingExpenses": 249059000, "costAndExpenses": 634466000, "interestIncome": 59000, "interestExpense": 5345000, "depreciationAndAmortization": 45679000, "ebitda": 287316000, "ebitdaratio": 0.3279477413, "operatingIncome": 241637000, "operatingIncomeRatio": 0.2758088946, "totalOtherIncomeExpensesNet": -2427000, "incomeBeforeTax": 239210000, "incomeBeforeTaxRatio": 0.2730386724, "incomeTaxExpense": 44112000, "netIncome": 195098000, "netIncomeRatio": 0.2226884282, "eps": 1.34, "epsdiluted": 1.33, "weightedAverageShsOut": 145600000, "weightedAverageShsOutDil": 146544000, "link": "https://www.sec.gov/Archives/edgar/data/943819/000094381921000017/0000943819-21-000017-index.htm", "finalLink": "https://www.sec.gov/Archives/edgar/data/943819/000094381921000017/c819-20210630x10k.htm"}, {"date": "2021-03-31", "symbol": "RMD", "reportedCurrency": "USD", "cik": "0000943819", "fillingDate": "2021-04-30", "acceptedDate": "2021-04-29 19:50:11", "calendarYear": "2021", "period": "Q3", "revenue": 768767000, "costOfRevenue": 321509000, "grossProfit": 447258000, "grossProfitRatio": 0.5817861589, "researchAndDevelopmentExpenses": 55941000, "generalAndAdministrativeExpenses": 0, "sellingAndMarketingExpenses": 0, "sellingGeneralAndAdministrativeExpenses": 160446000, "otherExpenses": 7445000, "operatingExpenses": 223832000, "costAndExpenses": 545341000, "interestIncome": 55000, "interestExpense": 5878000, "depreciationAndAmortization": 47882000, "ebitda": 271308000, "ebitdaratio": 0.3529131714, "operatingIncome": 223426000, "operatingIncomeRatio": 0.2906290202, "totalOtherIncomeExpensesNet": -5421000, "incomeBeforeTax": 218005000, "incomeBeforeTaxRatio": 0.2835774689, "incomeTaxExpense": 296486000, "netIncome": -78481000, "netIncomeRatio": -0.1020868482, "eps": -0.54, "epsdiluted": -0.54, "weightedAverageShsOut": 145335185, "weightedAverageShsOutDil": 145513000, "link": "https://www.sec.gov/Archives/edgar/data/943819/000094381921000009/0000943819-21-000009-index.htm", "finalLink": "https://www.sec.gov/Archives/edgar/data/943819/000094381921000009/rmd-20210331x10q.htm"}, {"date": "2020-12-31", "symbol": "RMD", "reportedCurrency": "USD", "cik": "0000943819", "fillingDate": "2021-01-29", "acceptedDate": "2021-01-28 17:55:49", "calendarYear": "2021", "period": "Q2", "revenue": 800011000, "costOfRevenue": 337528000, "grossProfit": 462483000, "grossProfitRatio": 0.5780958012, "researchAndDevelopmentExpenses": 54935000, "generalAndAdministrativeExpenses": 0, "sellingAndMarketingExpenses": 0, "sellingGeneralAndAdministrativeExpenses": 169470000, "otherExpenses": 16362000, "operatingExpenses": 240767000, "costAndExpenses": 578295000, "interestIncome": 132000, "interestExpense": 5924000, "depreciationAndAmortization": 48069000, "ebitda": 278458000, "ebitdaratio": 0.3480677141, "operatingIncome": 221716000, "operatingIncomeRatio": 0.2771411893, "totalOtherIncomeExpensesNet": -11124000, "incomeBeforeTax": 210592000, "incomeBeforeTaxRatio": 0.2632363805, "incomeTaxExpense": 31078000, "netIncome": 179514000, "netIncomeRatio": 0.2243894146, "eps": 1.24, "epsdiluted": 1.23, "weightedAverageShsOut": 145246000, "weightedAverageShsOutDil": 146421000, "link": "https://www.sec.gov/Archives/edgar/data/943819/000094381921000002/0000943819-21-000002-index.htm", "finalLink": "https://www.sec.gov/Archives/edgar/data/943819/000094381921000002/rmd-20201231x10q.htm"}, {"date": "2020-09-30", "symbol": "RMD", "reportedCurrency": "USD", "cik": "0000943819", "fillingDate": "2020-10-30", "acceptedDate": "2020-10-29 19:21:40", "calendarYear": "2021", "period": "Q1", "revenue": 751944000, "costOfRevenue": 313283000, "grossProfit": 438661000, "grossProfitRatio": 0.5833692403, "researchAndDevelopmentExpenses": 54533000, "generalAndAdministrativeExpenses": 0, "sellingAndMarketingExpenses": 0, "sellingGeneralAndAdministrativeExpenses": 158989000, "otherExpenses": 8243000, "operatingExpenses": 221765000, "costAndExpenses": 535048000, "interestIncome": 117000, "interestExpense": 6842000, "depreciationAndAmortization": 49888000, "ebitda": 266784000, "ebitdaratio": 0.3547923782, "operatingIncome": 216896000, "operatingIncomeRatio": 0.288447012, "totalOtherIncomeExpensesNet": -1042000, "incomeBeforeTax": 215854000, "incomeBeforeTaxRatio": 0.2870612705, "incomeTaxExpense": 37482000, "netIncome": 178372000, "netIncomeRatio": 0.2372144734, "eps": 1.23, "epsdiluted": 1.22, "weightedAverageShsOut": 144900000, "weightedAverageShsOutDil": 146100000, "link": "https://www.sec.gov/Archives/edgar/data/943819/000094381920000024/0000943819-20-000024-index.htm", "finalLink": "https://www.sec.gov/Archives/edgar/data/943819/000094381920000024/rmd-20200930x10q.htm"}, {"date": "2020-06-30", "symbol": "RMD", "reportedCurrency": "USD", "cik": "0000943819", "fillingDate": "2020-08-13", "acceptedDate": "2020-08-12 21:23:23", "calendarYear": "2020", "period": "Q4", "revenue": 770343000, "costOfRevenue": 320971000, "grossProfit": 449372000, "grossProfitRatio": 0.5833401485, "researchAndDevelopmentExpenses": 52520000, "generalAndAdministrativeExpenses": 165385000, "sellingAndMarketingExpenses": 0, "sellingGeneralAndAdministrativeExpenses": 165385000, "otherExpenses": 8220000, "operatingExpenses": 226125000, "costAndExpenses": 547096000, "interestIncome": 255000, "interestExpense": 9197000, "depreciationAndAmortization": 45508000, "ebitda": 266799000, "ebitdaratio": 0.34633793, "operatingIncome": 223247000, "operatingIncomeRatio": 0.2898020752, "totalOtherIncomeExpensesNet": -11153000, "incomeBeforeTax": 212094000, "incomeBeforeTaxRatio": 0.2753241089, "incomeTaxExpense": 34259000, "netIncome": 177835000, "netIncomeRatio": 0.2308517115, "eps": 1.23, "epsdiluted": 1.22, "weightedAverageShsOut": 144792000, "weightedAverageShsOutDil": 145866000, "link": "https://www.sec.gov/Archives/edgar/data/943819/000094381921000004/0000943819-21-000004-index.htm", "finalLink": "https://www.sec.gov/Archives/edgar/data/943819/000094381921000004/rmd-20200630x10ka.htm"}, {"date": "2020-03-31", "symbol": "RMD", "reportedCurrency": "USD", "cik": "0000943819", "fillingDate": "2020-05-01", "acceptedDate": "2020-04-30 19:23:21", "calendarYear": "2020", "period": "Q3", "revenue": 769455000, "costOfRevenue": 319793000, "grossProfit": 449662000, "grossProfitRatio": 0.5843902502, "researchAndDevelopmentExpenses": 51449000, "generalAndAdministrativeExpenses": 172441000, "sellingAndMarketingExpenses": 0, "sellingGeneralAndAdministrativeExpenses": 172441000, "otherExpenses": 8272000, "operatingExpenses": 232162000, "costAndExpenses": 551955000, "interestIncome": 116000, "interestExpense": 9968000, "depreciationAndAmortization": 46465000, "ebitda": 263965000, "ebitdaratio": 0.3430544996, "operatingIncome": 217500000, "operatingIncomeRatio": 0.2826676024, "totalOtherIncomeExpensesNet": -25845000, "incomeBeforeTax": 191655000, "incomeBeforeTaxRatio": 0.2490788935, "incomeTaxExpense": 28518000, "netIncome": 163137000, "netIncomeRatio": 0.2120162972, "eps": 1.13, "epsdiluted": 1.12, "weightedAverageShsOut": 144638000, "weightedAverageShsOutDil": 145680000, "link": "https://www.sec.gov/Archives/edgar/data/943819/000094381920000008/0000943819-20-000008-index.htm", "finalLink": "https://www.sec.gov/Archives/edgar/data/943819/000094381920000008/rmd-20200331x10q.htm"}, {"date": "2019-12-31", "symbol": "RMD", "reportedCurrency": "USD", "cik": "0000943819", "fillingDate": "2020-01-31", "acceptedDate": "2020-01-30 18:15:18", "calendarYear": "2020", "period": "Q2", "revenue": 736157000, "costOfRevenue": 309027000, "grossProfit": 427130000, "grossProfitRatio": 0.580215905, "researchAndDevelopmentExpenses": 49943000, "generalAndAdministrativeExpenses": 171422000, "sellingAndMarketingExpenses": 0, "sellingGeneralAndAdministrativeExpenses": 171422000, "otherExpenses": 8556000, "operatingExpenses": 229921000, "costAndExpenses": 538948000, "interestIncome": 202000, "interestExpense": 10220000, "depreciationAndAmortization": 45483000, "ebitda": 234455000, "ebitdaratio": 0.3184850514, "operatingIncome": 197809000, "operatingIncomeRatio": 0.2687049094, "totalOtherIncomeExpensesNet": -19057000, "incomeBeforeTax": 178752000, "incomeBeforeTaxRatio": 0.2428177685, "incomeTaxExpense": 18198000, "netIncome": 160554000, "netIncomeRatio": 0.2180974982, "eps": 1.11, "epsdiluted": 1.1, "weightedAverageShsOut": 144212000, "weightedAverageShsOutDil": 145575000, "link": "https://www.sec.gov/Archives/edgar/data/943819/000094381920000003/0000943819-20-000003-index.htm", "finalLink": "https://www.sec.gov/Archives/edgar/data/943819/000094381920000003/rmd-20191231x10q.htm"}, {"date": "2019-09-30", "symbol": "RMD", "reportedCurrency": "USD", "cik": "0000943819", "fillingDate": "2019-10-25", "acceptedDate": "2019-10-24 20:46:56", "calendarYear": "2020", "period": "Q1", "revenue": 681056000, "costOfRevenue": 276001000, "grossProfit": 405055000, "grossProfitRatio": 0.5947455129, "researchAndDevelopmentExpenses": 48033000, "generalAndAdministrativeExpenses": 167440000, "sellingAndMarketingExpenses": 0, "sellingGeneralAndAdministrativeExpenses": 167440000, "otherExpenses": 18480000, "operatingExpenses": 233953000, "costAndExpenses": 509954000, "interestIncome": 449000, "interestExpense": 10992000, "depreciationAndAmortization": 43917000, "ebitda": 215019000, "ebitdaratio": 0.3157141263, "operatingIncome": 171102000, "operatingIncomeRatio": 0.2512304421, "totalOtherIncomeExpensesNet": -20515000, "incomeBeforeTax": 150587000, "incomeBeforeTaxRatio": 0.2211081027, "incomeTaxExpense": 30439000, "netIncome": 120148000, "netIncomeRatio": 0.1764142743, "eps": 0.84, "epsdiluted": 0.83, "weightedAverageShsOut": 143719000, "weightedAverageShsOutDil": 145099000, "link": "https://www.sec.gov/Archives/edgar/data/943819/000094381919000029/0000943819-19-000029-index.htm", "finalLink": "https://www.sec.gov/Archives/edgar/data/943819/000094381919000029/rmd-20190930x10q.htm"}, {"date": "2019-06-30", "symbol": "RMD", "reportedCurrency": "USD", "cik": "0000943819", "fillingDate": "2019-08-08", "acceptedDate": "2019-08-07 18:56:46", "calendarYear": "2019", "period": "Q4", "revenue": 704964000, "costOfRevenue": 287114000, "grossProfit": 417850000, "grossProfitRatio": 0.5927253023, "researchAndDevelopmentExpenses": 51138000, "generalAndAdministrativeExpenses": 171600000, "sellingAndMarketingExpenses": 0, "sellingGeneralAndAdministrativeExpenses": 171600000, "otherExpenses": -6587000, "operatingExpenses": 246175000, "costAndExpenses": 533289000, "interestIncome": 285000, "interestExpense": 12548000, "depreciationAndAmortization": 42592000, "ebitda": 150900000, "ebitdaratio": 0.2140534836, "operatingIncome": 121075000, "operatingIncomeRatio": 0.1717463587, "totalOtherIncomeExpensesNet": -25311000, "incomeBeforeTax": 95761000, "incomeBeforeTaxRatio": 0.1358381421, "incomeTaxExpense": 26964000, "netIncome": 68797000, "netIncomeRatio": 0.0975893805, "eps": 0.48, "epsdiluted": 0.48, "weightedAverageShsOut": 143435000, "weightedAverageShsOutDil": 144687000, "link": "https://www.sec.gov/Archives/edgar/data/943819/000094381919000017/0000943819-19-000017-index.htm", "finalLink": "https://www.sec.gov/Archives/edgar/data/943819/000094381919000017/rmd-20190630x10k.htm"}, {"date": "2019-03-31", "symbol": "RMD", "reportedCurrency": "USD", "cik": "0000943819", "fillingDate": "2019-05-03", "acceptedDate": "2019-05-02 19:47:39", "calendarYear": "2019", "period": "Q3", "revenue": 662228000, "costOfRevenue": 270318000, "grossProfit": 391910000, "grossProfitRatio": 0.5918052393, "researchAndDevelopmentExpenses": 47610000, "generalAndAdministrativeExpenses": 164529000, "sellingAndMarketingExpenses": 0, "sellingGeneralAndAdministrativeExpenses": 164529000, "otherExpenses": -1054000, "operatingExpenses": 234933000, "costAndExpenses": 505251000, "interestIncome": 415000, "interestExpense": 12413000, "depreciationAndAmortization": 41750000, "ebitda": 198727000, "ebitdaratio": 0.3000884892, "operatingIncome": 156977000, "operatingIncomeRatio": 0.2370437372, "totalOtherIncomeExpensesNet": -19048000, "incomeBeforeTax": 137929000, "incomeBeforeTaxRatio": 0.2082802298, "incomeTaxExpense": 32513000, "netIncome": 105416000, "netIncomeRatio": 0.159183846, "eps": 0.74, "epsdiluted": 0.73, "weightedAverageShsOut": 143316000, "weightedAverageShsOutDil": 144333000, "link": "https://www.sec.gov/Archives/edgar/data/943819/000094381919000014/0000943819-19-000014-index.htm", "finalLink": "https://www.sec.gov/Archives/edgar/data/943819/000094381919000014/rmd-20190331x10q.htm"}, {"date": "2018-12-31", "symbol": "RMD", "reportedCurrency": "USD", "cik": "0000943819", "fillingDate": "2019-02-01", "acceptedDate": "2019-01-31 20:55:18", "calendarYear": "2019", "period": "Q2", "revenue": 651100000, "costOfRevenue": 267369000, "grossProfit": 383731000, "grossProfitRatio": 0.5893580095, "researchAndDevelopmentExpenses": 43111000, "generalAndAdministrativeExpenses": 161579000, "sellingAndMarketingExpenses": 0, "sellingGeneralAndAdministrativeExpenses": 161579000, "otherExpenses": -621000, "operatingExpenses": 220530000, "costAndExpenses": 487899000, "interestIncome": 678000, "interestExpense": 7487000, "depreciationAndAmortization": 36029000, "ebitda": 199230000, "ebitdaratio": 0.3059898633, "operatingIncome": 157078000, "operatingIncomeRatio": 0.241250192, "totalOtherIncomeExpensesNet": -10805000, "incomeBeforeTax": 149648000, "incomeBeforeTaxRatio": 0.2298387344, "incomeTaxExpense": 21634000, "netIncome": 124639000, "netIncomeRatio": 0.191428352, "eps": 0.87, "epsdiluted": 0.86, "weightedAverageShsOut": 142923000, "weightedAverageShsOutDil": 144349000, "link": "https://www.sec.gov/Archives/edgar/data/943819/000094381919000011/0000943819-19-000011-index.htm", "finalLink": "https://www.sec.gov/Archives/edgar/data/943819/000094381919000011/rmd-20181231x10q.htm"}, {"date": "2018-09-30", "symbol": "RMD", "reportedCurrency": "USD", "cik": "0000943819", "fillingDate": "2018-10-26", "acceptedDate": "2018-10-25 19:18:22", "calendarYear": "2019", "period": "Q1", "revenue": 588279000, "costOfRevenue": 245186000, "grossProfit": 343093000, "grossProfitRatio": 0.5832147671, "researchAndDevelopmentExpenses": 38791000, "generalAndAdministrativeExpenses": 147303000, "sellingAndMarketingExpenses": 0, "sellingGeneralAndAdministrativeExpenses": 147303000, "otherExpenses": -2465000, "operatingExpenses": 198961000, "costAndExpenses": 444147000, "interestIncome": 922000, "interestExpense": 3708000, "depreciationAndAmortization": 30424000, "ebitda": 174556000, "ebitdaratio": 0.2967231535, "operatingIncome": 144132000, "operatingIncomeRatio": 0.245006196, "totalOtherIncomeExpensesNet": -5251000, "incomeBeforeTax": 138881000, "incomeBeforeTaxRatio": 0.2360801592, "incomeTaxExpense": 33144000, "netIncome": 105737000, "netIncomeRatio": 0.1797395454, "eps": 0.74, "epsdiluted": 0.73, "weightedAverageShsOut": 142668000, "weightedAverageShsOutDil": 144030000, "link": "https://www.sec.gov/Archives/edgar/data/943819/000094381918000016/0000943819-18-000016-index.htm", "finalLink": "https://www.sec.gov/Archives/edgar/data/943819/000094381918000016/rmd-20180930x10q.htm"}, {"date": "2018-06-30", "symbol": "RMD", "reportedCurrency": "USD", "cik": "0000943819", "fillingDate": "2018-08-17", "acceptedDate": "2018-08-17 16:26:51", "calendarYear": "2018", "period": "Q4", "revenue": 623631000, "costOfRevenue": 261159000, "grossProfit": 362472000, "grossProfitRatio": 0.5812283225, "researchAndDevelopmentExpenses": 39657000, "generalAndAdministrativeExpenses": 156810000, "sellingAndMarketingExpenses": 0, "sellingGeneralAndAdministrativeExpenses": 156810000, "otherExpenses": -3185000, "operatingExpenses": 208078000, "costAndExpenses": 469237000, "interestIncome": 2701000, "interestExpense": 5482000, "depreciationAndAmortization": 31704000, "ebitda": 186098000, "ebitdaratio": 0.2984104382, "operatingIncome": 146884000, "operatingIncomeRatio": 0.2355303056, "totalOtherIncomeExpensesNet": -5966000, "incomeBeforeTax": 140919000, "incomeBeforeTaxRatio": 0.2259653545, "incomeTaxExpense": 31107000, "netIncome": 109812000, "netIncomeRatio": 0.1760848964, "eps": 0.77, "epsdiluted": 0.76, "weightedAverageShsOut": 142793000, "weightedAverageShsOutDil": 144004000, "link": "https://www.sec.gov/Archives/edgar/data/943819/000094381918000013/0000943819-18-000013-index.htm", "finalLink": "https://www.sec.gov/Archives/edgar/data/943819/000094381918000013/rmd-20180630x10k.htm"}, {"date": "2018-03-31", "symbol": "RMD", "reportedCurrency": "USD", "cik": "0000943819", "fillingDate": "2018-04-27", "acceptedDate": "2018-04-26 19:56:54", "calendarYear": "2018", "period": "Q3", "revenue": 591634000, "costOfRevenue": 247339000, "grossProfit": 344295000, "grossProfitRatio": 0.5819391719, "researchAndDevelopmentExpenses": 37434000, "generalAndAdministrativeExpenses": 147893000, "sellingAndMarketingExpenses": 0, "sellingGeneralAndAdministrativeExpenses": 147893000, "otherExpenses": -2739000, "operatingExpenses": 197000000, "costAndExpenses": 444339000, "interestIncome": 4228000, "interestExpense": 7719000, "depreciationAndAmortization": 29311000, "ebitda": 176606000, "ebitdaratio": 0.298505495, "operatingIncome": 136373000, "operatingIncomeRatio": 0.2305023038, "totalOtherIncomeExpensesNet": -6230000, "incomeBeforeTax": 130143000, "incomeBeforeTaxRatio": 0.2199721449, "incomeTaxExpense": 20018000, "netIncome": 110125000, "netIncomeRatio": 0.1861370374, "eps": 0.77, "epsdiluted": 0.76, "weightedAverageShsOut": 142898000, "weightedAverageShsOutDil": 143985000, "link": "https://www.sec.gov/Archives/edgar/data/943819/000094381918000009/0000943819-18-000009-index.htm", "finalLink": "https://www.sec.gov/Archives/edgar/data/943819/000094381918000009/rmd-20180331x10q.htm"}, {"date": "2017-12-31", "symbol": "RMD", "reportedCurrency": "USD", "cik": "0000943819", "fillingDate": "2018-01-24", "acceptedDate": "2018-01-23 19:08:28", "calendarYear": "2018", "period": "Q2", "revenue": 601273000, "costOfRevenue": 251481000, "grossProfit": 349792000, "grossProfitRatio": 0.581752382, "researchAndDevelopmentExpenses": 40643000, "generalAndAdministrativeExpenses": 151816000, "sellingAndMarketingExpenses": 0, "sellingGeneralAndAdministrativeExpenses": 151816000, "otherExpenses": -1460000, "operatingExpenses": 203776000, "costAndExpenses": 455257000, "interestIncome": 4579000, "interestExpense": 7370000, "depreciationAndAmortization": 29374000, "ebitda": 175390000, "ebitdaratio": 0.2916977812, "operatingIncome": 146016000, "operatingIncomeRatio": 0.2428447644, "totalOtherIncomeExpensesNet": -4251000, "incomeBeforeTax": 141765000, "incomeBeforeTaxRatio": 0.2357747645, "incomeTaxExpense": 132238000, "netIncome": 9527000, "netIncomeRatio": 0.0158447161, "eps": 0.07, "epsdiluted": 0.07, "weightedAverageShsOut": 142715000, "weightedAverageShsOutDil": 143855000, "link": "https://www.sec.gov/Archives/edgar/data/943819/000094381918000006/0000943819-18-000006-index.htm", "finalLink": "https://www.sec.gov/Archives/edgar/data/943819/000094381918000006/rmd-20171231x10q.htm"}, {"date": "2017-09-30", "symbol": "RMD", "reportedCurrency": "USD", "cik": "0000943819", "fillingDate": "2017-10-27", "acceptedDate": "2017-10-26 20:38:41", "calendarYear": "2018", "period": "Q1", "revenue": 523659000, "costOfRevenue": 218054000, "grossProfit": 305605000, "grossProfitRatio": 0.5835954314, "researchAndDevelopmentExpenses": 37415000, "generalAndAdministrativeExpenses": 143849000, "sellingAndMarketingExpenses": 0, "sellingGeneralAndAdministrativeExpenses": 143849000, "otherExpenses": -1158000, "operatingExpenses": 193047000, "costAndExpenses": 411101000, "interestIncome": 4870000, "interestExpense": 7785000, "depreciationAndAmortization": 29571000, "ebitda": 142129000, "ebitdaratio": 0.2714151767, "operatingIncome": 112558000, "operatingIncomeRatio": 0.214945222, "totalOtherIncomeExpensesNet": -4073000, "incomeBeforeTax": 108485000, "incomeBeforeTaxRatio": 0.2071672596, "incomeTaxExpense": 22360000, "netIncome": 86125000, "netIncomeRatio": 0.1644677166, "eps": 0.61, "epsdiluted": 0.6, "weightedAverageShsOut": 142247000, "weightedAverageShsOutDil": 143480000, "link": "https://www.sec.gov/Archives/edgar/data/943819/000094381917000007/0000943819-17-000007-index.htm", "finalLink": "https://www.sec.gov/Archives/edgar/data/943819/000094381917000007/rmd-20170930x10q.htm"}, {"date": "2017-06-30", "symbol": "RMD", "reportedCurrency": "USD", "cik": "0000943819", "fillingDate": "2017-08-04", "acceptedDate": "2017-08-04 06:09:15", "calendarYear": "2017", "period": "Q4", "revenue": 556686000, "costOfRevenue": 232910000, "grossProfit": 323776000, "grossProfitRatio": 0.5816133332, "researchAndDevelopmentExpenses": 36706000, "generalAndAdministrativeExpenses": 147940000, "sellingAndMarketingExpenses": 0, "sellingGeneralAndAdministrativeExpenses": 147940000, "otherExpenses": -2428000, "operatingExpenses": 196415000, "costAndExpenses": 429325000, "interestIncome": 0, "interestExpense": 7841000, "depreciationAndAmortization": 28168000, "ebitda": 155529000, "ebitdaratio": 0.27938371, "operatingIncome": 127361000, "operatingIncomeRatio": 0.2287842698, "totalOtherIncomeExpensesNet": -5739000, "incomeBeforeTax": 121623000, "incomeBeforeTaxRatio": 0.2184768433, "incomeTaxExpense": 20010000, "netIncome": 101613000, "netIncomeRatio": 0.1825319839, "eps": 0.72, "epsdiluted": 0.71, "weightedAverageShsOut": 142019000, "weightedAverageShsOutDil": 143119000, "link": "https://www.sec.gov/Archives/edgar/data/943819/000119312517248016/0001193125-17-248016-index.htm", "finalLink": "https://www.sec.gov/Archives/edgar/data/943819/000119312517248016/d380137d10k.htm"}, {"date": "2017-03-31", "symbol": "RMD", "reportedCurrency": "USD", "cik": "0000943819", "fillingDate": "2017-04-28", "acceptedDate": "2017-04-28 06:11:55", "calendarYear": "2017", "period": "Q3", "revenue": 514204000, "costOfRevenue": 214490000, "grossProfit": 299714000, "grossProfitRatio": 0.5828698338, "researchAndDevelopmentExpenses": 35130000, "generalAndAdministrativeExpenses": 137864000, "sellingAndMarketingExpenses": 0, "sellingGeneralAndAdministrativeExpenses": 137864000, "otherExpenses": 3504000, "operatingExpenses": 184372000, "costAndExpenses": 398862000, "interestIncome": 0, "interestExpense": 2911000, "depreciationAndAmortization": 28485000, "ebitda": 143827000, "ebitdaratio": 0.2797080536, "operatingIncome": 107397000, "operatingIncomeRatio": 0.2088606856, "totalOtherIncomeExpensesNet": 593000, "incomeBeforeTax": 107990000, "incomeBeforeTaxRatio": 0.2100139244, "incomeTaxExpense": 20167000, "netIncome": 87823000, "netIncomeRatio": 0.1707940817, "eps": 0.62, "epsdiluted": 0.62, "weightedAverageShsOut": 141714000, "weightedAverageShsOutDil": 142724000, "link": "https://www.sec.gov/Archives/edgar/data/943819/000119312517145062/0001193125-17-145062-index.htm", "finalLink": "https://www.sec.gov/Archives/edgar/data/943819/000119312517145062/d363171d10q.htm"}, {"date": "2016-12-31", "symbol": "RMD", "reportedCurrency": "USD", "cik": "0000943819", "fillingDate": "2017-01-25", "acceptedDate": "2017-01-24 20:17:59", "calendarYear": "2017", "period": "Q2", "revenue": 530397000, "costOfRevenue": 221326000, "grossProfit": 309071000, "grossProfitRatio": 0.5827163427, "researchAndDevelopmentExpenses": 38190000, "generalAndAdministrativeExpenses": 139307000, "sellingAndMarketingExpenses": 0, "sellingGeneralAndAdministrativeExpenses": 139307000, "otherExpenses": 1749000, "operatingExpenses": 189187000, "costAndExpenses": 410513000, "interestIncome": 0, "interestExpense": 2437000, "depreciationAndAmortization": 27729000, "ebitda": 147613000, "ebitdaratio": 0.2783066269, "operatingIncome": 96895000, "operatingIncomeRatio": 0.1826839141, "totalOtherIncomeExpensesNet": -688000, "incomeBeforeTax": 96207000, "incomeBeforeTaxRatio": 0.1813867725, "incomeTaxExpense": 19464000, "netIncome": 76743000, "netIncomeRatio": 0.1446897324, "eps": 0.54, "epsdiluted": 0.54, "weightedAverageShsOut": 141310000, "weightedAverageShsOutDil": 142097000, "link": "https://www.sec.gov/Archives/edgar/data/943819/000119312517017051/0001193125-17-017051-index.htm", "finalLink": "https://www.sec.gov/Archives/edgar/data/943819/000119312517017051/d328302d10q.htm"}, {"date": "2016-09-30", "symbol": "RMD", "reportedCurrency": "USD", "cik": "0000943819", "fillingDate": "2016-10-28", "acceptedDate": "2016-10-27 20:11:59", "calendarYear": "2017", "period": "Q1", "revenue": 465450000, "costOfRevenue": 196266000, "grossProfit": 269184000, "grossProfitRatio": 0.5783306478, "researchAndDevelopmentExpenses": 34446000, "generalAndAdministrativeExpenses": 128851000, "sellingAndMarketingExpenses": 0, "sellingGeneralAndAdministrativeExpenses": 128851000, "otherExpenses": 1272000, "operatingExpenses": 175038000, "costAndExpenses": 371304000, "interestIncome": 0, "interestExpense": 2493000, "depreciationAndAmortization": 27775000, "ebitda": 121921000, "ebitdaratio": 0.2619422065, "operatingIncome": 94146000, "operatingIncomeRatio": 0.2022687722, "totalOtherIncomeExpensesNet": -1221000, "incomeBeforeTax": 92925000, "incomeBeforeTaxRatio": 0.1996455044, "incomeTaxExpense": 16818000, "netIncome": 76107000, "netIncomeRatio": 0.1635127296, "eps": 0.54, "epsdiluted": 0.54, "weightedAverageShsOut": 140785000, "weightedAverageShsOutDil": 142090000, "link": "https://www.sec.gov/Archives/edgar/data/943819/000119312516750066/0001193125-16-750066-index.htm", "finalLink": "https://www.sec.gov/Archives/edgar/data/943819/000119312516750066/d265875d10q.htm"}, {"date": "2016-06-30", "symbol": "RMD", "reportedCurrency": "USD", "cik": "0000943819", "fillingDate": "2016-08-05", "acceptedDate": "2016-08-05 17:12:07", "calendarYear": "2016", "period": "Q4", "revenue": 518647000, "costOfRevenue": 217158000, "grossProfit": 301489000, "grossProfitRatio": 0.5812990338, "researchAndDevelopmentExpenses": 34380000, "generalAndAdministrativeExpenses": 135843000, "sellingAndMarketingExpenses": -1914000, "sellingGeneralAndAdministrativeExpenses": 133929000, "otherExpenses": 1168000, "operatingExpenses": 180938000, "costAndExpenses": 398096000, "interestIncome": 0, "interestExpense": 0, "depreciationAndAmortization": 27022000, "ebitda": 155059000, "ebitdaratio": 0.2989682771, "operatingIncome": 118637000, "operatingIncomeRatio": 0.2287432493, "totalOtherIncomeExpensesNet": -1205000, "incomeBeforeTax": 117431000, "incomeBeforeTaxRatio": 0.2264179683, "incomeTaxExpense": 34305000, "netIncome": 83126000, "netIncomeRatio": 0.1602747148, "eps": 0.59, "epsdiluted": 0.59, "weightedAverageShsOut": 140551000, "weightedAverageShsOutDil": 141654000, "link": "https://www.sec.gov/Archives/edgar/data/943819/000119312517009237/0001193125-17-009237-index.htm", "finalLink": "https://www.sec.gov/Archives/edgar/data/943819/000119312517009237/d328866d10ka.htm"}, {"date": "2016-03-31", "symbol": "RMD", "reportedCurrency": "USD", "cik": "0000943819", "fillingDate": "2016-04-29", "acceptedDate": "2016-04-28 21:09:01", "calendarYear": "2016", "period": "Q3", "revenue": 453879000, "costOfRevenue": 193999000, "grossProfit": 259880000, "grossProfitRatio": 0.5725755102, "researchAndDevelopmentExpenses": 28109000, "generalAndAdministrativeExpenses": 122901000, "sellingAndMarketingExpenses": -3550000, "sellingGeneralAndAdministrativeExpenses": 119351000, "otherExpenses": 2553000, "operatingExpenses": 152018000, "costAndExpenses": 346017000, "interestIncome": 0, "interestExpense": 0, "depreciationAndAmortization": 19907000, "ebitda": 124219000, "ebitdaratio": 0.2736830741, "operatingIncome": 104312000, "operatingIncomeRatio": 0.229823367, "totalOtherIncomeExpensesNet": 4684000, "incomeBeforeTax": 108996000, "incomeBeforeTaxRatio": 0.2401432981, "incomeTaxExpense": 20538000, "netIncome": 88458000, "netIncomeRatio": 0.1948933526, "eps": 0.63, "epsdiluted": 0.63, "weightedAverageShsOut": 140187000, "weightedAverageShsOutDil": 141040000, "link": "https://www.sec.gov/Archives/edgar/data/943819/000119312516565229/0001193125-16-565229-index.htm", "finalLink": "https://www.sec.gov/Archives/edgar/data/943819/000119312516565229/d179904d10q.htm"}, {"date": "2015-12-31", "symbol": "RMD", "reportedCurrency": "USD", "cik": "0000943819", "fillingDate": "2016-01-28", "acceptedDate": "2016-01-28 06:47:57", "calendarYear": "2016", "period": "Q2", "revenue": 454540000, "costOfRevenue": 188031000, "grossProfit": 266509000, "grossProfitRatio": 0.5863268359, "researchAndDevelopmentExpenses": 28970000, "generalAndAdministrativeExpenses": 118219000, "sellingAndMarketingExpenses": 0, "sellingGeneralAndAdministrativeExpenses": 118219000, "otherExpenses": 3242000, "operatingExpenses": 151618000, "costAndExpenses": 339649000, "interestIncome": 0, "interestExpense": 0, "depreciationAndAmortization": 21517000, "ebitda": 136408000, "ebitdaratio": 0.3001012012, "operatingIncome": 107977000, "operatingIncomeRatio": 0.2375522506, "totalOtherIncomeExpensesNet": 5718000, "incomeBeforeTax": 113695000, "incomeBeforeTaxRatio": 0.2501320016, "incomeTaxExpense": 23178000, "netIncome": 90517000, "netIncomeRatio": 0.1991397897, "eps": 0.65, "epsdiluted": 0.64, "weightedAverageShsOut": 139926000, "weightedAverageShsOutDil": 141148000, "link": "https://www.sec.gov/Archives/edgar/data/943819/000119312516440418/0001193125-16-440418-index.htm", "finalLink": "https://www.sec.gov/Archives/edgar/data/943819/000119312516440418/d119394d10q.htm"}, {"date": "2015-09-30", "symbol": "RMD", "reportedCurrency": "USD", "cik": "0000943819", "fillingDate": "2015-10-27", "acceptedDate": "2015-10-27 17:17:57", "calendarYear": "2016", "period": "Q1", "revenue": 411647000, "costOfRevenue": 173028000, "grossProfit": 238619000, "grossProfitRatio": 0.5796689882, "researchAndDevelopmentExpenses": 27192000, "generalAndAdministrativeExpenses": 111095000, "sellingAndMarketingExpenses": 0, "sellingGeneralAndAdministrativeExpenses": 111095000, "otherExpenses": -2003000, "operatingExpenses": 140594000, "costAndExpenses": 313622000, "interestIncome": 0, "interestExpense": 0, "depreciationAndAmortization": 18403000, "ebitda": 116428000, "ebitdaratio": 0.2828345646, "operatingIncome": 98025000, "operatingIncomeRatio": 0.2381287851, "totalOtherIncomeExpensesNet": 1419000, "incomeBeforeTax": 99444000, "incomeBeforeTaxRatio": 0.2415759133, "incomeTaxExpense": 19041000, "netIncome": 80403000, "netIncomeRatio": 0.1953202623, "eps": 0.57, "epsdiluted": 0.57, "weightedAverageShsOut": 140309000, "weightedAverageShsOutDil": 141946000, "link": "https://www.sec.gov/Archives/edgar/data/943819/000119312515354886/0001193125-15-354886-index.htm", "finalLink": "https://www.sec.gov/Archives/edgar/data/943819/000119312515354886/d87082d10q.htm"}, {"date": "2015-06-30", "symbol": "RMD", "reportedCurrency": "USD", "cik": "0000943819", "fillingDate": "2015-08-07", "acceptedDate": "2015-08-07 06:07:19", "calendarYear": "2015", "period": "Q4", "revenue": 453064000, "costOfRevenue": 193634000, "grossProfit": 259430000, "grossProfitRatio": 0.5726122579, "researchAndDevelopmentExpenses": 28523000, "generalAndAdministrativeExpenses": 129250000, "sellingAndMarketingExpenses": -6000000, "sellingGeneralAndAdministrativeExpenses": 123250000, "otherExpenses": -97000, "operatingExpenses": 153883000, "costAndExpenses": 347517000, "interestIncome": 0, "interestExpense": 0, "depreciationAndAmortization": 17746000, "ebitda": 117293000, "ebitdaratio": 0.258888369, "operatingIncome": 99547000, "operatingIncomeRatio": 0.2197195098, "totalOtherIncomeExpensesNet": 4569000, "incomeBeforeTax": 104116000, "incomeBeforeTaxRatio": 0.2298041778, "incomeTaxExpense": 16654000, "netIncome": 87462000, "netIncomeRatio": 0.1930455741, "eps": 0.62, "epsdiluted": 0.61, "weightedAverageShsOut": 140819000, "weightedAverageShsOutDil": 142702000, "link": "https://www.sec.gov/Archives/edgar/data/943819/000119312515281887/0001193125-15-281887-index.htm", "finalLink": "https://www.sec.gov/Archives/edgar/data/943819/000119312515281887/d91689d10k.htm"}, {"date": "2015-03-31", "symbol": "RMD", "reportedCurrency": "USD", "cik": "0000943819", "fillingDate": "2015-04-29", "acceptedDate": "2015-04-28 18:54:24", "calendarYear": "2015", "period": "Q3", "revenue": 422497000, "costOfRevenue": 171066000, "grossProfit": 251431000, "grossProfitRatio": 0.5951071842, "researchAndDevelopmentExpenses": 27024000, "generalAndAdministrativeExpenses": 116336000, "sellingAndMarketingExpenses": 0, "sellingGeneralAndAdministrativeExpenses": 116336000, "otherExpenses": 3729000, "operatingExpenses": 145563000, "costAndExpenses": 316629000, "interestIncome": 0, "interestExpense": 0, "depreciationAndAmortization": 17859000, "ebitda": 123727000, "ebitdaratio": 0.2928470498, "operatingIncome": 105868000, "operatingIncomeRatio": 0.2505769272, "totalOtherIncomeExpensesNet": 8490000, "incomeBeforeTax": 114358000, "incomeBeforeTaxRatio": 0.2706717444, "incomeTaxExpense": 23375000, "netIncome": 90983000, "netIncomeRatio": 0.2153459078, "eps": 0.65, "epsdiluted": 0.64, "weightedAverageShsOut": 140792000, "weightedAverageShsOutDil": 142813000, "link": "https://www.sec.gov/Archives/edgar/data/943819/000119312515153557/0001193125-15-153557-index.htm", "finalLink": "https://www.sec.gov/Archives/edgar/data/943819/000119312515153557/d912752d10q.htm"}, {"date": "2014-12-31", "symbol": "RMD", "reportedCurrency": "USD", "cik": "0000943819", "fillingDate": "2015-01-30", "acceptedDate": "2015-01-29 20:48:21", "calendarYear": "2015", "period": "Q2", "revenue": 422952000, "costOfRevenue": 159730000, "grossProfit": 263222000, "grossProfitRatio": 0.6223448524, "researchAndDevelopmentExpenses": 29294000, "generalAndAdministrativeExpenses": 122520000, "sellingAndMarketingExpenses": 0, "sellingGeneralAndAdministrativeExpenses": 122520000, "otherExpenses": 947000, "operatingExpenses": 154076000, "costAndExpenses": 313806000, "interestIncome": 0, "interestExpense": 0, "depreciationAndAmortization": 18869000, "ebitda": 109146000, "ebitdaratio": 0.2580576519, "operatingIncome": 109146000, "operatingIncomeRatio": 0.2580576519, "totalOtherIncomeExpensesNet": 6365000, "incomeBeforeTax": 115511000, "incomeBeforeTaxRatio": 0.2731066409, "incomeTaxExpense": 24330000, "netIncome": 91181000, "netIncomeRatio": 0.2155823829, "eps": 0.65, "epsdiluted": 0.64, "weightedAverageShsOut": 140048000, "weightedAverageShsOutDil": 142202000, "link": "https://www.sec.gov/Archives/edgar/data/943819/000119312515026185/0001193125-15-026185-index.htm", "finalLink": "https://www.sec.gov/Archives/edgar/data/943819/000119312515026185/d858748d10q.htm"}, {"date": "2014-09-30", "symbol": "RMD", "reportedCurrency": "USD", "cik": "0000943819", "fillingDate": "2014-10-31", "acceptedDate": "2014-10-31 06:08:14", "calendarYear": "2015", "period": "Q1", "revenue": 380399000, "costOfRevenue": 143086000, "grossProfit": 237313000, "grossProfitRatio": 0.6238528492, "researchAndDevelopmentExpenses": 30024000, "generalAndAdministrativeExpenses": 110520000, "sellingAndMarketingExpenses": 0, "sellingGeneralAndAdministrativeExpenses": 110520000, "otherExpenses": 1671000, "operatingExpenses": 142638000, "costAndExpenses": 285724000, "interestIncome": 0, "interestExpense": 0, "depreciationAndAmortization": 18582000, "ebitda": 113257000, "ebitdaratio": 0.2977321181, "operatingIncome": 94675000, "operatingIncomeRatio": 0.2488834093, "totalOtherIncomeExpensesNet": 7255000, "incomeBeforeTax": 101930000, "incomeBeforeTaxRatio": 0.2679554888, "incomeTaxExpense": 18670000, "netIncome": 83260000, "netIncomeRatio": 0.2188754439, "eps": 0.59, "epsdiluted": 0.58, "weightedAverageShsOut": 140127000, "weightedAverageShsOutDil": 142683000, "link": "https://www.sec.gov/Archives/edgar/data/943819/000119312514390717/0001193125-14-390717-index.htm", "finalLink": "https://www.sec.gov/Archives/edgar/data/943819/000119312514390717/d806516d10q.htm"}, {"date": "2014-06-30", "symbol": "RMD", "reportedCurrency": "USD", "cik": "0000943819", "fillingDate": "2014-08-08", "acceptedDate": "2014-08-08 08:22:38", "calendarYear": "2014", "period": "Q4", "revenue": 415211000, "costOfRevenue": 153953000, "grossProfit": 261258000, "grossProfitRatio": 0.629217434, "researchAndDevelopmentExpenses": 31796000, "generalAndAdministrativeExpenses": 122242000, "sellingAndMarketingExpenses": 0, "sellingGeneralAndAdministrativeExpenses": 122242000, "otherExpenses": 2224000, "operatingExpenses": 156446000, "costAndExpenses": 310399000, "interestIncome": 0, "interestExpense": 0, "depreciationAndAmortization": 2408000, "ebitda": 118352000, "ebitdaratio": 0.2850406179, "operatingIncome": 98486000, "operatingIncomeRatio": 0.2371950647, "totalOtherIncomeExpensesNet": 8149000, "incomeBeforeTax": 106635000, "incomeBeforeTaxRatio": 0.2568212307, "incomeTaxExpense": 18897000, "netIncome": 87738000, "netIncomeRatio": 0.2113094306, "eps": 0.62, "epsdiluted": 0.61, "weightedAverageShsOut": 140537000, "weightedAverageShsOutDil": 143086000, "link": "https://www.sec.gov/Archives/edgar/data/943819/000119312514301852/0001193125-14-301852-index.htm", "finalLink": "https://www.sec.gov/Archives/edgar/data/943819/000119312514301852/d765496d10k.htm"}, {"date": "2014-03-31", "symbol": "RMD", "reportedCurrency": "USD", "cik": "0000943819", "fillingDate": "2014-05-01", "acceptedDate": "2014-04-30 21:50:22", "calendarYear": "2014", "period": "Q3", "revenue": 397758000, "costOfRevenue": 145970000, "grossProfit": 251788000, "grossProfitRatio": 0.6330180663, "researchAndDevelopmentExpenses": 29530000, "generalAndAdministrativeExpenses": 115101000, "sellingAndMarketingExpenses": 0, "sellingGeneralAndAdministrativeExpenses": 115101000, "otherExpenses": 2199000, "operatingExpenses": 147090000, "costAndExpenses": 293060000, "interestIncome": 0, "interestExpense": 0, "depreciationAndAmortization": 2459000, "ebitda": 104698000, "ebitdaratio": 0.2632203501, "operatingIncome": 104698000, "operatingIncomeRatio": 0.2632203501, "totalOtherIncomeExpensesNet": 8214000, "incomeBeforeTax": 112912000, "incomeBeforeTaxRatio": 0.2838710975, "incomeTaxExpense": 22943000, "netIncome": 89969000, "netIncomeRatio": 0.2261902966, "eps": 0.64, "epsdiluted": 0.63, "weightedAverageShsOut": 140959000, "weightedAverageShsOutDil": 143375000, "link": "https://www.sec.gov/Archives/edgar/data/943819/000119312514173967/0001193125-14-173967-index.htm", "finalLink": "https://www.sec.gov/Archives/edgar/data/943819/000119312514173967/d714081d10q.htm"}, {"date": "2013-12-31", "symbol": "RMD", "reportedCurrency": "USD", "cik": "0000943819", "fillingDate": "2014-01-29", "acceptedDate": "2014-01-29 06:06:18", "calendarYear": "2014", "period": "Q2", "revenue": 384341000, "costOfRevenue": 135582000, "grossProfit": 248759000, "grossProfitRatio": 0.6472351375, "researchAndDevelopmentExpenses": 29537000, "generalAndAdministrativeExpenses": 111748000, "sellingAndMarketingExpenses": 0, "sellingGeneralAndAdministrativeExpenses": 111748000, "otherExpenses": -2311000, "operatingExpenses": 143739000, "costAndExpenses": 279321000, "interestIncome": 0, "interestExpense": 0, "depreciationAndAmortization": 2454000, "ebitda": 105020000, "ebitdaratio": 0.2732469344, "operatingIncome": 105020000, "operatingIncomeRatio": 0.2732469344, "totalOtherIncomeExpensesNet": 4441000, "incomeBeforeTax": 109461000, "incomeBeforeTaxRatio": 0.2848017776, "incomeTaxExpense": 22825000, "netIncome": 86636000, "netIncomeRatio": 0.2254144106, "eps": 0.61, "epsdiluted": 0.6, "weightedAverageShsOut": 142202000, "weightedAverageShsOutDil": 145335000, "link": "https://www.sec.gov/Archives/edgar/data/943819/000119312514025205/0001193125-14-025205-index.htm", "finalLink": "https://www.sec.gov/Archives/edgar/data/943819/000119312514025205/d652770d10q.htm"}, {"date": "2013-09-30", "symbol": "RMD", "reportedCurrency": "USD", "cik": "0000943819", "fillingDate": "2013-10-30", "acceptedDate": "2013-10-30 06:10:17", "calendarYear": "2014", "period": "Q1", "revenue": 357662000, "costOfRevenue": 129680000, "grossProfit": 227982000, "grossProfitRatio": 0.6374230419, "researchAndDevelopmentExpenses": 27363000, "generalAndAdministrativeExpenses": 101323000, "sellingAndMarketingExpenses": 0, "sellingGeneralAndAdministrativeExpenses": 101323000, "otherExpenses": -1228000, "operatingExpenses": 131098000, "costAndExpenses": 260778000, "interestIncome": 0, "interestExpense": 0, "depreciationAndAmortization": 2412000, "ebitda": 96884000, "ebitdaratio": 0.2708814467, "operatingIncome": 96884000, "operatingIncomeRatio": 0.2708814467, "totalOtherIncomeExpensesNet": 5186000, "incomeBeforeTax": 102070000, "incomeBeforeTaxRatio": 0.2853811699, "incomeTaxExpense": 21140000, "netIncome": 80930000, "netIncomeRatio": 0.2262750865, "eps": 0.57, "epsdiluted": 0.56, "weightedAverageShsOut": 142005000, "weightedAverageShsOutDil": 145456000, "link": "https://www.sec.gov/Archives/edgar/data/943819/000119312513416916/0001193125-13-416916-index.htm", "finalLink": "https://www.sec.gov/Archives/edgar/data/943819/000119312513416916/d604032d10q.htm"}, {"date": "2013-06-30", "symbol": "RMD", "reportedCurrency": "USD", "cik": "0000943819", "fillingDate": "2013-08-13", "acceptedDate": "2013-08-12 21:14:02", "calendarYear": "2013", "period": "Q4", "revenue": 414607000, "costOfRevenue": 154759000, "grossProfit": 259848000, "grossProfitRatio": 0.6267332679, "researchAndDevelopmentExpenses": 31390000, "generalAndAdministrativeExpenses": 115057000, "sellingAndMarketingExpenses": 0, "sellingGeneralAndAdministrativeExpenses": 115057000, "otherExpenses": -5777000, "operatingExpenses": 173683000, "costAndExpenses": 328442000, "interestIncome": 0, "interestExpense": 0, "depreciationAndAmortization": 2471000, "ebitda": 88636000, "ebitdaratio": 0.213783173, "operatingIncome": 86165000, "operatingIncomeRatio": 0.2078233122, "totalOtherIncomeExpensesNet": -23104000, "incomeBeforeTax": 87827000, "incomeBeforeTaxRatio": 0.2118319276, "incomeTaxExpense": 14814000, "netIncome": 73013000, "netIncomeRatio": 0.176101706, "eps": 0.51, "epsdiluted": 0.5, "weightedAverageShsOut": 142669000, "weightedAverageShsOutDil": 146115000, "link": "https://www.sec.gov/Archives/edgar/data/943819/000119312513331415/0001193125-13-331415-index.htm", "finalLink": "https://www.sec.gov/Archives/edgar/data/943819/000119312513331415/d579332d10k.htm"}, {"date": "2013-03-31", "symbol": "RMD", "reportedCurrency": "USD", "cik": "0000943819", "fillingDate": "2013-05-01", "acceptedDate": "2013-05-01 06:05:34", "calendarYear": "2013", "period": "Q3", "revenue": 383581000, "costOfRevenue": 144132000, "grossProfit": 239449000, "grossProfitRatio": 0.6242462479, "researchAndDevelopmentExpenses": 31189000, "generalAndAdministrativeExpenses": 109628000, "sellingAndMarketingExpenses": 0, "sellingGeneralAndAdministrativeExpenses": 109628000, "otherExpenses": 3815000, "operatingExpenses": 143350000, "costAndExpenses": 287482000, "interestIncome": 0, "interestExpense": 0, "depreciationAndAmortization": 2533000, "ebitda": 96099000, "ebitdaratio": 0.2505311786, "operatingIncome": 96099000, "operatingIncomeRatio": 0.2505311786, "totalOtherIncomeExpensesNet": 11893000, "incomeBeforeTax": 107992000, "incomeBeforeTaxRatio": 0.2815363639, "incomeTaxExpense": 23079000, "netIncome": 84913000, "netIncomeRatio": 0.2213691502, "eps": 0.59, "epsdiluted": 0.58, "weightedAverageShsOut": 143293000, "weightedAverageShsOutDil": 146643000, "link": "https://www.sec.gov/Archives/edgar/data/943819/000119312513189467/0001193125-13-189467-index.htm", "finalLink": "https://www.sec.gov/Archives/edgar/data/943819/000119312513189467/d527292d10q.htm"}, {"date": "2012-12-31", "symbol": "RMD", "reportedCurrency": "USD", "cik": "0000943819", "fillingDate": "2013-01-31", "acceptedDate": "2013-01-31 06:15:11", "calendarYear": "2013", "period": "Q2", "revenue": 376537000, "costOfRevenue": 143825000, "grossProfit": 232712000, "grossProfitRatio": 0.6180322253, "researchAndDevelopmentExpenses": 30326000, "generalAndAdministrativeExpenses": 107815000, "sellingAndMarketingExpenses": 0, "sellingGeneralAndAdministrativeExpenses": 107815000, "otherExpenses": -2168000, "operatingExpenses": 140642000, "costAndExpenses": 284467000, "interestIncome": 0, "interestExpense": 0, "depreciationAndAmortization": 2501000, "ebitda": 92070000, "ebitdaratio": 0.244517803, "operatingIncome": 92070000, "operatingIncomeRatio": 0.244517803, "totalOtherIncomeExpensesNet": 6330000, "incomeBeforeTax": 98400000, "incomeBeforeTaxRatio": 0.2613288999, "incomeTaxExpense": 20458000, "netIncome": 77942000, "netIncomeRatio": 0.2069969219, "eps": 0.54, "epsdiluted": 0.53, "weightedAverageShsOut": 143214000, "weightedAverageShsOutDil": 146689000, "link": "https://www.sec.gov/Archives/edgar/data/943819/000119312513030914/0001193125-13-030914-index.htm", "finalLink": "https://www.sec.gov/Archives/edgar/data/943819/000119312513030914/d453946d10q.htm"}, {"date": "2012-09-30", "symbol": "RMD", "reportedCurrency": "USD", "cik": "0000943819", "fillingDate": "2012-10-31", "acceptedDate": "2012-10-31 06:10:03", "calendarYear": "2013", "period": "Q1", "revenue": 339731000, "costOfRevenue": 131083000, "grossProfit": 208648000, "grossProfitRatio": 0.6141564944, "researchAndDevelopmentExpenses": 27220000, "generalAndAdministrativeExpenses": 98303000, "sellingAndMarketingExpenses": 0, "sellingGeneralAndAdministrativeExpenses": 98303000, "otherExpenses": 1941000, "operatingExpenses": 128159000, "costAndExpenses": 259242000, "interestIncome": 0, "interestExpense": 0, "depreciationAndAmortization": 2636000, "ebitda": 80489000, "ebitdaratio": 0.2369197983, "operatingIncome": 80489000, "operatingIncomeRatio": 0.2369197983, "totalOtherIncomeExpensesNet": 10412000, "incomeBeforeTax": 90901000, "incomeBeforeTaxRatio": 0.2675675755, "incomeTaxExpense": 19636000, "netIncome": 71265000, "netIncomeRatio": 0.2097689054, "eps": 0.5, "epsdiluted": 0.49, "weightedAverageShsOut": 142651000, "weightedAverageShsOutDil": 146055000, "link": "https://www.sec.gov/Archives/edgar/data/943819/000119312512442372/0001193125-12-442372-index.htm", "finalLink": "https://www.sec.gov/Archives/edgar/data/943819/000119312512442372/d411741d10q.htm"}, {"date": "2012-06-30", "symbol": "RMD", "reportedCurrency": "USD", "cik": "0000943819", "fillingDate": "2012-08-14", "acceptedDate": "2012-08-13 21:40:41", "calendarYear": "2012", "period": "Q4", "revenue": 371929000, "costOfRevenue": 145460000, "grossProfit": 226469000, "grossProfitRatio": 0.6089038499, "researchAndDevelopmentExpenses": 27911000, "generalAndAdministrativeExpenses": 105909000, "sellingAndMarketingExpenses": 0, "sellingGeneralAndAdministrativeExpenses": 105909000, "otherExpenses": 1454000, "operatingExpenses": 136739000, "costAndExpenses": 282199000, "interestIncome": 0, "interestExpense": 0, "depreciationAndAmortization": 2919000, "ebitda": 92649000, "ebitdaratio": 0.2491039957, "operatingIncome": 89730000, "operatingIncomeRatio": 0.2412557235, "totalOtherIncomeExpensesNet": 8780000, "incomeBeforeTax": 98510000, "incomeBeforeTaxRatio": 0.2648623796, "incomeTaxExpense": 21663000, "netIncome": 76847000, "netIncomeRatio": 0.206617392, "eps": 0.54, "epsdiluted": 0.53, "weightedAverageShsOut": 142788000, "weightedAverageShsOutDil": 146099000, "link": "https://www.sec.gov/Archives/edgar/data/943819/000119312512353206/0001193125-12-353206-index.htm", "finalLink": "https://www.sec.gov/Archives/edgar/data/943819/000119312512353206/d372956d10k.htm"}, {"date": "2012-03-31", "symbol": "RMD", "reportedCurrency": "USD", "cik": "0000943819", "fillingDate": "2012-05-01", "acceptedDate": "2012-05-01 16:42:09", "calendarYear": "2012", "period": "Q3", "revenue": 349073000, "costOfRevenue": 138577000, "grossProfit": 210496000, "grossProfitRatio": 0.6030142692, "researchAndDevelopmentExpenses": 28398000, "generalAndAdministrativeExpenses": 100958000, "sellingAndMarketingExpenses": 0, "sellingGeneralAndAdministrativeExpenses": 100958000, "otherExpenses": 3592000, "operatingExpenses": 132948000, "costAndExpenses": 271525000, "interestIncome": 7650000, "interestExpense": 0, "depreciationAndAmortization": 3592000, "ebitda": 76548000, "ebitdaratio": 0.219289375, "operatingIncome": 76548000, "operatingIncomeRatio": 0.219289375, "totalOtherIncomeExpensesNet": 7459000, "incomeBeforeTax": 84007000, "incomeBeforeTaxRatio": 0.2406573983, "incomeTaxExpense": 19394000, "netIncome": 64613000, "netIncomeRatio": 0.1850988189, "eps": 0.45, "epsdiluted": 0.44, "weightedAverageShsOut": 144024000, "weightedAverageShsOutDil": 147157000, "link": "https://www.sec.gov/Archives/edgar/data/943819/000119312512201017/0001193125-12-201017-index.htm", "finalLink": "https://www.sec.gov/Archives/edgar/data/943819/000119312512201017/d318698d10q.htm"}, {"date": "2011-12-31", "symbol": "RMD", "reportedCurrency": "USD", "cik": "0000943819", "fillingDate": "2012-02-02", "acceptedDate": "2012-02-01 19:59:45", "calendarYear": "2012", "period": "Q2", "revenue": 332738000, "costOfRevenue": 134023000, "grossProfit": 198715000, "grossProfitRatio": 0.59721162, "researchAndDevelopmentExpenses": 27218000, "generalAndAdministrativeExpenses": 100552000, "sellingAndMarketingExpenses": 0, "sellingGeneralAndAdministrativeExpenses": 100552000, "otherExpenses": 3691000, "operatingExpenses": 131461000, "costAndExpenses": 265484000, "interestIncome": 0, "interestExpense": 0, "depreciationAndAmortization": 3691000, "ebitda": 67254000, "ebitdaratio": 0.2021229917, "operatingIncome": 67254000, "operatingIncomeRatio": 0.2021229917, "totalOtherIncomeExpensesNet": 15677000, "incomeBeforeTax": 82931000, "incomeBeforeTaxRatio": 0.2492381393, "incomeTaxExpense": 20059000, "netIncome": 62872000, "netIncomeRatio": 0.1889534709, "eps": 0.43, "epsdiluted": 0.42, "weightedAverageShsOut": 146369000, "weightedAverageShsOutDil": 149515000, "link": "https://www.sec.gov/Archives/edgar/data/943819/000119312512034956/0001193125-12-034956-index.htm", "finalLink": "https://www.sec.gov/Archives/edgar/data/943819/000119312512034956/d268359d10q.htm"}, {"date": "2011-09-30", "symbol": "RMD", "reportedCurrency": "USD", "cik": "0000943819", "fillingDate": "2011-11-03", "acceptedDate": "2011-11-02 18:42:43", "calendarYear": "2012", "period": "Q1", "revenue": 314774000, "costOfRevenue": 129720000, "grossProfit": 185054000, "grossProfitRatio": 0.5878948071, "researchAndDevelopmentExpenses": 26206000, "generalAndAdministrativeExpenses": 94203000, "sellingAndMarketingExpenses": 0, "sellingGeneralAndAdministrativeExpenses": 94203000, "otherExpenses": 3771000, "operatingExpenses": 124180000, "costAndExpenses": 253900000, "interestIncome": 0, "interestExpense": 0, "depreciationAndAmortization": 3771000, "ebitda": 60874000, "ebitdaratio": 0.193389543, "operatingIncome": 60874000, "operatingIncomeRatio": 0.193389543, "totalOtherIncomeExpensesNet": 5623000, "incomeBeforeTax": 66497000, "incomeBeforeTaxRatio": 0.2112531531, "incomeTaxExpense": 15979000, "netIncome": 50518000, "netIncomeRatio": 0.1604897482, "eps": 0.34, "epsdiluted": 0.33, "weightedAverageShsOut": 150366000, "weightedAverageShsOutDil": 154051000, "link": "https://www.sec.gov/Archives/edgar/data/943819/000119312511293193/0001193125-11-293193-index.htm", "finalLink": "https://www.sec.gov/Archives/edgar/data/943819/000119312511293193/d239703d10q.htm"}, {"date": "2011-06-30", "symbol": "RMD", "reportedCurrency": "USD", "cik": "0000943819", "fillingDate": "2011-08-17", "acceptedDate": "2011-08-16 20:19:34", "calendarYear": "2011", "period": "Q4", "revenue": 341893000, "costOfRevenue": 143021000, "grossProfit": 198872000, "grossProfitRatio": 0.5816790633, "researchAndDevelopmentExpenses": 26976000, "generalAndAdministrativeExpenses": 103329000, "sellingAndMarketingExpenses": -1000000, "sellingGeneralAndAdministrativeExpenses": 102329000, "otherExpenses": 2870000, "operatingExpenses": 132175000, "costAndExpenses": 275196000, "interestIncome": 0, "interestExpense": 0, "depreciationAndAmortization": 2870000, "ebitda": 85205000, "ebitdaratio": 0.2492153978, "operatingIncome": 66697000, "operatingIncomeRatio": 0.1950815021, "totalOtherIncomeExpensesNet": 10512000, "incomeBeforeTax": 77209000, "incomeBeforeTaxRatio": 0.2258279637, "incomeTaxExpense": 18737000, "netIncome": 58472000, "netIncomeRatio": 0.1710242678, "eps": 0.38, "epsdiluted": 0.37, "weightedAverageShsOut": 152653000, "weightedAverageShsOutDil": 156723000, "link": "https://www.sec.gov/Archives/edgar/data/943819/000119312511224622/0001193125-11-224622-index.htm", "finalLink": "https://www.sec.gov/Archives/edgar/data/943819/000119312511224622/d10k.htm"}, {"date": "2011-03-31", "symbol": "RMD", "reportedCurrency": "USD", "cik": "0000943819", "fillingDate": "2011-05-03", "acceptedDate": "2011-05-03 11:10:05", "calendarYear": "2011", "period": "Q3", "revenue": 901255000, "costOfRevenue": 358800000, "grossProfit": 542455000, "grossProfitRatio": 0.6018884777, "researchAndDevelopmentExpenses": 65032000, "generalAndAdministrativeExpenses": 92549000, "sellingAndMarketingExpenses": 176371000, "sellingGeneralAndAdministrativeExpenses": 268920000, "otherExpenses": 2673000, "operatingExpenses": 341228000, "costAndExpenses": 700028000, "interestIncome": 0, "interestExpense": 0, "depreciationAndAmortization": 7276000, "ebitda": 63962000, "ebitdaratio": 0.0709699253, "operatingIncome": 200227000, "operatingIncomeRatio": 0.2221646482, "totalOtherIncomeExpensesNet": 7061000, "incomeBeforeTax": 226498000, "incomeBeforeTaxRatio": 0.251314001, "incomeTaxExpense": 57984000, "netIncome": 168514000, "netIncomeRatio": 0.1869770487, "eps": 1.11, "epsdiluted": 1.07, "weightedAverageShsOut": 152407000, "weightedAverageShsOutDil": 157356000, "link": "https://www.sec.gov/Archives/edgar/data/943819/000119312511123186/0001193125-11-123186-index.htm", "finalLink": "https://www.sec.gov/Archives/edgar/data/943819/000119312511123186/d10q.htm"}, {"date": "2010-12-31", "symbol": "RMD", "reportedCurrency": "USD", "cik": "0000943819", "fillingDate": "2011-02-03", "acceptedDate": "2011-02-03 17:24:11", "calendarYear": "2011", "period": "Q2", "revenue": 305986000, "costOfRevenue": 119987000, "grossProfit": 185999000, "grossProfitRatio": 0.6078676802, "researchAndDevelopmentExpenses": 21972000, "generalAndAdministrativeExpenses": 91581000, "sellingAndMarketingExpenses": 0, "sellingGeneralAndAdministrativeExpenses": 91581000, "otherExpenses": 2573000, "operatingExpenses": 116126000, "costAndExpenses": 236113000, "interestIncome": 0, "interestExpense": 0, "depreciationAndAmortization": 2573000, "ebitda": 69873000, "ebitdaratio": 0.2283535848, "operatingIncome": 69873000, "operatingIncomeRatio": 0.2283535848, "totalOtherIncomeExpensesNet": 9048000, "incomeBeforeTax": 78921000, "incomeBeforeTaxRatio": 0.2579235651, "incomeTaxExpense": 20465000, "netIncome": 58456000, "netIncomeRatio": 0.1910414202, "eps": 0.38, "epsdiluted": 0.37, "weightedAverageShsOut": 152420000, "weightedAverageShsOutDil": 157593000, "link": "https://www.sec.gov/Archives/edgar/data/943819/000119312511023363/0001193125-11-023363-index.htm", "finalLink": "https://www.sec.gov/Archives/edgar/data/943819/000119312511023363/d10q.htm"}, {"date": "2010-09-30", "symbol": "RMD", "reportedCurrency": "USD", "cik": "0000943819", "fillingDate": "2010-11-03", "acceptedDate": "2010-11-03 09:21:41", "calendarYear": "2011", "period": "Q1", "revenue": 282012000, "costOfRevenue": 108058000, "grossProfit": 173954000, "grossProfitRatio": 0.6168319079, "researchAndDevelopmentExpenses": 19739000, "generalAndAdministrativeExpenses": 84791000, "sellingAndMarketingExpenses": 0, "sellingGeneralAndAdministrativeExpenses": 84791000, "otherExpenses": 2030000, "operatingExpenses": 106560000, "costAndExpenses": 214618000, "interestIncome": 0, "interestExpense": 0, "depreciationAndAmortization": 2030000, "ebitda": 83036000, "ebitdaratio": 0.2944413713, "operatingIncome": 66394000, "operatingIncomeRatio": 0.235429698, "totalOtherIncomeExpensesNet": 10160000, "incomeBeforeTax": 76554000, "incomeBeforeTaxRatio": 0.2714565338, "incomeTaxExpense": 19846000, "netIncome": 56708000, "netIncomeRatio": 0.2010836418, "eps": 0.37, "epsdiluted": 0.36, "weightedAverageShsOut": 151474000, "weightedAverageShsOutDil": 156752000, "link": "https://www.sec.gov/Archives/edgar/data/943819/000119312510245458/0001193125-10-245458-index.htm", "finalLink": "https://www.sec.gov/Archives/edgar/data/943819/000119312510245458/d10q.htm"}]