[{"date": "2025-06-28", "symbol": "LSTR", "reportedCurrency": "USD", "cik": "0000853816", "fillingDate": "2025-07-29", "acceptedDate": "2025-07-29 16:26:54", "calendarYear": "2025", "period": "Q2", "revenue": 1211383000, "costOfRevenue": 941411000, "grossProfit": 269972000, "grossProfitRatio": 0.2228626289, "researchAndDevelopmentExpenses": 0, "generalAndAdministrativeExpenses": 0, "sellingAndMarketingExpenses": 0, "sellingGeneralAndAdministrativeExpenses": 55706000, "otherExpenses": 161715000, "operatingExpenses": 217421000, "costAndExpenses": 1158832000, "interestIncome": 0, "interestExpense": 698000, "depreciationAndAmortization": 12149000, "ebitda": 68429000, "ebitdaratio": 0.0564883278, "operatingIncome": 56280000, "operatingIncomeRatio": 0.0464592949, "totalOtherIncomeExpensesNet": -698000, "incomeBeforeTax": 55582000, "incomeBeforeTaxRatio": 0.045883094, "incomeTaxExpense": 13689000, "netIncome": 41893000, "netIncomeRatio": 0.0345827868, "eps": 1.2, "epsdiluted": 1.2, "weightedAverageShsOut": 34870000, "weightedAverageShsOutDil": 34870000, "link": "https://www.sec.gov/Archives/edgar/data/853816/000119312525168028/0001193125-25-168028-index.htm", "finalLink": "https://www.sec.gov/Archives/edgar/data/853816/000119312525168028/d89216d10q.htm"}, {"date": "2025-03-29", "symbol": "LSTR", "reportedCurrency": "USD", "cik": "0000853816", "fillingDate": "2025-05-13", "acceptedDate": "2025-05-13 17:04:38", "calendarYear": "2025", "period": "Q1", "revenue": 1152502000, "costOfRevenue": 1003418000, "grossProfit": 149084000, "grossProfitRatio": 0.1293568254, "researchAndDevelopmentExpenses": 0, "generalAndAdministrativeExpenses": 101434000, "sellingAndMarketingExpenses": 0, "sellingGeneralAndAdministrativeExpenses": 61582000, "otherExpenses": 157221000, "operatingExpenses": 113263000, "costAndExpenses": 1113083000, "interestIncome": 0, "interestExpense": 0, "depreciationAndAmortization": 12226000, "ebitda": 51645000, "ebitdaratio": 0.0448112021, "operatingIncome": 39419000, "operatingIncomeRatio": 0.0342029775, "totalOtherIncomeExpensesNet": 159000, "incomeBeforeTax": 39578000, "incomeBeforeTaxRatio": 0.0343409382, "incomeTaxExpense": 9772000, "netIncome": 29806000, "netIncomeRatio": 0.0258619942, "eps": 0.85, "epsdiluted": 0.85, "weightedAverageShsOut": 35203000, "weightedAverageShsOutDil": 35203000, "link": "https://www.sec.gov/Archives/edgar/data/853816/000119312525118922/0001193125-25-118922-index.htm", "finalLink": "https://www.sec.gov/Archives/edgar/data/853816/000119312525118922/d807088d10q.htm"}, {"date": "2024-12-28", "symbol": "LSTR", "reportedCurrency": "USD", "cik": "0000853816", "fillingDate": "2025-02-24", "acceptedDate": "2025-02-24 17:25:09", "calendarYear": "2024", "period": "Q4", "revenue": 1209330000, "costOfRevenue": 1055544000, "grossProfit": 153786000, "grossProfitRatio": 0.1271662822, "researchAndDevelopmentExpenses": 0, "generalAndAdministrativeExpenses": 55095000, "sellingAndMarketingExpenses": 96950000, "sellingGeneralAndAdministrativeExpenses": 55095000, "otherExpenses": 10821000, "operatingExpenses": 99837000, "costAndExpenses": 1151559000, "interestIncome": 964000, "interestExpense": 0, "depreciationAndAmortization": 12737000, "ebitda": 66686000, "ebitdaratio": 0.0551429304, "operatingIncome": 57771000, "operatingIncomeRatio": 0.0477710799, "totalOtherIncomeExpensesNet": 964000, "incomeBeforeTax": 58735000, "incomeBeforeTaxRatio": 0.0485682155, "incomeTaxExpense": 12542000, "netIncome": 46193000, "netIncomeRatio": 0.0381971836, "eps": 1.31, "epsdiluted": 1.31, "weightedAverageShsOut": 35328000, "weightedAverageShsOutDil": 35328000, "link": "https://www.sec.gov/Archives/edgar/data/853816/000119312525033543/0001193125-25-033543-index.htm", "finalLink": "https://www.sec.gov/Archives/edgar/data/853816/000119312525033543/d874247d10k.htm"}, {"date": "2024-09-28", "symbol": "LSTR", "reportedCurrency": "USD", "cik": "0000853816", "fillingDate": "2024-10-30", "acceptedDate": "2024-10-30 13:48:45", "calendarYear": "2024", "period": "Q3", "revenue": 1213867000, "costOfRevenue": 1057879000, "grossProfit": 155988000, "grossProfitRatio": 0.1285050174, "researchAndDevelopmentExpenses": 0, "generalAndAdministrativeExpenses": 81650000, "sellingAndMarketingExpenses": -30398000, "sellingGeneralAndAdministrativeExpenses": 51252000, "otherExpenses": 41620000, "operatingExpenses": 92872000, "costAndExpenses": 1150751000, "interestIncome": 1169000, "interestExpense": 0, "depreciationAndAmortization": 15371000, "ebitda": 74565000, "ebitdaratio": 0.0614276523, "operatingIncome": 63116000, "operatingIncomeRatio": 0.0519958117, "totalOtherIncomeExpensesNet": 1169000, "incomeBeforeTax": 64285000, "incomeBeforeTaxRatio": 0.0529588497, "incomeTaxExpense": 14252000, "netIncome": 50033000, "netIncomeRatio": 0.0412178599, "eps": 1.41, "epsdiluted": 1.41, "weightedAverageShsOut": 35420000, "weightedAverageShsOutDil": 35420000, "link": "https://www.sec.gov/Archives/edgar/data/853816/000119312524247331/0001193125-24-247331-index.htm", "finalLink": "https://www.sec.gov/Archives/edgar/data/853816/000119312524247331/d858305d10q.htm"}, {"date": "2024-06-29", "symbol": "LSTR", "reportedCurrency": "USD", "cik": "0000853816", "fillingDate": "2024-07-31", "acceptedDate": "2024-07-31 11:33:18", "calendarYear": "2024", "period": "Q2", "revenue": 1225005000, "costOfRevenue": 1064362000, "grossProfit": 160643000, "grossProfitRatio": 0.1311366076, "researchAndDevelopmentExpenses": 0, "generalAndAdministrativeExpenses": 54939000, "sellingAndMarketingExpenses": 99816000, "sellingGeneralAndAdministrativeExpenses": 154755000, "otherExpenses": 28623000, "operatingExpenses": 92584000, "costAndExpenses": 1160600000, "interestIncome": 1675000, "interestExpense": 0, "depreciationAndAmortization": 14488000, "ebitda": 82547000, "ebitdaratio": 0.0673850311, "operatingIncome": 68059000, "operatingIncomeRatio": 0.0555581406, "totalOtherIncomeExpensesNet": 1675000, "incomeBeforeTax": 69734000, "incomeBeforeTaxRatio": 0.0569254819, "incomeTaxExpense": 17110000, "netIncome": 52624000, "netIncomeRatio": 0.042958192, "eps": 1.48, "epsdiluted": 1.48, "weightedAverageShsOut": 35654000, "weightedAverageShsOutDil": 35654000, "link": "https://www.sec.gov/Archives/edgar/data/853816/000119312524189687/0001193125-24-189687-index.htm", "finalLink": "https://www.sec.gov/Archives/edgar/data/853816/000119312524189687/d853858d10q.htm"}, {"date": "2024-03-30", "symbol": "LSTR", "reportedCurrency": "USD", "cik": "0000853816", "fillingDate": "2024-05-03", "acceptedDate": "2024-05-03 11:50:20", "calendarYear": "2024", "period": "Q1", "revenue": 1171043000, "costOfRevenue": 1016945000, "grossProfit": 154098000, "grossProfitRatio": 0.1315903857, "researchAndDevelopmentExpenses": 0, "generalAndAdministrativeExpenses": 56422000, "sellingAndMarketingExpenses": 97282000, "sellingGeneralAndAdministrativeExpenses": 153704000, "otherExpenses": 11447000, "operatingExpenses": 94137000, "costAndExpenses": 1111082000, "interestIncome": 3412000, "interestExpense": 0, "depreciationAndAmortization": 14142000, "ebitda": 73855000, "ebitdaratio": 0.0630677097, "operatingIncome": 59961000, "operatingIncomeRatio": 0.0512030728, "totalOtherIncomeExpensesNet": 1611000, "incomeBeforeTax": 61572000, "incomeBeforeTaxRatio": 0.0525787695, "incomeTaxExpense": 14476000, "netIncome": 47096000, "netIncomeRatio": 0.0402171398, "eps": 1.32, "epsdiluted": 1.32, "weightedAverageShsOut": 35750000, "weightedAverageShsOutDil": 35750000, "link": "https://www.sec.gov/Archives/edgar/data/853816/000119312524130360/0001193125-24-130360-index.htm", "finalLink": "https://www.sec.gov/Archives/edgar/data/853816/000119312524130360/d810885d10q.htm"}, {"date": "2023-12-30", "symbol": "LSTR", "reportedCurrency": "USD", "cik": "0000853816", "fillingDate": "2024-02-26", "acceptedDate": "2024-02-23 21:46:30", "calendarYear": "2023", "period": "Q4", "revenue": 1204445000, "costOfRevenue": 1039954000, "grossProfit": 164491000, "grossProfitRatio": 0.1365699555, "researchAndDevelopmentExpenses": 35000, "generalAndAdministrativeExpenses": -46543000, "sellingAndMarketingExpenses": 99271000, "sellingGeneralAndAdministrativeExpenses": 52728000, "otherExpenses": 41463000, "operatingExpenses": 93191000, "costAndExpenses": 1133145000, "interestIncome": 3267000, "interestExpense": 1400000, "depreciationAndAmortization": 13655000, "ebitda": 87494000, "ebitdaratio": 0.0726425864, "operatingIncome": 71300000, "operatingIncomeRatio": 0.0591973897, "totalOtherIncomeExpensesNet": 1867000, "incomeBeforeTax": 76434000, "incomeBeforeTaxRatio": 0.0634599338, "incomeTaxExpense": 18447000, "netIncome": 57987000, "netIncomeRatio": 0.048144166, "eps": 1.62, "epsdiluted": 1.62, "weightedAverageShsOut": 35804000, "weightedAverageShsOutDil": 35804000, "link": "https://www.sec.gov/Archives/edgar/data/853816/000119312524044902/0001193125-24-044902-index.htm", "finalLink": "https://www.sec.gov/Archives/edgar/data/853816/000119312524044902/d16653d10k.htm"}, {"date": "2023-09-30", "symbol": "LSTR", "reportedCurrency": "USD", "cik": "0000853816", "fillingDate": "2023-11-03", "acceptedDate": "2023-11-03 14:09:15", "calendarYear": "2023", "period": "Q3", "revenue": 1289345000, "costOfRevenue": 1116346000, "grossProfit": 172999000, "grossProfitRatio": 0.13417588, "researchAndDevelopmentExpenses": 0, "generalAndAdministrativeExpenses": 80515000, "sellingAndMarketingExpenses": 0, "sellingGeneralAndAdministrativeExpenses": 80515000, "otherExpenses": 12136000, "operatingExpenses": 95673000, "costAndExpenses": 1212019000, "interestIncome": 1046000, "interestExpense": 0, "depreciationAndAmortization": 14359000, "ebitda": 91685000, "ebitdaratio": 0.0711097495, "operatingIncome": 80348000, "operatingIncomeRatio": 0.0623169129, "totalOtherIncomeExpensesNet": 1046000, "incomeBeforeTax": 81394000, "incomeBeforeTaxRatio": 0.0631281775, "incomeTaxExpense": 19741000, "netIncome": 61653000, "netIncomeRatio": 0.0478173026, "eps": 1.71, "epsdiluted": 1.71, "weightedAverageShsOut": 35951000, "weightedAverageShsOutDil": 35951000, "link": "https://www.sec.gov/Archives/edgar/data/853816/000119312523270269/0001193125-23-270269-index.htm", "finalLink": "https://www.sec.gov/Archives/edgar/data/853816/000119312523270269/d468811d10q.htm"}, {"date": "2023-07-01", "symbol": "LSTR", "reportedCurrency": "USD", "cik": "0000853816", "fillingDate": "2023-08-04", "acceptedDate": "2023-08-04 11:19:22", "calendarYear": "2023", "period": "Q2", "revenue": 1373857000, "costOfRevenue": 1190616000, "grossProfit": 183241000, "grossProfitRatio": 0.1333770545, "researchAndDevelopmentExpenses": 0, "generalAndAdministrativeExpenses": 84313000, "sellingAndMarketingExpenses": 0, "sellingGeneralAndAdministrativeExpenses": 84313000, "otherExpenses": 10978000, "operatingExpenses": 97775000, "costAndExpenses": 1288391000, "interestIncome": 307000, "interestExpense": 0, "depreciationAndAmortization": 14941000, "ebitda": 102891000, "ebitdaratio": 0.0748920739, "operatingIncome": 87950000, "operatingIncomeRatio": 0.0640168518, "totalOtherIncomeExpensesNet": 307000, "incomeBeforeTax": 88257000, "incomeBeforeTaxRatio": 0.0642403103, "incomeTaxExpense": 21698000, "netIncome": 66559000, "netIncomeRatio": 0.048446818, "eps": 1.85, "epsdiluted": 1.85, "weightedAverageShsOut": 35946472, "weightedAverageShsOutDil": 35946472, "link": "https://www.sec.gov/Archives/edgar/data/853816/000119312523203607/0001193125-23-203607-index.htm", "finalLink": "https://www.sec.gov/Archives/edgar/data/853816/000119312523203607/d444128d10q.htm"}, {"date": "2023-04-01", "symbol": "LSTR", "reportedCurrency": "USD", "cik": "0000853816", "fillingDate": "2023-05-05", "acceptedDate": "2023-05-05 11:41:54", "calendarYear": "2023", "period": "Q1", "revenue": 1435675000, "costOfRevenue": 1242167000, "grossProfit": 193508000, "grossProfitRatio": 0.1347853797, "researchAndDevelopmentExpenses": 0, "generalAndAdministrativeExpenses": 53567000, "sellingAndMarketingExpenses": 125675000, "sellingGeneralAndAdministrativeExpenses": 179242000, "otherExpenses": 12378000, "operatingExpenses": 93592000, "costAndExpenses": 1335759000, "interestIncome": 726000, "interestExpense": 0, "depreciationAndAmortization": 15198000, "ebitda": 115114000, "ebitdaratio": 0.0801810995, "operatingIncome": 101284000, "operatingIncomeRatio": 0.0705480001, "totalOtherIncomeExpensesNet": 726000, "incomeBeforeTax": 102010000, "incomeBeforeTaxRatio": 0.0710536855, "incomeTaxExpense": 23815000, "netIncome": 78195000, "netIncomeRatio": 0.0544656695, "eps": 2.18, "epsdiluted": 2.17, "weightedAverageShsOut": 35933111, "weightedAverageShsOutDil": 35982000, "link": "https://www.sec.gov/Archives/edgar/data/853816/000119312523136738/0001193125-23-136738-index.htm", "finalLink": "https://www.sec.gov/Archives/edgar/data/853816/000119312523136738/d436547d10q.htm"}, {"date": "2022-12-31", "symbol": "LSTR", "reportedCurrency": "USD", "cik": "0000853816", "fillingDate": "2023-02-24", "acceptedDate": "2023-02-24 16:51:59", "calendarYear": "2022", "period": "Q4", "revenue": 1674767000, "costOfRevenue": 1455608000, "grossProfit": 219159000, "grossProfitRatio": 0.1308593972, "researchAndDevelopmentExpenses": 33000, "generalAndAdministrativeExpenses": 56080000, "sellingAndMarketingExpenses": 149106000, "sellingGeneralAndAdministrativeExpenses": 205186000, "otherExpenses": 10314000, "operatingExpenses": 95964000, "costAndExpenses": 1551572000, "interestIncome": 0, "interestExpense": 345000, "depreciationAndAmortization": 14826000, "ebitda": 139160000, "ebitdaratio": 0.0830921555, "operatingIncome": 124334000, "operatingIncomeRatio": 0.0742395808, "totalOtherIncomeExpensesNet": -345000, "incomeBeforeTax": 123989000, "incomeBeforeTaxRatio": 0.074033582, "incomeTaxExpense": 30687000, "netIncome": 93302000, "netIncomeRatio": 0.0557104361, "eps": 2.6, "epsdiluted": 2.6, "weightedAverageShsOut": 35927010, "weightedAverageShsOutDil": 35930000, "link": "https://www.sec.gov/Archives/edgar/data/853816/000119312523048874/0001193125-23-048874-index.htm", "finalLink": "https://www.sec.gov/Archives/edgar/data/853816/000119312523048874/d428854d10k.htm"}, {"date": "2022-09-24", "symbol": "LSTR", "reportedCurrency": "USD", "cik": "0000853816", "fillingDate": "2022-10-28", "acceptedDate": "2022-10-28 11:19:29", "calendarYear": "2022", "period": "Q3", "revenue": 1816132000, "costOfRevenue": 1585030000, "grossProfit": 231102000, "grossProfitRatio": 0.1272495612, "researchAndDevelopmentExpenses": 0, "generalAndAdministrativeExpenses": 84964000, "sellingAndMarketingExpenses": -31445000, "sellingGeneralAndAdministrativeExpenses": 53519000, "otherExpenses": -44801000, "operatingExpenses": 98320000, "costAndExpenses": 1683350000, "interestIncome": 0, "interestExpense": 1047000, "depreciationAndAmortization": 14582000, "ebitda": 148080000, "ebitdaratio": 0.0815359236, "operatingIncome": 132782000, "operatingIncomeRatio": 0.0731125271, "totalOtherIncomeExpensesNet": -1047000, "incomeBeforeTax": 132451000, "incomeBeforeTaxRatio": 0.0729302716, "incomeTaxExpense": 32233000, "netIncome": 100218000, "netIncomeRatio": 0.0551821123, "eps": 2.79, "epsdiluted": 2.76, "weightedAverageShsOut": 35925265, "weightedAverageShsOutDil": 36334000, "link": "https://www.sec.gov/Archives/edgar/data/853816/000119312522272095/0001193125-22-272095-index.htm", "finalLink": "https://www.sec.gov/Archives/edgar/data/853816/000119312522272095/d401622d10q.htm"}, {"date": "2022-06-25", "symbol": "LSTR", "reportedCurrency": "USD", "cik": "0000853816", "fillingDate": "2022-07-29", "acceptedDate": "2022-07-29 12:03:22", "calendarYear": "2022", "period": "Q2", "revenue": 1975064000, "costOfRevenue": 1721832000, "grossProfit": 253232000, "grossProfitRatio": 0.1282145794, "researchAndDevelopmentExpenses": 0, "generalAndAdministrativeExpenses": 58967000, "sellingAndMarketingExpenses": 161856000, "sellingGeneralAndAdministrativeExpenses": 220823000, "otherExpenses": -44433000, "operatingExpenses": 103400000, "costAndExpenses": 1825232000, "interestIncome": 0, "interestExpense": 1105000, "depreciationAndAmortization": 14288000, "ebitda": 164706000, "ebitdaratio": 0.0833927407, "operatingIncome": 150418000, "operatingIncomeRatio": 0.0761585447, "totalOtherIncomeExpensesNet": -1105000, "incomeBeforeTax": 149313000, "incomeBeforeTaxRatio": 0.0755990692, "incomeTaxExpense": 36758000, "netIncome": 112555000, "netIncomeRatio": 0.0569880267, "eps": 3.09, "epsdiluted": 3.05, "weightedAverageShsOut": 36430318, "weightedAverageShsOutDil": 36905000, "link": "https://www.sec.gov/Archives/edgar/data/853816/000119312522206093/0001193125-22-206093-index.htm", "finalLink": "https://www.sec.gov/Archives/edgar/data/853816/000119312522206093/d342899d10q.htm"}, {"date": "2022-03-26", "symbol": "LSTR", "reportedCurrency": "USD", "cik": "0000853816", "fillingDate": "2022-04-29", "acceptedDate": "2022-04-29 14:48:14", "calendarYear": "2022", "period": "Q1", "revenue": 1970599000, "costOfRevenue": 1713865000, "grossProfit": 256734000, "grossProfitRatio": 0.1302822137, "researchAndDevelopmentExpenses": 0, "generalAndAdministrativeExpenses": 52713000, "sellingAndMarketingExpenses": 149778000, "sellingGeneralAndAdministrativeExpenses": 202491000, "otherExpenses": 11141000, "operatingExpenses": 94622000, "costAndExpenses": 1808487000, "interestIncome": 0, "interestExpense": 1123000, "depreciationAndAmortization": 13757000, "ebitda": 176590000, "ebitdaratio": 0.0896123463, "operatingIncome": 162833000, "operatingIncomeRatio": 0.0826312203, "totalOtherIncomeExpensesNet": -1123000, "incomeBeforeTax": 161710000, "incomeBeforeTaxRatio": 0.0820613428, "incomeTaxExpense": 36871000, "netIncome": 124839000, "netIncomeRatio": 0.0633507883, "eps": 3.36, "epsdiluted": 3.34, "weightedAverageShsOut": 37127333, "weightedAverageShsOutDil": 37418000, "link": "https://www.sec.gov/Archives/edgar/data/853816/000119312522133032/0001193125-22-133032-index.htm", "finalLink": "https://www.sec.gov/Archives/edgar/data/853816/000119312522133032/d339967d10q.htm"}, {"date": "2021-12-25", "symbol": "LSTR", "reportedCurrency": "USD", "cik": "0000853816", "fillingDate": "2022-02-18", "acceptedDate": "2022-02-18 16:35:34", "calendarYear": "2021", "period": "Q4", "revenue": 1945017000, "costOfRevenue": 1694759000, "grossProfit": 250258000, "grossProfitRatio": 0.1286662276, "researchAndDevelopmentExpenses": 0, "generalAndAdministrativeExpenses": 62558000, "sellingAndMarketingExpenses": 150212000, "sellingGeneralAndAdministrativeExpenses": 212770000, "otherExpenses": 9414000, "operatingExpenses": 102237000, "costAndExpenses": 1796996000, "interestIncome": 0, "interestExpense": 1002000, "depreciationAndAmortization": 13077000, "ebitda": 161817000, "ebitdaratio": 0.0831956739, "operatingIncome": 148740000, "operatingIncomeRatio": 0.0764723393, "totalOtherIncomeExpensesNet": -1002000, "incomeBeforeTax": 147738000, "incomeBeforeTaxRatio": 0.0759571767, "incomeTaxExpense": 34423000, "netIncome": 113315000, "netIncomeRatio": 0.0582591309, "eps": 3.01, "epsdiluted": 2.99, "weightedAverageShsOut": 37693740, "weightedAverageShsOutDil": 37917000, "link": "https://www.sec.gov/Archives/edgar/data/853816/000119312522046673/0001193125-22-046673-index.htm", "finalLink": "https://www.sec.gov/Archives/edgar/data/853816/000119312522046673/d238952d10k.htm"}, {"date": "2021-09-25", "symbol": "LSTR", "reportedCurrency": "USD", "cik": "0000853816", "fillingDate": "2021-10-29", "acceptedDate": "2021-10-29 12:53:59", "calendarYear": "2021", "period": "Q3", "revenue": 1734299000, "costOfRevenue": 1504254000, "grossProfit": 230045000, "grossProfitRatio": 0.132644371, "researchAndDevelopmentExpenses": 0, "generalAndAdministrativeExpenses": 59198000, "sellingAndMarketingExpenses": 135295000, "sellingGeneralAndAdministrativeExpenses": 194493000, "otherExpenses": 10572000, "operatingExpenses": 99339000, "costAndExpenses": 1603593000, "interestIncome": 0, "interestExpense": 965000, "depreciationAndAmortization": 12288000, "ebitda": 143700000, "ebitdaratio": 0.0828576849, "operatingIncome": 131412000, "operatingIncomeRatio": 0.0757724014, "totalOtherIncomeExpensesNet": -965000, "incomeBeforeTax": 130447000, "incomeBeforeTaxRatio": 0.0752159806, "incomeTaxExpense": 31772000, "netIncome": 98675000, "netIncomeRatio": 0.0568961869, "eps": 2.59, "epsdiluted": 2.58, "weightedAverageShsOut": 38108586, "weightedAverageShsOutDil": 38218000, "link": "https://www.sec.gov/Archives/edgar/data/853816/000119312521312970/0001193125-21-312970-index.htm", "finalLink": "https://www.sec.gov/Archives/edgar/data/853816/000119312521312970/d218009d10q.htm"}, {"date": "2021-06-26", "symbol": "LSTR", "reportedCurrency": "USD", "cik": "0000853816", "fillingDate": "2021-07-30", "acceptedDate": "2021-07-30 13:49:31", "calendarYear": "2021", "period": "Q2", "revenue": 1570718000, "costOfRevenue": 1362077000, "grossProfit": 208641000, "grossProfitRatio": 0.1328316095, "researchAndDevelopmentExpenses": 0, "generalAndAdministrativeExpenses": 54114000, "sellingAndMarketingExpenses": 121693000, "sellingGeneralAndAdministrativeExpenses": 175807000, "otherExpenses": 8903000, "operatingExpenses": 87141000, "costAndExpenses": 1449218000, "interestIncome": 0, "interestExpense": 967000, "depreciationAndAmortization": 12143000, "ebitda": 134391000, "ebitdaratio": 0.0855602342, "operatingIncome": 122248000, "operatingIncomeRatio": 0.0778293748, "totalOtherIncomeExpensesNet": -967000, "incomeBeforeTax": 121281000, "incomeBeforeTaxRatio": 0.0772137328, "incomeTaxExpense": 28987000, "netIncome": 92294000, "netIncomeRatio": 0.0587591153, "eps": 2.41, "epsdiluted": 2.4, "weightedAverageShsOut": 38275799, "weightedAverageShsOutDil": 38402000, "link": "https://www.sec.gov/Archives/edgar/data/853816/000119312521230798/0001193125-21-230798-index.htm", "finalLink": "https://www.sec.gov/Archives/edgar/data/853816/000119312521230798/d43464d10q.htm"}, {"date": "2021-03-27", "symbol": "LSTR", "reportedCurrency": "USD", "cik": "0000853816", "fillingDate": "2021-04-30", "acceptedDate": "2021-04-30 14:19:14", "calendarYear": "2021", "period": "Q1", "revenue": 1287534000, "costOfRevenue": 1110395000, "grossProfit": 177139000, "grossProfitRatio": 0.1375800561, "researchAndDevelopmentExpenses": 0, "generalAndAdministrativeExpenses": 45408000, "sellingAndMarketingExpenses": 100009000, "sellingGeneralAndAdministrativeExpenses": 145417000, "otherExpenses": 7642000, "operatingExpenses": 74555000, "costAndExpenses": 1184950000, "interestIncome": 0, "interestExpense": 1042000, "depreciationAndAmortization": 12101000, "ebitda": 115369000, "ebitdaratio": 0.089604624, "operatingIncome": 103268000, "operatingIncomeRatio": 0.0802060373, "totalOtherIncomeExpensesNet": -1042000, "incomeBeforeTax": 102226000, "incomeBeforeTaxRatio": 0.0793967383, "incomeTaxExpense": 24986000, "netIncome": 77240000, "netIncomeRatio": 0.0599906488, "eps": 2.01, "epsdiluted": 2.01, "weightedAverageShsOut": 38408570, "weightedAverageShsOutDil": 38408570, "link": "https://www.sec.gov/Archives/edgar/data/853816/000119312521144263/0001193125-21-144263-index.htm", "finalLink": "https://www.sec.gov/Archives/edgar/data/853816/000119312521144263/d160741d10q.htm"}, {"date": "2020-12-26", "symbol": "LSTR", "reportedCurrency": "USD", "cik": "0000853816", "fillingDate": "2021-02-23", "acceptedDate": "2021-02-23 15:36:35", "calendarYear": "2020", "period": "Q4", "revenue": 1296355000, "costOfRevenue": 1125640000, "grossProfit": 170715000, "grossProfitRatio": 0.131688465, "researchAndDevelopmentExpenses": 0, "generalAndAdministrativeExpenses": 42854000, "sellingAndMarketingExpenses": 104290000, "sellingGeneralAndAdministrativeExpenses": 147144000, "otherExpenses": 7428000, "operatingExpenses": 71492000, "costAndExpenses": 1197132000, "interestIncome": 0, "interestExpense": 1017000, "depreciationAndAmortization": 11643000, "ebitda": 96055000, "ebitdaratio": 0.0740962159, "operatingIncome": 84412000, "operatingIncomeRatio": 0.0651148798, "totalOtherIncomeExpensesNet": -1017000, "incomeBeforeTax": 83395000, "incomeBeforeTaxRatio": 0.0643303725, "incomeTaxExpense": 18324000, "netIncome": 65071000, "netIncomeRatio": 0.0501953554, "eps": 1.7, "epsdiluted": 1.7, "weightedAverageShsOut": 38389000, "weightedAverageShsOutDil": 38389000, "link": "https://www.sec.gov/Archives/edgar/data/853816/000119312521052225/0001193125-21-052225-index.htm", "finalLink": "https://www.sec.gov/Archives/edgar/data/853816/000119312521052225/d79942d10k.htm"}, {"date": "2020-09-26", "symbol": "LSTR", "reportedCurrency": "USD", "cik": "0000853816", "fillingDate": "2020-10-30", "acceptedDate": "2020-10-30 11:27:19", "calendarYear": "2020", "period": "Q3", "revenue": 1085546000, "costOfRevenue": 935841000, "grossProfit": 149705000, "grossProfitRatio": 0.1379075599, "researchAndDevelopmentExpenses": 0, "generalAndAdministrativeExpenses": 38851000, "sellingAndMarketingExpenses": 85848000, "sellingGeneralAndAdministrativeExpenses": 124699000, "otherExpenses": 7361000, "operatingExpenses": 68067000, "costAndExpenses": 1003908000, "interestIncome": 0, "interestExpense": 1008000, "depreciationAndAmortization": 11240000, "ebitda": 93592000, "ebitdaratio": 0.0862165215, "operatingIncome": 82352000, "operatingIncomeRatio": 0.075862285, "totalOtherIncomeExpensesNet": -1008000, "incomeBeforeTax": 81344000, "incomeBeforeTaxRatio": 0.07493372, "incomeTaxExpense": 19458000, "netIncome": 61886000, "netIncomeRatio": 0.0570090996, "eps": 1.61, "epsdiluted": 1.61, "weightedAverageShsOut": 38383779, "weightedAverageShsOutDil": 38386000, "link": "https://www.sec.gov/Archives/edgar/data/853816/000119312520282083/0001193125-20-282083-index.htm", "finalLink": "https://www.sec.gov/Archives/edgar/data/853816/000119312520282083/d45089d10q.htm"}, {"date": "2020-06-27", "symbol": "LSTR", "reportedCurrency": "USD", "cik": "0000853816", "fillingDate": "2020-07-31", "acceptedDate": "2020-07-31 10:34:56", "calendarYear": "2020", "period": "Q2", "revenue": 823514000, "costOfRevenue": 721866000, "grossProfit": 101648000, "grossProfitRatio": 0.1234320242, "researchAndDevelopmentExpenses": 0, "generalAndAdministrativeExpenses": 40601000, "sellingAndMarketingExpenses": 62673000, "sellingGeneralAndAdministrativeExpenses": 103274000, "otherExpenses": 7368000, "operatingExpenses": 67720000, "costAndExpenses": 789586000, "interestIncome": 0, "interestExpense": 976000, "depreciationAndAmortization": 11467000, "ebitda": 43648000, "ebitdaratio": 0.0530021348, "operatingIncome": 32181000, "operatingIncomeRatio": 0.0390776599, "totalOtherIncomeExpensesNet": -976000, "incomeBeforeTax": 31205000, "incomeBeforeTaxRatio": 0.0378924948, "incomeTaxExpense": 6951000, "netIncome": 24254000, "netIncomeRatio": 0.0294518369, "eps": 0.63, "epsdiluted": 0.63, "weightedAverageShsOut": 38379459, "weightedAverageShsOutDil": 38379459, "link": "https://www.sec.gov/Archives/edgar/data/853816/000119312520205519/0001193125-20-205519-index.htm", "finalLink": "https://www.sec.gov/Archives/edgar/data/853816/000119312520205519/d919850d10q.htm"}, {"date": "2020-03-28", "symbol": "LSTR", "reportedCurrency": "USD", "cik": "0000853816", "fillingDate": "2020-05-01", "acceptedDate": "2020-05-01 10:06:16", "calendarYear": "2020", "period": "Q1", "revenue": 927566000, "costOfRevenue": 796138000, "grossProfit": 131428000, "grossProfitRatio": 0.1416912651, "researchAndDevelopmentExpenses": 0, "generalAndAdministrativeExpenses": 45327000, "sellingAndMarketingExpenses": 75376000, "sellingGeneralAndAdministrativeExpenses": 120703000, "otherExpenses": 8306000, "operatingExpenses": 78590000, "costAndExpenses": 874728000, "interestIncome": 0, "interestExpense": 952000, "depreciationAndAmortization": 11505000, "ebitda": 65510000, "ebitdaratio": 0.0706257021, "operatingIncome": 54005000, "operatingIncomeRatio": 0.0582222721, "totalOtherIncomeExpensesNet": -952000, "incomeBeforeTax": 53053000, "incomeBeforeTaxRatio": 0.05719593, "incomeTaxExpense": 12158000, "netIncome": 40895000, "netIncomeRatio": 0.0440885069, "eps": 1.04, "epsdiluted": 1.04, "weightedAverageShsOut": 39322115, "weightedAverageShsOutDil": 39322115, "link": "https://www.sec.gov/Archives/edgar/data/853816/000119312520129965/0001193125-20-129965-index.htm", "finalLink": "https://www.sec.gov/Archives/edgar/data/853816/000119312520129965/d892399d10q.htm"}, {"date": "2019-12-28", "symbol": "LSTR", "reportedCurrency": "USD", "cik": "0000853816", "fillingDate": "2020-02-21", "acceptedDate": "2020-02-21 16:25:14", "calendarYear": "2019", "period": "Q4", "revenue": 994879000, "costOfRevenue": 857615000, "grossProfit": 137264000, "grossProfitRatio": 0.1379705472, "researchAndDevelopmentExpenses": 0, "generalAndAdministrativeExpenses": 38236000, "sellingAndMarketingExpenses": 84364000, "sellingGeneralAndAdministrativeExpenses": 122600000, "otherExpenses": 8743000, "operatingExpenses": 72050000, "costAndExpenses": 929665000, "interestIncome": 0, "interestExpense": 863000, "depreciationAndAmortization": 11423000, "ebitda": 77942000, "ebitdaratio": 0.0783431955, "operatingIncome": 66519000, "operatingIncomeRatio": 0.0668613972, "totalOtherIncomeExpensesNet": -863000, "incomeBeforeTax": 65656000, "incomeBeforeTaxRatio": 0.065993955, "incomeTaxExpense": 15608000, "netIncome": 50048000, "netIncomeRatio": 0.0503056151, "eps": 1.27, "epsdiluted": 1.27, "weightedAverageShsOut": 39472000, "weightedAverageShsOutDil": 39472000, "link": "https://www.sec.gov/Archives/edgar/data/853816/000119312520044766/0001193125-20-044766-index.htm", "finalLink": "https://www.sec.gov/Archives/edgar/data/853816/000119312520044766/d837995d10k.htm"}, {"date": "2019-09-28", "symbol": "LSTR", "reportedCurrency": "USD", "cik": "0000853816", "fillingDate": "2019-11-01", "acceptedDate": "2019-11-01 11:15:03", "calendarYear": "2019", "period": "Q3", "revenue": 1011658000, "costOfRevenue": 869783000, "grossProfit": 141875000, "grossProfitRatio": 0.1402400811, "researchAndDevelopmentExpenses": 0, "generalAndAdministrativeExpenses": 38152000, "sellingAndMarketingExpenses": 84568000, "sellingGeneralAndAdministrativeExpenses": 122720000, "otherExpenses": 10431000, "operatingExpenses": 72552000, "costAndExpenses": 942335000, "interestIncome": 0, "interestExpense": 764000, "depreciationAndAmortization": 10695000, "ebitda": 81333000, "ebitdaratio": 0.0803957464, "operatingIncome": 70638000, "operatingIncomeRatio": 0.0698239919, "totalOtherIncomeExpensesNet": -764000, "incomeBeforeTax": 69874000, "incomeBeforeTaxRatio": 0.069068796, "incomeTaxExpense": 16619000, "netIncome": 53255000, "netIncomeRatio": 0.0526413076, "eps": 1.35, "epsdiluted": 1.35, "weightedAverageShsOut": 39566000, "weightedAverageShsOutDil": 39566000, "link": "https://www.sec.gov/Archives/edgar/data/853816/000119312519281469/0001193125-19-281469-index.htm", "finalLink": "https://www.sec.gov/Archives/edgar/data/853816/000119312519281469/d787083d10q.htm"}, {"date": "2019-06-29", "symbol": "LSTR", "reportedCurrency": "USD", "cik": "0000853816", "fillingDate": "2019-08-02", "acceptedDate": "2019-08-02 09:59:20", "calendarYear": "2019", "period": "Q2", "revenue": 1045040000, "costOfRevenue": 898028000, "grossProfit": 147012000, "grossProfitRatio": 0.140675955, "researchAndDevelopmentExpenses": 0, "generalAndAdministrativeExpenses": 41296999, "sellingAndMarketingExpenses": 87623000, "sellingGeneralAndAdministrativeExpenses": 128919999, "otherExpenses": 9861000, "operatingExpenses": 67444000, "costAndExpenses": 965472000, "interestIncome": 0, "interestExpense": 709000, "depreciationAndAmortization": 11034000, "ebitda": 91885000, "ebitdaratio": 0.0879248641, "operatingIncome": 80851000, "operatingIncomeRatio": 0.0773664166, "totalOtherIncomeExpensesNet": -709000, "incomeBeforeTax": 80142000, "incomeBeforeTaxRatio": 0.0766879737, "incomeTaxExpense": 19042000, "netIncome": 61100000, "netIncomeRatio": 0.0584666616, "eps": 1.53, "epsdiluted": 1.53, "weightedAverageShsOut": 39945000, "weightedAverageShsOutDil": 39945000, "link": "https://www.sec.gov/Archives/edgar/data/853816/000119312519211641/0001193125-19-211641-index.htm", "finalLink": "https://www.sec.gov/Archives/edgar/data/853816/000119312519211641/d753612d10q.htm"}, {"date": "2019-03-30", "symbol": "LSTR", "reportedCurrency": "USD", "cik": "0000853816", "fillingDate": "2019-05-03", "acceptedDate": "2019-05-03 10:43:08", "calendarYear": "2019", "period": "Q1", "revenue": 1033000000, "costOfRevenue": 888742000, "grossProfit": 144258000, "grossProfitRatio": 0.1396495644, "researchAndDevelopmentExpenses": 0, "generalAndAdministrativeExpenses": 41268000, "sellingAndMarketingExpenses": 85671000, "sellingGeneralAndAdministrativeExpenses": 126939000, "otherExpenses": 8239000, "operatingExpenses": 64500000, "costAndExpenses": 953242000, "interestIncome": 0, "interestExpense": 805000, "depreciationAndAmortization": 11316000, "ebitda": 92212000, "ebitdaratio": 0.0892662149, "operatingIncome": 80896000, "operatingIncomeRatio": 0.0783117135, "totalOtherIncomeExpensesNet": -805000, "incomeBeforeTax": 80091000, "incomeBeforeTaxRatio": 0.0775324298, "incomeTaxExpense": 16791000, "netIncome": 63317000, "netIncomeRatio": 0.0612942885, "eps": 1.58, "epsdiluted": 1.58, "weightedAverageShsOut": 40161000, "weightedAverageShsOutDil": 40166000, "link": "https://www.sec.gov/Archives/edgar/data/853816/000119312519136271/0001193125-19-136271-index.htm", "finalLink": "https://www.sec.gov/Archives/edgar/data/853816/000119312519136271/d698553d10q.htm"}, {"date": "2018-12-29", "symbol": "LSTR", "reportedCurrency": "USD", "cik": "0000853816", "fillingDate": "2019-02-22", "acceptedDate": "2019-02-22 15:15:26", "calendarYear": "2018", "period": "Q4", "revenue": 1182351000, "costOfRevenue": 1024475000, "grossProfit": 157876000, "grossProfitRatio": 0.1335271844, "researchAndDevelopmentExpenses": 0, "generalAndAdministrativeExpenses": 47264000, "sellingAndMarketingExpenses": 102174000, "sellingGeneralAndAdministrativeExpenses": 149438000, "otherExpenses": 7627000, "operatingExpenses": 72850000, "costAndExpenses": 1097325000, "interestIncome": 0, "interestExpense": 899000, "depreciationAndAmortization": 11050000, "ebitda": 97138000, "ebitdaratio": 0.0821566523, "operatingIncome": 86088000, "operatingIncomeRatio": 0.0728108658, "totalOtherIncomeExpensesNet": -899000, "incomeBeforeTax": 85189000, "incomeBeforeTaxRatio": 0.0720505163, "incomeTaxExpense": 16889000, "netIncome": 68256000, "netIncomeRatio": 0.05772905, "eps": 1.69, "epsdiluted": 1.68, "weightedAverageShsOut": 40501000, "weightedAverageShsOutDil": 40514000, "link": "https://www.sec.gov/Archives/edgar/data/853816/000119312519048217/0001193125-19-048217-index.htm", "finalLink": "https://www.sec.gov/Archives/edgar/data/853816/000119312519048217/d671477d10k.htm"}, {"date": "2018-09-29", "symbol": "LSTR", "reportedCurrency": "USD", "cik": "0000853816", "fillingDate": "2018-11-02", "acceptedDate": "2018-11-02 09:54:59", "calendarYear": "2018", "period": "Q3", "revenue": 1202081000, "costOfRevenue": 1041531000, "grossProfit": 160550000, "grossProfitRatio": 0.1335600513, "researchAndDevelopmentExpenses": 0, "generalAndAdministrativeExpenses": 46699000, "sellingAndMarketingExpenses": 99304000, "sellingGeneralAndAdministrativeExpenses": 146003000, "otherExpenses": 8966000, "operatingExpenses": 74484000, "costAndExpenses": 1116015000, "interestIncome": 0, "interestExpense": 816000, "depreciationAndAmortization": 10754000, "ebitda": 97822000, "ebitdaratio": 0.0813772117, "operatingIncome": 87068000, "operatingIncomeRatio": 0.0724310591, "totalOtherIncomeExpensesNet": -816000, "incomeBeforeTax": 86252000, "incomeBeforeTaxRatio": 0.0717522363, "incomeTaxExpense": 19304000, "netIncome": 66985000, "netIncomeRatio": 0.0557241983, "eps": 1.63, "epsdiluted": 1.63, "weightedAverageShsOut": 41101000, "weightedAverageShsOutDil": 41137000, "link": "https://www.sec.gov/Archives/edgar/data/853816/000119312518316558/0001193125-18-316558-index.htm", "finalLink": "https://www.sec.gov/Archives/edgar/data/853816/000119312518316558/d613939d10q.htm"}, {"date": "2018-06-30", "symbol": "LSTR", "reportedCurrency": "USD", "cik": "0000853816", "fillingDate": "2018-08-03", "acceptedDate": "2018-08-03 10:37:44", "calendarYear": "2018", "period": "Q2", "revenue": 1182786000, "costOfRevenue": 1022108000, "grossProfit": 160678000, "grossProfitRatio": 0.1358470594, "researchAndDevelopmentExpenses": 0, "generalAndAdministrativeExpenses": 48998000, "sellingAndMarketingExpenses": 94399000, "sellingGeneralAndAdministrativeExpenses": 143397000, "otherExpenses": 7606000, "operatingExpenses": 78143000, "costAndExpenses": 1100251000, "interestIncome": 0, "interestExpense": 839000, "depreciationAndAmortization": 10769000, "ebitda": 94195000, "ebitdaratio": 0.0796382439, "operatingIncome": 83426000, "operatingIncomeRatio": 0.0705334693, "totalOtherIncomeExpensesNet": -839000, "incomeBeforeTax": 82587000, "incomeBeforeTaxRatio": 0.0698241271, "incomeTaxExpense": 20095000, "netIncome": 62523000, "netIncomeRatio": 0.052860788, "eps": 1.51, "epsdiluted": 1.51, "weightedAverageShsOut": 41450000, "weightedAverageShsOutDil": 41491000, "link": "https://www.sec.gov/Archives/edgar/data/853816/000119312518237402/0001193125-18-237402-index.htm", "finalLink": "https://www.sec.gov/Archives/edgar/data/853816/000119312518237402/d558657d10q.htm"}, {"date": "2018-03-31", "symbol": "LSTR", "reportedCurrency": "USD", "cik": "0000853816", "fillingDate": "2018-05-04", "acceptedDate": "2018-05-04 10:49:57", "calendarYear": "2018", "period": "Q1", "revenue": 1047926000, "costOfRevenue": 903419000, "grossProfit": 144507000, "grossProfitRatio": 0.1378980959, "researchAndDevelopmentExpenses": 0, "generalAndAdministrativeExpenses": 45251000, "sellingAndMarketingExpenses": 82125000, "sellingGeneralAndAdministrativeExpenses": 127376000, "otherExpenses": 7604000, "operatingExpenses": 70215000, "costAndExpenses": 973634000, "interestIncome": 0, "interestExpense": 800000, "depreciationAndAmortization": 10997000, "ebitda": 86150000, "ebitdaratio": 0.0822100034, "operatingIncome": 75153000, "operatingIncomeRatio": 0.0717159418, "totalOtherIncomeExpensesNet": -800000, "incomeBeforeTax": 74353000, "incomeBeforeTaxRatio": 0.0709525291, "incomeTaxExpense": 16880000, "netIncome": 57517000, "netIncomeRatio": 0.0548865092, "eps": 1.37, "epsdiluted": 1.37, "weightedAverageShsOut": 42038000, "weightedAverageShsOutDil": 42098000, "link": "https://www.sec.gov/Archives/edgar/data/853816/000119312518152064/0001193125-18-152064-index.htm", "finalLink": "https://www.sec.gov/Archives/edgar/data/853816/000119312518152064/d551494d10q.htm"}, {"date": "2017-12-30", "symbol": "LSTR", "reportedCurrency": "USD", "cik": "0000853816", "fillingDate": "2018-02-23", "acceptedDate": "2018-02-23 13:28:41", "calendarYear": "2017", "period": "Q4", "revenue": 1051592000, "costOfRevenue": 912502000, "grossProfit": 139090000, "grossProfitRatio": 0.132266126, "researchAndDevelopmentExpenses": 0, "generalAndAdministrativeExpenses": 47404000, "sellingAndMarketingExpenses": 86732000, "sellingGeneralAndAdministrativeExpenses": 134136000, "otherExpenses": 6190000, "operatingExpenses": 69806000, "costAndExpenses": 982308000, "interestIncome": 0, "interestExpense": 607000, "depreciationAndAmortization": 10599000, "ebitda": 80648000, "ebitdaratio": 0.0766913404, "operatingIncome": 70049000, "operatingIncomeRatio": 0.0666123363, "totalOtherIncomeExpensesNet": -607000, "incomeBeforeTax": 69442000, "incomeBeforeTaxRatio": 0.0660351163, "incomeTaxExpense": 4759000, "netIncome": 64752000, "netIncomeRatio": 0.0615752117, "eps": 1.54, "epsdiluted": 1.54, "weightedAverageShsOut": 41981000, "weightedAverageShsOutDil": 42054000, "link": "https://www.sec.gov/Archives/edgar/data/853816/000119312518055528/0001193125-18-055528-index.htm", "finalLink": "https://www.sec.gov/Archives/edgar/data/853816/000119312518055528/d492493d10k.htm"}, {"date": "2017-09-30", "symbol": "LSTR", "reportedCurrency": "USD", "cik": "0000853816", "fillingDate": "2017-11-03", "acceptedDate": "2017-11-03 13:40:28", "calendarYear": "2017", "period": "Q3", "revenue": 943430000, "costOfRevenue": 813555000, "grossProfit": 129875000, "grossProfitRatio": 0.1376625717, "researchAndDevelopmentExpenses": 0, "generalAndAdministrativeExpenses": 43995000, "sellingAndMarketingExpenses": 76598000, "sellingGeneralAndAdministrativeExpenses": 120593000, "otherExpenses": 8097000, "operatingExpenses": 70019000, "costAndExpenses": 883574000, "interestIncome": 0, "interestExpense": 657000, "depreciationAndAmortization": 10130000, "ebitda": 70697000, "ebitdaratio": 0.0749361373, "operatingIncome": 60567000, "operatingIncomeRatio": 0.0641987217, "totalOtherIncomeExpensesNet": -657000, "incomeBeforeTax": 59910000, "incomeBeforeTaxRatio": 0.0635023266, "incomeTaxExpense": 17490000, "netIncome": 42443000, "netIncomeRatio": 0.0449879694, "eps": 1.01, "epsdiluted": 1.01, "weightedAverageShsOut": 41957000, "weightedAverageShsOutDil": 42028000, "link": "https://www.sec.gov/Archives/edgar/data/853816/000119312517332435/0001193125-17-332435-index.htm", "finalLink": "https://www.sec.gov/Archives/edgar/data/853816/000119312517332435/d457958d10q.htm"}, {"date": "2017-07-01", "symbol": "LSTR", "reportedCurrency": "USD", "cik": "0000853816", "fillingDate": "2017-08-04", "acceptedDate": "2017-08-04 10:43:51", "calendarYear": "2017", "period": "Q2", "revenue": 870434000, "costOfRevenue": 747767000, "grossProfit": 122667000, "grossProfitRatio": 0.1409262506, "researchAndDevelopmentExpenses": 0, "generalAndAdministrativeExpenses": 40861000, "sellingAndMarketingExpenses": 70282000, "sellingGeneralAndAdministrativeExpenses": 111143000, "otherExpenses": 7503000, "operatingExpenses": 62257000, "costAndExpenses": 810024000, "interestIncome": 0, "interestExpense": 819000, "depreciationAndAmortization": 9897000, "ebitda": 70915000, "ebitdaratio": 0.0814708525, "operatingIncome": 61018000, "operatingIncomeRatio": 0.0701006624, "totalOtherIncomeExpensesNet": -819000, "incomeBeforeTax": 60199000, "incomeBeforeTaxRatio": 0.0691597525, "incomeTaxExpense": 22689000, "netIncome": 37510000, "netIncomeRatio": 0.0430934453, "eps": 0.89, "epsdiluted": 0.89, "weightedAverageShsOut": 41935000, "weightedAverageShsOutDil": 42010000, "link": "https://www.sec.gov/Archives/edgar/data/853816/000119312517248343/0001193125-17-248343-index.htm", "finalLink": "https://www.sec.gov/Archives/edgar/data/853816/000119312517248343/d313072d10q.htm"}, {"date": "2017-04-01", "symbol": "LSTR", "reportedCurrency": "USD", "cik": "0000853816", "fillingDate": "2017-05-05", "acceptedDate": "2017-05-05 11:23:58", "calendarYear": "2017", "period": "Q1", "revenue": 780908000, "costOfRevenue": 669255000, "grossProfit": 111653000, "grossProfitRatio": 0.1429784302, "researchAndDevelopmentExpenses": 0, "generalAndAdministrativeExpenses": 38323000, "sellingAndMarketingExpenses": 63798000, "sellingGeneralAndAdministrativeExpenses": 102121000, "otherExpenses": 6897000, "operatingExpenses": 59733000, "costAndExpenses": 728988000, "interestIncome": 0, "interestExpense": 1083000, "depreciationAndAmortization": 9934000, "ebitda": 62268000, "ebitdaratio": 0.0797379461, "operatingIncome": 52334000, "operatingIncomeRatio": 0.0670168573, "totalOtherIncomeExpensesNet": -1083000, "incomeBeforeTax": 51251000, "incomeBeforeTaxRatio": 0.0656300102, "incomeTaxExpense": 18868000, "netIncome": 32383000, "netIncomeRatio": 0.0414683932, "eps": 0.77, "epsdiluted": 0.77, "weightedAverageShsOut": 41879000, "weightedAverageShsOutDil": 41998000, "link": "https://www.sec.gov/Archives/edgar/data/853816/000119312517160224/0001193125-17-160224-index.htm", "finalLink": "https://www.sec.gov/Archives/edgar/data/853816/000119312517160224/d373389d10q.htm"}, {"date": "2016-12-31", "symbol": "LSTR", "reportedCurrency": "USD", "cik": "0000853816", "fillingDate": "2017-02-24", "acceptedDate": "2017-02-24 15:53:00", "calendarYear": "2016", "period": "Q4", "revenue": 892829000, "costOfRevenue": 769735000, "grossProfit": 123094000, "grossProfitRatio": 0.1378696257, "researchAndDevelopmentExpenses": 0, "generalAndAdministrativeExpenses": 37028000, "sellingAndMarketingExpenses": 75130000, "sellingGeneralAndAdministrativeExpenses": 112158000, "otherExpenses": 8218000, "operatingExpenses": 59731000, "costAndExpenses": 829466000, "interestIncome": 0, "interestExpense": 1069000, "depreciationAndAmortization": 9687000, "ebitda": 73452000, "ebitdaratio": 0.0822688331, "operatingIncome": 63765000, "operatingIncomeRatio": 0.0714190511, "totalOtherIncomeExpensesNet": -1069000, "incomeBeforeTax": 62696000, "incomeBeforeTaxRatio": 0.0702217334, "incomeTaxExpense": 23122000, "netIncome": 39574000, "netIncomeRatio": 0.0443242771, "eps": 0.95, "epsdiluted": 0.94, "weightedAverageShsOut": 41805000, "weightedAverageShsOutDil": 41938000, "link": "https://www.sec.gov/Archives/edgar/data/853816/000119312517056249/0001193125-17-056249-index.htm", "finalLink": "https://www.sec.gov/Archives/edgar/data/853816/000119312517056249/d303717d10k.htm"}, {"date": "2016-09-24", "symbol": "LSTR", "reportedCurrency": "USD", "cik": "0000853816", "fillingDate": "2016-10-28", "acceptedDate": "2016-10-28 13:48:59", "calendarYear": "2016", "period": "Q3", "revenue": 787938000, "costOfRevenue": 675162000, "grossProfit": 112776000, "grossProfitRatio": 0.1431280126, "researchAndDevelopmentExpenses": 0, "generalAndAdministrativeExpenses": 34692000, "sellingAndMarketingExpenses": 65144000, "sellingGeneralAndAdministrativeExpenses": 99836000, "otherExpenses": 7492000, "operatingExpenses": 54672000, "costAndExpenses": 729834000, "interestIncome": 0, "interestExpense": 948000, "depreciationAndAmortization": 9016000, "ebitda": 67477000, "ebitdaratio": 0.0856374486, "operatingIncome": 58461000, "operatingIncomeRatio": 0.074194924, "totalOtherIncomeExpensesNet": -948000, "incomeBeforeTax": 57513000, "incomeBeforeTaxRatio": 0.0729917836, "incomeTaxExpense": 21235000, "netIncome": 36278000, "netIncomeRatio": 0.0460416936, "eps": 0.86, "epsdiluted": 0.86, "weightedAverageShsOut": 42039000, "weightedAverageShsOutDil": 42170000, "link": "https://www.sec.gov/Archives/edgar/data/853816/000119312516751262/0001193125-16-751262-index.htm", "finalLink": "https://www.sec.gov/Archives/edgar/data/853816/000119312516751262/d261007d10q.htm"}, {"date": "2016-06-25", "symbol": "LSTR", "reportedCurrency": "USD", "cik": "0000853816", "fillingDate": "2016-07-29", "acceptedDate": "2016-07-29 11:23:29", "calendarYear": "2016", "period": "Q2", "revenue": 775223000, "costOfRevenue": 662909000, "grossProfit": 112314000, "grossProfitRatio": 0.1448796024, "researchAndDevelopmentExpenses": 0, "generalAndAdministrativeExpenses": 52999000, "sellingAndMarketingExpenses": 0, "sellingGeneralAndAdministrativeExpenses": 52999000, "otherExpenses": 6585000, "operatingExpenses": 59584000, "costAndExpenses": 722493000, "interestIncome": 0, "interestExpense": 888000, "depreciationAndAmortization": 8655000, "ebitda": 61748000, "ebitdaratio": 0.0796519195, "operatingIncome": 53093000, "operatingIncomeRatio": 0.0684873901, "totalOtherIncomeExpensesNet": -888000, "incomeBeforeTax": 52205000, "incomeBeforeTaxRatio": 0.0673419132, "incomeTaxExpense": 19891000, "netIncome": 32314000, "netIncomeRatio": 0.0416834898, "eps": 0.77, "epsdiluted": 0.76, "weightedAverageShsOut": 42235000, "weightedAverageShsOutDil": 42357000, "link": "https://www.sec.gov/Archives/edgar/data/853816/000119312516663780/0001193125-16-663780-index.htm", "finalLink": "https://www.sec.gov/Archives/edgar/data/853816/000119312516663780/d201046d10q.htm"}, {"date": "2016-03-26", "symbol": "LSTR", "reportedCurrency": "USD", "cik": "0000853816", "fillingDate": "2016-04-29", "acceptedDate": "2016-04-29 13:48:06", "calendarYear": "2016", "period": "Q1", "revenue": 711644000, "costOfRevenue": 607858000, "grossProfit": 103786000, "grossProfitRatio": 0.1458397738, "researchAndDevelopmentExpenses": 0, "generalAndAdministrativeExpenses": 48827000, "sellingAndMarketingExpenses": 0, "sellingGeneralAndAdministrativeExpenses": 48827000, "otherExpenses": 7407000, "operatingExpenses": 56234000, "costAndExpenses": 664092000, "interestIncome": 0, "interestExpense": 889000, "depreciationAndAmortization": 8438000, "ebitda": 56370000, "ebitdaratio": 0.0792109538, "operatingIncome": 47932000, "operatingIncomeRatio": 0.0673539017, "totalOtherIncomeExpensesNet": -889000, "incomeBeforeTax": 47043000, "incomeBeforeTaxRatio": 0.0661046816, "incomeTaxExpense": 17859000, "netIncome": 29184000, "netIncomeRatio": 0.0410092687, "eps": 0.69, "epsdiluted": 0.69, "weightedAverageShsOut": 42395000, "weightedAverageShsOutDil": 42489000, "link": "https://www.sec.gov/Archives/edgar/data/853816/000119312516568058/0001193125-16-568058-index.htm", "finalLink": "https://www.sec.gov/Archives/edgar/data/853816/000119312516568058/d182975d10q.htm"}, {"date": "2015-12-26", "symbol": "LSTR", "reportedCurrency": "USD", "cik": "0000853816", "fillingDate": "2016-02-19", "acceptedDate": "2016-02-19 15:33:17", "calendarYear": "2015", "period": "Q4", "revenue": 848602000, "costOfRevenue": 730026000, "grossProfit": 118576000, "grossProfitRatio": 0.1397309929, "researchAndDevelopmentExpenses": 0, "generalAndAdministrativeExpenses": 49051000, "sellingAndMarketingExpenses": 0, "sellingGeneralAndAdministrativeExpenses": 49051000, "otherExpenses": 7230000, "operatingExpenses": 56281000, "costAndExpenses": 786307000, "interestIncome": 0, "interestExpense": 741000, "depreciationAndAmortization": 7849000, "ebitda": 70497000, "ebitdaratio": 0.0830742798, "operatingIncome": 62648000, "operatingIncomeRatio": 0.0738249497, "totalOtherIncomeExpensesNet": -741000, "incomeBeforeTax": 61907000, "incomeBeforeTaxRatio": 0.0729517489, "incomeTaxExpense": 24052000, "netIncome": 37855000, "netIncomeRatio": 0.0446086622, "eps": 0.89, "epsdiluted": 0.88, "weightedAverageShsOut": 42729000, "weightedAverageShsOutDil": 42849000, "link": "https://www.sec.gov/Archives/edgar/data/853816/000119312516469941/0001193125-16-469941-index.htm", "finalLink": "https://www.sec.gov/Archives/edgar/data/853816/000119312516469941/d105822d10k.htm"}, {"date": "2015-09-26", "symbol": "LSTR", "reportedCurrency": "USD", "cik": "0000853816", "fillingDate": "2015-10-30", "acceptedDate": "2015-10-30 11:38:05", "calendarYear": "2015", "period": "Q3", "revenue": 841726000, "costOfRevenue": 722065000, "grossProfit": 119661000, "grossProfitRatio": 0.1421614635, "researchAndDevelopmentExpenses": 0, "generalAndAdministrativeExpenses": 47313000, "sellingAndMarketingExpenses": 0, "sellingGeneralAndAdministrativeExpenses": 47313000, "otherExpenses": 8718000, "operatingExpenses": 56031000, "costAndExpenses": 778096000, "interestIncome": 0, "interestExpense": 714000, "depreciationAndAmortization": 7185000, "ebitda": 71165000, "ebitdaratio": 0.0845465151, "operatingIncome": 63980000, "operatingIncomeRatio": 0.0760104832, "totalOtherIncomeExpensesNet": -714000, "incomeBeforeTax": 63266000, "incomeBeforeTaxRatio": 0.0751622262, "incomeTaxExpense": 23918000, "netIncome": 39348000, "netIncomeRatio": 0.0467468036, "eps": 0.91, "epsdiluted": 0.9, "weightedAverageShsOut": 43446000, "weightedAverageShsOutDil": 43607000, "link": "https://www.sec.gov/Archives/edgar/data/853816/000119312515359499/0001193125-15-359499-index.htm", "finalLink": "https://www.sec.gov/Archives/edgar/data/853816/000119312515359499/d27240d10q.htm"}, {"date": "2015-06-27", "symbol": "LSTR", "reportedCurrency": "USD", "cik": "0000853816", "fillingDate": "2015-07-31", "acceptedDate": "2015-07-31 11:19:37", "calendarYear": "2015", "period": "Q2", "revenue": 868383000, "costOfRevenue": 744658000, "grossProfit": 123725000, "grossProfitRatio": 0.1424774552, "researchAndDevelopmentExpenses": 0, "generalAndAdministrativeExpenses": 50050000, "sellingAndMarketingExpenses": 0, "sellingGeneralAndAdministrativeExpenses": 50050000, "otherExpenses": 7981000, "operatingExpenses": 58031000, "costAndExpenses": 802689000, "interestIncome": 0, "interestExpense": 713000, "depreciationAndAmortization": 7049000, "ebitda": 73082000, "ebitdaratio": 0.084158718, "operatingIncome": 66033000, "operatingIncomeRatio": 0.076041332, "totalOtherIncomeExpensesNet": -713000, "incomeBeforeTax": 65320000, "incomeBeforeTaxRatio": 0.0752202657, "incomeTaxExpense": 24849000, "netIncome": 40471000, "netIncomeRatio": 0.0466050118, "eps": 0.92, "epsdiluted": 0.92, "weightedAverageShsOut": 43892000, "weightedAverageShsOutDil": 44033000, "link": "https://www.sec.gov/Archives/edgar/data/853816/000119312515272312/0001193125-15-272312-index.htm", "finalLink": "https://www.sec.gov/Archives/edgar/data/853816/000119312515272312/d946675d10q.htm"}, {"date": "2015-03-28", "symbol": "LSTR", "reportedCurrency": "USD", "cik": "0000853816", "fillingDate": "2015-05-01", "acceptedDate": "2015-05-01 11:20:00", "calendarYear": "2015", "period": "Q1", "revenue": 762380000, "costOfRevenue": 653956000, "grossProfit": 108424000, "grossProfitRatio": 0.1422177917, "researchAndDevelopmentExpenses": 0, "generalAndAdministrativeExpenses": 52044000, "sellingAndMarketingExpenses": 0, "sellingGeneralAndAdministrativeExpenses": 52044000, "otherExpenses": 7689000, "operatingExpenses": 59733000, "costAndExpenses": 713689000, "interestIncome": 0, "interestExpense": 781000, "depreciationAndAmortization": 7019000, "ebitda": 56064000, "ebitdaratio": 0.0735381306, "operatingIncome": 49045000, "operatingIncomeRatio": 0.0643314358, "totalOtherIncomeExpensesNet": -781000, "incomeBeforeTax": 48264000, "incomeBeforeTaxRatio": 0.0633070123, "incomeTaxExpense": 18249000, "netIncome": 30015000, "netIncomeRatio": 0.0393701304, "eps": 0.67, "epsdiluted": 0.67, "weightedAverageShsOut": 44588000, "weightedAverageShsOutDil": 44760000, "link": "https://www.sec.gov/Archives/edgar/data/853816/000119312515165180/0001193125-15-165180-index.htm", "finalLink": "https://www.sec.gov/Archives/edgar/data/853816/000119312515165180/d896596d10q.htm"}, {"date": "2014-12-27", "symbol": "LSTR", "reportedCurrency": "USD", "cik": "0000853816", "fillingDate": "2015-02-23", "acceptedDate": "2015-02-20 18:24:32", "calendarYear": "2014", "period": "Q4", "revenue": 862830000, "costOfRevenue": 745323000, "grossProfit": 117507000, "grossProfitRatio": 0.1361878933, "researchAndDevelopmentExpenses": 0, "generalAndAdministrativeExpenses": 50231000, "sellingAndMarketingExpenses": 0, "sellingGeneralAndAdministrativeExpenses": 50231000, "otherExpenses": 6421000, "operatingExpenses": 56652000, "costAndExpenses": 801975000, "interestIncome": 0, "interestExpense": 917000, "depreciationAndAmortization": 7156000, "ebitda": 68365000, "ebitdaratio": 0.0792334527, "operatingIncome": 61209000, "operatingIncomeRatio": 0.0709398143, "totalOtherIncomeExpensesNet": -917000, "incomeBeforeTax": 60292000, "incomeBeforeTaxRatio": 0.0698770326, "incomeTaxExpense": 21801000, "netIncome": 38491000, "netIncomeRatio": 0.0446101781, "eps": 0.86, "epsdiluted": 0.86, "weightedAverageShsOut": 44770000, "weightedAverageShsOutDil": 45002000, "link": "https://www.sec.gov/Archives/edgar/data/853816/000119312515056671/0001193125-15-056671-index.htm", "finalLink": "https://www.sec.gov/Archives/edgar/data/853816/000119312515056671/d836695d10k.htm"}, {"date": "2014-09-27", "symbol": "LSTR", "reportedCurrency": "USD", "cik": "0000853816", "fillingDate": "2014-10-31", "acceptedDate": "2014-10-31 14:01:00", "calendarYear": "2014", "period": "Q3", "revenue": 819320000, "costOfRevenue": 705313000, "grossProfit": 114007000, "grossProfitRatio": 0.1391483181, "researchAndDevelopmentExpenses": 0, "generalAndAdministrativeExpenses": 48241000, "sellingAndMarketingExpenses": 0, "sellingGeneralAndAdministrativeExpenses": 48241000, "otherExpenses": 6521000, "operatingExpenses": 54762000, "costAndExpenses": 760075000, "interestIncome": 0, "interestExpense": 774000, "depreciationAndAmortization": 7086000, "ebitda": 66663000, "ebitdaratio": 0.0813638139, "operatingIncome": 59577000, "operatingIncomeRatio": 0.0727151784, "totalOtherIncomeExpensesNet": -774000, "incomeBeforeTax": 58803000, "incomeBeforeTaxRatio": 0.0717704926, "incomeTaxExpense": 22048000, "netIncome": 36755000, "netIncomeRatio": 0.044860372, "eps": 0.82, "epsdiluted": 0.82, "weightedAverageShsOut": 44713000, "weightedAverageShsOutDil": 44937000, "link": "https://www.sec.gov/Archives/edgar/data/853816/000119312514391718/0001193125-14-391718-index.htm", "finalLink": "https://www.sec.gov/Archives/edgar/data/853816/000119312514391718/d798605d10q.htm"}, {"date": "2014-06-28", "symbol": "LSTR", "reportedCurrency": "USD", "cik": "0000853816", "fillingDate": "2014-08-01", "acceptedDate": "2014-08-01 11:02:24", "calendarYear": "2014", "period": "Q2", "revenue": 814443000, "costOfRevenue": 699359000, "grossProfit": 115084000, "grossProfitRatio": 0.1413039341, "researchAndDevelopmentExpenses": 0, "generalAndAdministrativeExpenses": 50601000, "sellingAndMarketingExpenses": 0, "sellingGeneralAndAdministrativeExpenses": 50601000, "otherExpenses": 6243000, "operatingExpenses": 56844000, "costAndExpenses": 756203000, "interestIncome": 0, "interestExpense": 718000, "depreciationAndAmortization": 6565000, "ebitda": 65137000, "ebitdaratio": 0.0799773588, "operatingIncome": 58572000, "operatingIncomeRatio": 0.071916635, "totalOtherIncomeExpensesNet": -718000, "incomeBeforeTax": 57854000, "incomeBeforeTaxRatio": 0.0710350509, "incomeTaxExpense": 21929000, "netIncome": 35925000, "netIncomeRatio": 0.0441099009, "eps": 0.8, "epsdiluted": 0.8, "weightedAverageShsOut": 44935000, "weightedAverageShsOutDil": 45128000, "link": "https://www.sec.gov/Archives/edgar/data/853816/000119312514290971/0001193125-14-290971-index.htm", "finalLink": "https://www.sec.gov/Archives/edgar/data/853816/000119312514290971/d745179d10q.htm"}, {"date": "2014-03-29", "symbol": "LSTR", "reportedCurrency": "USD", "cik": "0000853816", "fillingDate": "2014-05-02", "acceptedDate": "2014-05-02 09:34:04", "calendarYear": "2014", "period": "Q1", "revenue": 688197000, "costOfRevenue": 589503000, "grossProfit": 98694000, "grossProfitRatio": 0.1434095179, "researchAndDevelopmentExpenses": 0, "generalAndAdministrativeExpenses": 47457000, "sellingAndMarketingExpenses": 0, "sellingGeneralAndAdministrativeExpenses": 47457000, "otherExpenses": 6586000, "operatingExpenses": 54043000, "costAndExpenses": 643546000, "interestIncome": 0, "interestExpense": 768000, "depreciationAndAmortization": 6768000, "ebitda": 51782000, "ebitdaratio": 0.07524299, "operatingIncome": 45014000, "operatingIncomeRatio": 0.0654085967, "totalOtherIncomeExpensesNet": -768000, "incomeBeforeTax": 44246000, "incomeBeforeTaxRatio": 0.0642926371, "incomeTaxExpense": 16608000, "netIncome": 27638000, "netIncomeRatio": 0.0401600123, "eps": 0.61, "epsdiluted": 0.61, "weightedAverageShsOut": 45407000, "weightedAverageShsOutDil": 45596000, "link": "https://www.sec.gov/Archives/edgar/data/853816/000119312514178794/0001193125-14-178794-index.htm", "finalLink": "https://www.sec.gov/Archives/edgar/data/853816/000119312514178794/d706770d10q.htm"}, {"date": "2013-12-28", "symbol": "LSTR", "reportedCurrency": "USD", "cik": "0000853816", "fillingDate": "2014-02-21", "acceptedDate": "2014-02-21 15:12:34", "calendarYear": "2013", "period": "Q4", "revenue": 691975000, "costOfRevenue": 596152000, "grossProfit": 95823000, "grossProfitRatio": 0.1384775462, "researchAndDevelopmentExpenses": 0, "generalAndAdministrativeExpenses": 50274000, "sellingAndMarketingExpenses": 0, "sellingGeneralAndAdministrativeExpenses": 50274000, "otherExpenses": 6011000, "operatingExpenses": 56446000, "costAndExpenses": 652598000, "interestIncome": 0, "interestExpense": 844000, "depreciationAndAmortization": 6924000, "ebitda": 46246000, "ebitdaratio": 0.0668318942, "operatingIncome": 39741000, "operatingIncomeRatio": 0.0574312656, "totalOtherIncomeExpensesNet": 3486000, "incomeBeforeTax": 38897000, "incomeBeforeTaxRatio": 0.0562115683, "incomeTaxExpense": 13721000, "netIncome": 59557000, "netIncomeRatio": 0.0860681383, "eps": 1.3, "epsdiluted": 1.3, "weightedAverageShsOut": 45689000, "weightedAverageShsOutDil": 45869000, "link": "https://www.sec.gov/Archives/edgar/data/853816/000119312514062590/0001193125-14-062590-index.htm", "finalLink": "https://www.sec.gov/Archives/edgar/data/853816/000119312514062590/d665240d10k.htm"}, {"date": "2013-09-28", "symbol": "LSTR", "reportedCurrency": "USD", "cik": "0000853816", "fillingDate": "2013-11-01", "acceptedDate": "2013-11-01 14:20:52", "calendarYear": "2013", "period": "Q3", "revenue": 680521000, "costOfRevenue": 579446000, "grossProfit": 101075000, "grossProfitRatio": 0.1485259088, "researchAndDevelopmentExpenses": 0, "generalAndAdministrativeExpenses": 47630000, "sellingAndMarketingExpenses": 0, "sellingGeneralAndAdministrativeExpenses": 47630000, "otherExpenses": 6031000, "operatingExpenses": 53661000, "costAndExpenses": 633107000, "interestIncome": 0, "interestExpense": 856000, "depreciationAndAmortization": 7840000, "ebitda": 55620000, "ebitdaratio": 0.0817314969, "operatingIncome": 47780000, "operatingIncomeRatio": 0.0702109119, "totalOtherIncomeExpensesNet": -856000, "incomeBeforeTax": 46924000, "incomeBeforeTaxRatio": 0.0689530521, "incomeTaxExpense": 17678000, "netIncome": 29246000, "netIncomeRatio": 0.0429758964, "eps": 0.64, "epsdiluted": 0.64, "weightedAverageShsOut": 45708000, "weightedAverageShsOutDil": 45856000, "link": "https://www.sec.gov/Archives/edgar/data/853816/000119312513422688/0001193125-13-422688-index.htm", "finalLink": "https://www.sec.gov/Archives/edgar/data/853816/000119312513422688/d605344d10q.htm"}, {"date": "2013-06-29", "symbol": "LSTR", "reportedCurrency": "USD", "cik": "0000853816", "fillingDate": "2013-08-02", "acceptedDate": "2013-08-02 11:14:25", "calendarYear": "2013", "period": "Q2", "revenue": 679340000, "costOfRevenue": 577975000, "grossProfit": 101365000, "grossProfitRatio": 0.1492109989, "researchAndDevelopmentExpenses": 0, "generalAndAdministrativeExpenses": 47598000, "sellingAndMarketingExpenses": 0, "sellingGeneralAndAdministrativeExpenses": 47598000, "otherExpenses": 4201000, "operatingExpenses": 51799000, "costAndExpenses": 629774000, "interestIncome": 0, "interestExpense": 771000, "depreciationAndAmortization": 7810000, "ebitda": 57747000, "ebitdaratio": 0.0850045633, "operatingIncome": 49937000, "operatingIncomeRatio": 0.0735081108, "totalOtherIncomeExpensesNet": -771000, "incomeBeforeTax": 49166000, "incomeBeforeTaxRatio": 0.0723731857, "incomeTaxExpense": 18740000, "netIncome": 30426000, "netIncomeRatio": 0.044787588, "eps": 0.66, "epsdiluted": 0.66, "weightedAverageShsOut": 46253000, "weightedAverageShsOutDil": 46386000, "link": "https://www.sec.gov/Archives/edgar/data/853816/000119312513316528/0001193125-13-316528-index.htm", "finalLink": "https://www.sec.gov/Archives/edgar/data/853816/000119312513316528/d550104d10q.htm"}, {"date": "2013-03-30", "symbol": "LSTR", "reportedCurrency": "USD", "cik": "0000853816", "fillingDate": "2013-05-03", "acceptedDate": "2013-05-03 08:39:54", "calendarYear": "2013", "period": "Q1", "revenue": 628321000, "costOfRevenue": 532876000, "grossProfit": 95445000, "grossProfitRatio": 0.1519048385, "researchAndDevelopmentExpenses": 0, "generalAndAdministrativeExpenses": 47032000, "sellingAndMarketingExpenses": 0, "sellingGeneralAndAdministrativeExpenses": 47032000, "otherExpenses": 5325000, "operatingExpenses": 52357000, "costAndExpenses": 585233000, "interestIncome": 0, "interestExpense": 740000, "depreciationAndAmortization": 7183000, "ebitda": 50645000, "ebitdaratio": 0.0806037042, "operatingIncome": 43462000, "operatingIncomeRatio": 0.0691716495, "totalOtherIncomeExpensesNet": 914000, "incomeBeforeTax": 42722000, "incomeBeforeTaxRatio": 0.0679939076, "incomeTaxExpense": 15942000, "netIncome": 26780000, "netIncomeRatio": 0.0426215263, "eps": 0.58, "epsdiluted": 0.57, "weightedAverageShsOut": 46507000, "weightedAverageShsOutDil": 46722000, "link": "https://www.sec.gov/Archives/edgar/data/853816/000119312513197791/0001193125-13-197791-index.htm", "finalLink": "https://www.sec.gov/Archives/edgar/data/853816/000119312513197791/d512316d10q.htm"}, {"date": "2012-12-29", "symbol": "LSTR", "reportedCurrency": "USD", "cik": "0000853816", "fillingDate": "2013-02-21", "acceptedDate": "2013-02-21 16:48:11", "calendarYear": "2012", "period": "Q4", "revenue": 691256000, "costOfRevenue": 588095000, "grossProfit": 103161000, "grossProfitRatio": 0.149237041, "researchAndDevelopmentExpenses": 0, "generalAndAdministrativeExpenses": 48690000, "sellingAndMarketingExpenses": 0, "sellingGeneralAndAdministrativeExpenses": 48690000, "otherExpenses": -15162000, "operatingExpenses": 54004000, "costAndExpenses": 642099000, "interestIncome": 798000, "interestExpense": 0, "depreciationAndAmortization": 6980000, "ebitda": 56515000, "ebitdaratio": 0.0817569757, "operatingIncome": 49535000, "operatingIncomeRatio": 0.0716594142, "totalOtherIncomeExpensesNet": -792000, "incomeBeforeTax": 48743000, "incomeBeforeTaxRatio": 0.0705136737, "incomeTaxExpense": 14765000, "netIncome": 33978000, "netIncomeRatio": 0.0491540037, "eps": 0.73, "epsdiluted": 0.73, "weightedAverageShsOut": 46468000, "weightedAverageShsOutDil": 46614000, "link": "https://www.sec.gov/Archives/edgar/data/853816/000119312513069441/0001193125-13-069441-index.htm", "finalLink": "https://www.sec.gov/Archives/edgar/data/853816/000119312513069441/d455178d10k.htm"}, {"date": "2012-09-29", "symbol": "LSTR", "reportedCurrency": "USD", "cik": "0000853816", "fillingDate": "2012-11-02", "acceptedDate": "2012-11-02 12:07:56", "calendarYear": "2012", "period": "Q3", "revenue": 717168000, "costOfRevenue": 556172000, "grossProfit": 160996000, "grossProfitRatio": 0.2244885438, "researchAndDevelopmentExpenses": 0, "generalAndAdministrativeExpenses": 37455000, "sellingAndMarketingExpenses": 56036000, "sellingGeneralAndAdministrativeExpenses": 93491000, "otherExpenses": 13519000, "operatingExpenses": 107010000, "costAndExpenses": 663182000, "interestIncome": 393000, "interestExpense": 818000, "depreciationAndAmortization": 7072000, "ebitda": 61451000, "ebitdaratio": 0.0856856413, "operatingIncome": 54379000, "operatingIncomeRatio": 0.0758246324, "totalOtherIncomeExpensesNet": -818000, "incomeBeforeTax": 53561000, "incomeBeforeTaxRatio": 0.074684035, "incomeTaxExpense": 20460000, "netIncome": 33101000, "netIncomeRatio": 0.0461551547, "eps": 0.71, "epsdiluted": 0.71, "weightedAverageShsOut": 46614000, "weightedAverageShsOutDil": 46732000, "link": "https://www.sec.gov/Archives/edgar/data/853816/000119312512448464/0001193125-12-448464-index.htm", "finalLink": "https://www.sec.gov/Archives/edgar/data/853816/000119312512448464/d412059d10q.htm"}, {"date": "2012-06-30", "symbol": "LSTR", "reportedCurrency": "USD", "cik": "0000853816", "fillingDate": "2012-08-03", "acceptedDate": "2012-08-03 11:23:46", "calendarYear": "2012", "period": "Q2", "revenue": 735973000, "costOfRevenue": 572087000, "grossProfit": 163886000, "grossProfitRatio": 0.2226793646, "researchAndDevelopmentExpenses": 0, "generalAndAdministrativeExpenses": 37662000, "sellingAndMarketingExpenses": 56460000, "sellingGeneralAndAdministrativeExpenses": 94122000, "otherExpenses": 11380000, "operatingExpenses": 105502000, "costAndExpenses": 677589000, "interestIncome": 405000, "interestExpense": 770000, "depreciationAndAmortization": 6664000, "ebitda": 65453000, "ebitdaratio": 0.088933969, "operatingIncome": 58789000, "operatingIncomeRatio": 0.0798792891, "totalOtherIncomeExpensesNet": -770000, "incomeBeforeTax": 58019000, "incomeBeforeTaxRatio": 0.078833055, "incomeTaxExpense": 22164000, "netIncome": 35855000, "netIncomeRatio": 0.0487178198, "eps": 0.76, "epsdiluted": 0.76, "weightedAverageShsOut": 46915000, "weightedAverageShsOutDil": 47104000, "link": "https://www.sec.gov/Archives/edgar/data/853816/000119312512333948/0001193125-12-333948-index.htm", "finalLink": "https://www.sec.gov/Archives/edgar/data/853816/000119312512333948/d359922d10q.htm"}, {"date": "2012-03-31", "symbol": "LSTR", "reportedCurrency": "USD", "cik": "0000853816", "fillingDate": "2012-05-10", "acceptedDate": "2012-05-10 09:37:05", "calendarYear": "2012", "period": "Q1", "revenue": 649023000, "costOfRevenue": 504017000, "grossProfit": 145006000, "grossProfitRatio": 0.2234219743, "researchAndDevelopmentExpenses": 0, "generalAndAdministrativeExpenses": 38799000, "sellingAndMarketingExpenses": 50232000, "sellingGeneralAndAdministrativeExpenses": 89031000, "otherExpenses": 13212000, "operatingExpenses": 102243000, "costAndExpenses": 606260000, "interestIncome": 387000, "interestExpense": 724000, "depreciationAndAmortization": 6740000, "ebitda": 49890000, "ebitdaratio": 0.0768693868, "operatingIncome": 43150000, "operatingIncomeRatio": 0.0664845468, "totalOtherIncomeExpensesNet": -724000, "incomeBeforeTax": 42426000, "incomeBeforeTaxRatio": 0.0653690239, "incomeTaxExpense": 15579000, "netIncome": 26847000, "netIncomeRatio": 0.0413652521, "eps": 0.57, "epsdiluted": 0.57, "weightedAverageShsOut": 46800000, "weightedAverageShsOutDil": 47061000, "link": "https://www.sec.gov/Archives/edgar/data/853816/000119312512223983/0001193125-12-223983-index.htm", "finalLink": "https://www.sec.gov/Archives/edgar/data/853816/000119312512223983/d331661d10q.htm"}, {"date": "2011-12-31", "symbol": "LSTR", "reportedCurrency": "USD", "cik": "0000853816", "fillingDate": "2012-02-24", "acceptedDate": "2012-02-24 14:37:02", "calendarYear": "2011", "period": "Q4", "revenue": 717522000, "costOfRevenue": 556112000, "grossProfit": 161410000, "grossProfitRatio": 0.2249547749, "researchAndDevelopmentExpenses": 0, "generalAndAdministrativeExpenses": 40655000, "sellingAndMarketingExpenses": 56923000, "sellingGeneralAndAdministrativeExpenses": 97578000, "otherExpenses": 13293000, "operatingExpenses": 110871000, "costAndExpenses": 666983000, "interestIncome": 411000, "interestExpense": 772000, "depreciationAndAmortization": 6478000, "ebitda": 57428000, "ebitdaratio": 0.0800365703, "operatingIncome": 50950000, "operatingIncomeRatio": 0.0710082757, "totalOtherIncomeExpensesNet": -772000, "incomeBeforeTax": 50178000, "incomeBeforeTaxRatio": 0.0699323505, "incomeTaxExpense": 17546000, "netIncome": 32632000, "netIncomeRatio": 0.0454787449, "eps": 0.7, "epsdiluted": 0.7, "weightedAverageShsOut": 46766000, "weightedAverageShsOutDil": 46800000, "link": "https://www.sec.gov/Archives/edgar/data/853816/000119312512077747/0001193125-12-077747-index.htm", "finalLink": "https://www.sec.gov/Archives/edgar/data/853816/000119312512077747/d257962d10k.htm"}, {"date": "2011-09-24", "symbol": "LSTR", "reportedCurrency": "USD", "cik": "0000853816", "fillingDate": "2011-10-28", "acceptedDate": "2011-10-28 11:08:56", "calendarYear": "2011", "period": "Q3", "revenue": 684013000, "costOfRevenue": 527681000, "grossProfit": 156332000, "grossProfitRatio": 0.2285512117, "researchAndDevelopmentExpenses": 0, "generalAndAdministrativeExpenses": 39206000, "sellingAndMarketingExpenses": 54990000, "sellingGeneralAndAdministrativeExpenses": 94196000, "otherExpenses": 12976000, "operatingExpenses": 107172000, "costAndExpenses": 634853000, "interestIncome": 373000, "interestExpense": 735000, "depreciationAndAmortization": 6549000, "ebitda": 56082000, "ebitdaratio": 0.0819896698, "operatingIncome": 49533000, "operatingIncomeRatio": 0.0724152904, "totalOtherIncomeExpensesNet": -735000, "incomeBeforeTax": 48798000, "incomeBeforeTaxRatio": 0.0713407494, "incomeTaxExpense": 18640000, "netIncome": 30158000, "netIncomeRatio": 0.0440898053, "eps": 0.64, "epsdiluted": 0.64, "weightedAverageShsOut": 47358000, "weightedAverageShsOutDil": 47387000, "link": "https://www.sec.gov/Archives/edgar/data/853816/000119312511285476/0001193125-11-285476-index.htm", "finalLink": "https://www.sec.gov/Archives/edgar/data/853816/000119312511285476/d236572d10q.htm"}, {"date": "2011-06-25", "symbol": "LSTR", "reportedCurrency": "USD", "cik": "0000853816", "fillingDate": "2011-07-29", "acceptedDate": "2011-07-29 15:00:51", "calendarYear": "2011", "period": "Q2", "revenue": 675954000, "costOfRevenue": 523431000, "grossProfit": 152523000, "grossProfitRatio": 0.2256410939, "researchAndDevelopmentExpenses": 0, "generalAndAdministrativeExpenses": 35782000, "sellingAndMarketingExpenses": 54004000, "sellingGeneralAndAdministrativeExpenses": 89786000, "otherExpenses": 14067000, "operatingExpenses": 103853000, "costAndExpenses": 627284000, "interestIncome": 393000, "interestExpense": 777000, "depreciationAndAmortization": 6388000, "ebitda": 55058000, "ebitdaratio": 0.0814522882, "operatingIncome": 48670000, "operatingIncomeRatio": 0.072001941, "totalOtherIncomeExpensesNet": -777000, "incomeBeforeTax": 47893000, "incomeBeforeTaxRatio": 0.0708524545, "incomeTaxExpense": 18295000, "netIncome": 29598000, "netIncomeRatio": 0.0437870033, "eps": 0.62, "epsdiluted": 0.62, "weightedAverageShsOut": 47782000, "weightedAverageShsOutDil": 47912000, "link": "https://www.sec.gov/Archives/edgar/data/853816/000119312511202627/0001193125-11-202627-index.htm", "finalLink": "https://www.sec.gov/Archives/edgar/data/853816/000119312511202627/d10q.htm"}, {"date": "2011-03-26", "symbol": "LSTR", "reportedCurrency": "USD", "cik": "0000853816", "fillingDate": "2011-04-29", "acceptedDate": "2011-04-29 09:43:13", "calendarYear": "2011", "period": "Q1", "revenue": 572514000, "costOfRevenue": 442644000, "grossProfit": 129870000, "grossProfitRatio": 0.2268416144, "researchAndDevelopmentExpenses": 0, "generalAndAdministrativeExpenses": 37264000, "sellingAndMarketingExpenses": 44171000, "sellingGeneralAndAdministrativeExpenses": 81435000, "otherExpenses": 14343000, "operatingExpenses": 95778000, "costAndExpenses": 538422000, "interestIncome": 528000, "interestExpense": 828000, "depreciationAndAmortization": 6399000, "ebitda": 40491000, "ebitdaratio": 0.070724908, "operatingIncome": 34092000, "operatingIncomeRatio": 0.0595478888, "totalOtherIncomeExpensesNet": -828000, "incomeBeforeTax": 33264000, "incomeBeforeTaxRatio": 0.0581016359, "incomeTaxExpense": 12707000, "netIncome": 20619000, "netIncomeRatio": 0.0360148398, "eps": 0.43, "epsdiluted": 0.43, "weightedAverageShsOut": 47870000, "weightedAverageShsOutDil": 47900000, "link": "https://www.sec.gov/Archives/edgar/data/853816/000095012311041476/0000950123-11-041476-index.htm", "finalLink": "https://www.sec.gov/Archives/edgar/data/853816/000095012311041476/g26731e10vq.htm"}, {"date": "2010-12-25", "symbol": "LSTR", "reportedCurrency": "USD", "cik": "0000853816", "fillingDate": "2011-02-23", "acceptedDate": "2011-02-23 12:17:17", "calendarYear": "2010", "period": "Q4", "revenue": 588024000, "costOfRevenue": 430628000, "grossProfit": 157396000, "grossProfitRatio": 0.2676693468, "researchAndDevelopmentExpenses": 0, "generalAndAdministrativeExpenses": 38194000, "sellingAndMarketingExpenses": 46710000, "sellingGeneralAndAdministrativeExpenses": 84904000, "otherExpenses": 13234000, "operatingExpenses": 98138000, "costAndExpenses": 528766000, "interestIncome": 0, "interestExpense": 924000, "depreciationAndAmortization": 6360000, "ebitda": 42168000, "ebitdaratio": 0.0717113587, "operatingIncome": 35808000, "operatingIncomeRatio": 0.0608954737, "totalOtherIncomeExpensesNet": -924000, "incomeBeforeTax": 34884000, "incomeBeforeTaxRatio": 0.0593241092, "incomeTaxExpense": 11005000, "netIncome": 24099000, "netIncomeRatio": 0.0409830211, "eps": 0.5, "epsdiluted": 0.5, "weightedAverageShsOut": 48329000, "weightedAverageShsOutDil": 48400000, "link": "https://www.sec.gov/Archives/edgar/data/853816/000095012311016941/0000950123-11-016941-index.htm", "finalLink": "https://www.sec.gov/Archives/edgar/data/853816/000095012311016941/g25406e10vk.htm"}, {"date": "2010-09-25", "symbol": "LSTR", "reportedCurrency": "USD", "cik": "0000853816", "fillingDate": "2010-10-29", "acceptedDate": "2010-10-29 16:41:38", "calendarYear": "2010", "period": "Q3", "revenue": 623321000, "costOfRevenue": 463185000, "grossProfit": 160136000, "grossProfitRatio": 0.256907757, "researchAndDevelopmentExpenses": 0, "generalAndAdministrativeExpenses": 41070000, "sellingAndMarketingExpenses": 47316000, "sellingGeneralAndAdministrativeExpenses": 88386000, "otherExpenses": 12904000, "operatingExpenses": 101290000, "costAndExpenses": 564475000, "interestIncome": 495000, "interestExpense": 1035000, "depreciationAndAmortization": 6456000, "ebitda": 42342000, "ebitdaratio": 0.0679296863, "operatingIncome": 35886000, "operatingIncomeRatio": 0.0575722621, "totalOtherIncomeExpensesNet": -1035000, "incomeBeforeTax": 34851000, "incomeBeforeTaxRatio": 0.0559118015, "incomeTaxExpense": 13315000, "netIncome": 21802000, "netIncomeRatio": 0.0349771626, "eps": 0.44, "epsdiluted": 0.44, "weightedAverageShsOut": 49434000, "weightedAverageShsOutDil": 49447000, "link": "https://www.sec.gov/Archives/edgar/data/853816/000095012310098195/0000950123-10-098195-index.htm", "finalLink": "https://www.sec.gov/Archives/edgar/data/853816/000095012310098195/g24632e10vq.htm"}]