[{"date": "2025-06-30", "symbol": "LOGI", "reportedCurrency": "USD", "cik": "0001032975", "fillingDate": "2025-07-30", "acceptedDate": "2025-07-30 16:12:27", "calendarYear": "2026", "period": "Q1", "revenue": 1147703000, "costOfRevenue": 668741000, "grossProfit": 478962000, "grossProfitRatio": 0.4173222515, "researchAndDevelopmentExpenses": 74587000, "generalAndAdministrativeExpenses": 41797000, "sellingAndMarketingExpenses": 195796000, "sellingGeneralAndAdministrativeExpenses": 237593000, "otherExpenses": 4688000, "operatingExpenses": 316868000, "costAndExpenses": 985609000, "interestIncome": 11689961, "interestExpense": 0, "depreciationAndAmortization": 20674232, "ebitda": 202322015, "ebitdaratio": 0.1762842957, "operatingIncome": 162094000, "operatingIncomeRatio": 0.1412334027, "totalOtherIncomeExpensesNet": 12391000, "incomeBeforeTax": 174485000, "incomeBeforeTaxRatio": 0.1520297499, "incomeTaxExpense": 28470000, "netIncome": 146015000, "netIncomeRatio": 0.1272236807, "eps": 0.99, "epsdiluted": 0.98, "weightedAverageShsOut": 147864000, "weightedAverageShsOutDil": 149053000, "link": "https://www.sec.gov/Archives/edgar/data/1032975/000103297525000059/0001032975-25-000059-index.htm", "finalLink": "https://www.sec.gov/Archives/edgar/data/1032975/000103297525000059/logi-20250630.htm"}, {"date": "2025-03-31", "symbol": "LOGI", "reportedCurrency": "USD", "cik": "0001032975", "fillingDate": "2025-05-23", "acceptedDate": "2025-05-23 17:01:15", "calendarYear": "2025", "period": "Q4", "revenue": 1010355000, "costOfRevenue": 574544000, "grossProfit": 435811000, "grossProfitRatio": 0.4313444284, "researchAndDevelopmentExpenses": 80756000, "generalAndAdministrativeExpenses": 40266000, "sellingAndMarketingExpenses": 198598000, "sellingGeneralAndAdministrativeExpenses": 238864000, "otherExpenses": 10287000, "operatingExpenses": 329907000, "costAndExpenses": 904451000, "interestIncome": 12394000, "interestExpense": 0, "depreciationAndAmortization": 20641000, "ebitda": 140681000, "ebitdaratio": 0.1392391783, "operatingIncome": 105904000, "operatingIncomeRatio": 0.1048186034, "totalOtherIncomeExpensesNet": 12303000, "incomeBeforeTax": 118207000, "incomeBeforeTaxRatio": 0.1169955115, "incomeTaxExpense": -25859000, "netIncome": 146300000, "netIncomeRatio": 0.1448005899, "eps": 0.98, "epsdiluted": 0.97, "weightedAverageShsOut": 148999000, "weightedAverageShsOutDil": 150709000, "link": "https://www.sec.gov/Archives/edgar/data/1032975/000103297525000029/0001032975-25-000029-index.htm", "finalLink": "https://www.sec.gov/Archives/edgar/data/1032975/000103297525000029/logi-20250331.htm"}, {"date": "2024-12-31", "symbol": "LOGI", "reportedCurrency": "USD", "cik": "0001032975", "fillingDate": "2025-01-29", "acceptedDate": "2025-01-29 16:19:14", "calendarYear": "2025", "period": "Q3", "revenue": 1340294000, "costOfRevenue": 765853000, "grossProfit": 574441000, "grossProfitRatio": 0.4285932788, "researchAndDevelopmentExpenses": 77973000, "generalAndAdministrativeExpenses": 42117000, "sellingAndMarketingExpenses": 217048000, "sellingGeneralAndAdministrativeExpenses": 259165000, "otherExpenses": 2747000, "operatingExpenses": 339885000, "costAndExpenses": 1105738000, "interestIncome": 12176000, "interestExpense": 0, "depreciationAndAmortization": 20162000, "ebitda": 254828000, "ebitdaratio": 0.1901284345, "operatingIncome": 234556000, "operatingIncomeRatio": 0.1750033948, "totalOtherIncomeExpensesNet": 10652000, "incomeBeforeTax": 245208000, "incomeBeforeTaxRatio": 0.1829509048, "incomeTaxExpense": 45061000, "netIncome": 200147000, "netIncomeRatio": 0.1493306692, "eps": 1.33, "epsdiluted": 1.32, "weightedAverageShsOut": 150647000, "weightedAverageShsOutDil": 151895000, "link": "https://www.sec.gov/Archives/edgar/data/1032975/000103297525000008/0001032975-25-000008-index.htm", "finalLink": "https://www.sec.gov/Archives/edgar/data/1032975/000103297525000008/logi-20241231.htm"}, {"date": "2024-09-30", "symbol": "LOGI", "reportedCurrency": "USD", "cik": "0001032975", "fillingDate": "2024-10-24", "acceptedDate": "2024-10-24 16:29:24", "calendarYear": "2025", "period": "Q2", "revenue": 1116034000, "costOfRevenue": 629943000, "grossProfit": 486091000, "grossProfitRatio": 0.4355521427, "researchAndDevelopmentExpenses": 76205000, "generalAndAdministrativeExpenses": 44173000, "sellingAndMarketingExpenses": 201863000, "sellingGeneralAndAdministrativeExpenses": 246036000, "otherExpenses": 2954000, "operatingExpenses": 325195000, "costAndExpenses": 955138000, "interestIncome": 14637000, "interestExpense": 0, "depreciationAndAmortization": 19689000, "ebitda": 180814000, "ebitdaratio": 0.1620147773, "operatingIncome": 160896000, "operatingIncomeRatio": 0.1441676508, "totalOtherIncomeExpensesNet": 15170000, "incomeBeforeTax": 176066000, "incomeBeforeTaxRatio": 0.1577604267, "incomeTaxExpense": 30583000, "netIncome": 145483000, "netIncomeRatio": 0.1303571397, "eps": 0.95, "epsdiluted": 0.95, "weightedAverageShsOut": 152460000, "weightedAverageShsOutDil": 153672000, "link": "https://www.sec.gov/Archives/edgar/data/1032975/000103297524000075/0001032975-24-000075-index.htm", "finalLink": "https://www.sec.gov/Archives/edgar/data/1032975/000103297524000075/logi-20240930.htm"}, {"date": "2024-06-30", "symbol": "LOGI", "reportedCurrency": "USD", "cik": "0001032975", "fillingDate": "2024-07-25", "acceptedDate": "2024-07-25 16:21:49", "calendarYear": "2025", "period": "Q1", "revenue": 1088217000, "costOfRevenue": 621959000, "grossProfit": 466258000, "grossProfitRatio": 0.4284605001, "researchAndDevelopmentExpenses": 75307000, "generalAndAdministrativeExpenses": 36299000, "sellingAndMarketingExpenses": 196905000, "sellingGeneralAndAdministrativeExpenses": 233204000, "otherExpenses": 4248000, "operatingExpenses": 312759000, "costAndExpenses": 939259000, "interestIncome": 15790000, "interestExpense": 0, "depreciationAndAmortization": 19770000, "ebitda": 174629000, "ebitdaratio": 0.1604725896, "operatingIncome": 153499000, "operatingIncomeRatio": 0.1410555064, "totalOtherIncomeExpensesNet": 13892000, "incomeBeforeTax": 167391000, "incomeBeforeTaxRatio": 0.1538213426, "incomeTaxExpense": 25558000, "netIncome": 141833000, "netIncomeRatio": 0.1303352181, "eps": 0.93, "epsdiluted": 0.92, "weightedAverageShsOut": 153300000, "weightedAverageShsOutDil": 154978000, "link": "https://www.sec.gov/Archives/edgar/data/1032975/000103297524000046/0001032975-24-000046-index.htm", "finalLink": "https://www.sec.gov/Archives/edgar/data/1032975/000103297524000046/logi-20240630.htm"}, {"date": "2024-03-31", "symbol": "LOGI", "reportedCurrency": "USD", "cik": "0001032975", "fillingDate": "2024-05-16", "acceptedDate": "2024-05-16 16:42:24", "calendarYear": "2024", "period": "Q4", "revenue": 1011487000, "costOfRevenue": 574510000, "grossProfit": 436977000, "grossProfitRatio": 0.43201445, "researchAndDevelopmentExpenses": 75421000, "generalAndAdministrativeExpenses": 38510000, "sellingAndMarketingExpenses": 185594000, "sellingGeneralAndAdministrativeExpenses": 224104000, "otherExpenses": 7235000, "operatingExpenses": 306760000, "costAndExpenses": 883819000, "interestIncome": 16128000, "interestExpense": 0, "depreciationAndAmortization": 19289000, "ebitda": 154561000, "ebitdaratio": 0.1528057207, "operatingIncome": 130648000, "operatingIncomeRatio": 0.1291642898, "totalOtherIncomeExpensesNet": 13579000, "incomeBeforeTax": 143796000, "incomeBeforeTaxRatio": 0.1421629739, "incomeTaxExpense": -23819000, "netIncome": 167615000, "netIncomeRatio": 0.1657114723, "eps": 1.09, "epsdiluted": 1.07, "weightedAverageShsOut": 154452000, "weightedAverageShsOutDil": 156204000, "link": "https://www.sec.gov/Archives/edgar/data/1032975/000103297524000023/0001032975-24-000023-index.htm", "finalLink": "https://www.sec.gov/Archives/edgar/data/1032975/000103297524000023/logi-20240331.htm"}, {"date": "2023-12-31", "symbol": "LOGI", "reportedCurrency": "USD", "cik": "0001032975", "fillingDate": "2024-01-25", "acceptedDate": "2024-01-25 16:34:47", "calendarYear": "2024", "period": "Q3", "revenue": 1255473000, "costOfRevenue": 728693000, "grossProfit": 526780000, "grossProfitRatio": 0.4195868808, "researchAndDevelopmentExpenses": 72704000, "generalAndAdministrativeExpenses": 39711000, "sellingAndMarketingExpenses": 189175000, "sellingGeneralAndAdministrativeExpenses": 228886000, "otherExpenses": 2276000, "operatingExpenses": 303866000, "costAndExpenses": 1032559000, "interestIncome": 12826000, "interestExpense": 0, "depreciationAndAmortization": 19813000, "ebitda": 243309000, "ebitdaratio": 0.1937986719, "operatingIncome": 222075000, "operatingIncomeRatio": 0.1768855244, "totalOtherIncomeExpensesNet": 13015000, "incomeBeforeTax": 235090000, "incomeBeforeTaxRatio": 0.1872521353, "incomeTaxExpense": -9594000, "netIncome": 244684000, "netIncomeRatio": 0.1948938767, "eps": 1.57, "epsdiluted": 1.55, "weightedAverageShsOut": 155933000, "weightedAverageShsOutDil": 157440000, "link": "https://www.sec.gov/Archives/edgar/data/1032975/000103297524000008/0001032975-24-000008-index.htm", "finalLink": "https://www.sec.gov/Archives/edgar/data/1032975/000103297524000008/logi-20231231.htm"}, {"date": "2023-09-30", "symbol": "LOGI", "reportedCurrency": "USD", "cik": "0001032975", "fillingDate": "2023-10-26", "acceptedDate": "2023-10-26 16:17:50", "calendarYear": "2024", "period": "Q2", "revenue": 1057008000, "costOfRevenue": 618386000, "grossProfit": 438622000, "grossProfitRatio": 0.4149656389, "researchAndDevelopmentExpenses": 68559000, "generalAndAdministrativeExpenses": 35538000, "sellingAndMarketingExpenses": 176356000, "sellingGeneralAndAdministrativeExpenses": 211894000, "otherExpenses": 3318000, "operatingExpenses": 283771000, "costAndExpenses": 902157000, "interestIncome": 11856000, "interestExpense": 0, "depreciationAndAmortization": 22319000, "ebitda": 177170000, "ebitdaratio": 0.1676146254, "operatingIncome": 156639000, "operatingIncomeRatio": 0.1481909314, "totalOtherIncomeExpensesNet": 10812000, "incomeBeforeTax": 167451000, "incomeBeforeTaxRatio": 0.1584198038, "incomeTaxExpense": 30334000, "netIncome": 137117000, "netIncomeRatio": 0.1297218186, "eps": 0.87, "epsdiluted": 0.86, "weightedAverageShsOut": 157911000, "weightedAverageShsOutDil": 158934000, "link": "https://www.sec.gov/Archives/edgar/data/1032975/000103297523000080/0001032975-23-000080-index.htm", "finalLink": "https://www.sec.gov/Archives/edgar/data/1032975/000103297523000080/logi-20230930.htm"}, {"date": "2023-06-30", "symbol": "LOGI", "reportedCurrency": "USD", "cik": "0001032975", "fillingDate": "2023-07-27", "acceptedDate": "2023-07-27 16:18:01", "calendarYear": "2024", "period": "Q1", "revenue": 974499000, "costOfRevenue": 598857000, "grossProfit": 375642000, "grossProfitRatio": 0.3854719194, "researchAndDevelopmentExpenses": 70559000, "generalAndAdministrativeExpenses": 41297000, "sellingAndMarketingExpenses": 179185000, "sellingGeneralAndAdministrativeExpenses": 220482000, "otherExpenses": 0, "operatingExpenses": 293726000, "costAndExpenses": 892583000, "interestIncome": 9826000, "interestExpense": 0, "depreciationAndAmortization": 23416000, "ebitda": 106154000, "ebitdaratio": 0.1089318717, "operatingIncome": 78405000, "operatingIncomeRatio": 0.080456727, "totalOtherIncomeExpensesNet": -3146000, "incomeBeforeTax": 75259000, "incomeBeforeTaxRatio": 0.0772284015, "incomeTaxExpense": 12532000, "netIncome": 62727000, "netIncomeRatio": 0.0643684601, "eps": 0.39, "epsdiluted": 0.39, "weightedAverageShsOut": 158859000, "weightedAverageShsOutDil": 160155000, "link": "https://www.sec.gov/Archives/edgar/data/1032975/000103297523000066/0001032975-23-000066-index.htm", "finalLink": "https://www.sec.gov/Archives/edgar/data/1032975/000103297523000066/logi-20230630.htm"}, {"date": "2023-03-31", "symbol": "LOGI", "reportedCurrency": "USD", "cik": "0001032975", "fillingDate": "2023-05-17", "acceptedDate": "2023-05-17 16:13:20", "calendarYear": "2023", "period": "Q4", "revenue": 960077000, "costOfRevenue": 616213000, "grossProfit": 343864000, "grossProfitRatio": 0.358162939, "researchAndDevelopmentExpenses": 70630000, "generalAndAdministrativeExpenses": 32437000, "sellingAndMarketingExpenses": 181060000, "sellingGeneralAndAdministrativeExpenses": 213497000, "otherExpenses": 2791000, "operatingExpenses": 286918000, "costAndExpenses": 921233000, "interestIncome": 8758000, "interestExpense": 0, "depreciationAndAmortization": 25845000, "ebitda": 91518000, "ebitdaratio": 0.0953236043, "operatingIncome": 38844000, "operatingIncomeRatio": 0.0404592548, "totalOtherIncomeExpensesNet": -8079000, "incomeBeforeTax": 52691000, "incomeBeforeTaxRatio": 0.0548820563, "incomeTaxExpense": 11196000, "netIncome": 41495000, "netIncomeRatio": 0.0432204917, "eps": 0.26, "epsdiluted": 0.26, "weightedAverageShsOut": 160073000, "weightedAverageShsOutDil": 161524000, "link": "https://www.sec.gov/Archives/edgar/data/1032975/000103297523000021/0001032975-23-000021-index.htm", "finalLink": "https://www.sec.gov/Archives/edgar/data/1032975/000103297523000021/logi-20230331.htm"}, {"date": "2022-12-31", "symbol": "LOGI", "reportedCurrency": "USD", "cik": "0001032975", "fillingDate": "2023-01-26", "acceptedDate": "2023-01-26 16:25:34", "calendarYear": "2023", "period": "Q3", "revenue": 1269925000, "costOfRevenue": 792657000, "grossProfit": 477268000, "grossProfitRatio": 0.3758237691, "researchAndDevelopmentExpenses": 65640000, "generalAndAdministrativeExpenses": 29766000, "sellingAndMarketingExpenses": 196653000, "sellingGeneralAndAdministrativeExpenses": 226419000, "otherExpenses": 2810000, "operatingExpenses": 294869000, "costAndExpenses": 1087526000, "interestIncome": 4665000, "interestExpense": 0, "depreciationAndAmortization": 26467000, "ebitda": 208140000, "ebitdaratio": 0.1638994429, "operatingIncome": 176745000, "operatingIncomeRatio": 0.1391775105, "totalOtherIncomeExpensesNet": 6071000, "incomeBeforeTax": 182816000, "incomeBeforeTaxRatio": 0.1439581078, "incomeTaxExpense": 42663000, "netIncome": 140153000, "netIncomeRatio": 0.1103632104, "eps": 0.87, "epsdiluted": 0.86, "weightedAverageShsOut": 161244000, "weightedAverageShsOutDil": 162529000, "link": "https://www.sec.gov/Archives/edgar/data/1032975/000103297523000007/0001032975-23-000007-index.htm", "finalLink": "https://www.sec.gov/Archives/edgar/data/1032975/000103297523000007/logi-20221231.htm"}, {"date": "2022-09-30", "symbol": "LOGI", "reportedCurrency": "USD", "cik": "0001032975", "fillingDate": "2022-10-27", "acceptedDate": "2022-10-27 16:28:24", "calendarYear": "2023", "period": "Q2", "revenue": 1148951000, "costOfRevenue": 710171000, "grossProfit": 438780000, "grossProfitRatio": 0.3818961818, "researchAndDevelopmentExpenses": 69009000, "generalAndAdministrativeExpenses": 26589000, "sellingAndMarketingExpenses": 202091000, "sellingGeneralAndAdministrativeExpenses": 228680000, "otherExpenses": 2873000, "operatingExpenses": 311379000, "costAndExpenses": 1021550000, "interestIncome": 3459000, "interestExpense": 0, "depreciationAndAmortization": 24677000, "ebitda": 163246000, "ebitdaratio": 0.1420826476, "operatingIncome": 127401000, "operatingIncomeRatio": 0.1108846243, "totalOtherIncomeExpensesNet": -21938000, "incomeBeforeTax": 105463000, "incomeBeforeTaxRatio": 0.0917906856, "incomeTaxExpense": 23372000, "netIncome": 82091000, "netIncomeRatio": 0.0714486519, "eps": 0.5, "epsdiluted": 0.5, "weightedAverageShsOut": 163186000, "weightedAverageShsOutDil": 164328000, "link": "https://www.sec.gov/Archives/edgar/data/1032975/000162828022027224/0001628280-22-027224-index.htm", "finalLink": "https://www.sec.gov/Archives/edgar/data/1032975/000162828022027224/logi-20220930.htm"}, {"date": "2022-06-30", "symbol": "LOGI", "reportedCurrency": "USD", "cik": "0001032975", "fillingDate": "2022-07-28", "acceptedDate": "2022-07-28 17:18:14", "calendarYear": "2023", "period": "Q1", "revenue": 1159865000, "costOfRevenue": 700262000, "grossProfit": 459603000, "grossProfitRatio": 0.3962555987, "researchAndDevelopmentExpenses": 75517000, "generalAndAdministrativeExpenses": 35860000, "sellingAndMarketingExpenses": 229378000, "sellingGeneralAndAdministrativeExpenses": 265238000, "otherExpenses": 3369000, "operatingExpenses": 344124000, "costAndExpenses": 1044386000, "interestIncome": 1449000, "interestExpense": 0, "depreciationAndAmortization": 24855000, "ebitda": 140947000, "ebitdaratio": 0.1215201769, "operatingIncome": 115479000, "operatingIncomeRatio": 0.0995624491, "totalOtherIncomeExpensesNet": 7073000, "incomeBeforeTax": 122552000, "incomeBeforeTaxRatio": 0.1056605726, "incomeTaxExpense": 21716000, "netIncome": 100836000, "netIncomeRatio": 0.086937704, "eps": 0.61, "epsdiluted": 0.61, "weightedAverageShsOut": 164679000, "weightedAverageShsOutDil": 166406000, "link": "https://www.sec.gov/Archives/edgar/data/1032975/000103297522000034/0001032975-22-000034-index.htm", "finalLink": "https://www.sec.gov/Archives/edgar/data/1032975/000103297522000034/logi-20220630.htm"}, {"date": "2022-03-31", "symbol": "LOGI", "reportedCurrency": "USD", "cik": "0001032975", "fillingDate": "2022-05-18", "acceptedDate": "2022-05-18 16:33:18", "calendarYear": "2022", "period": "Q4", "revenue": 1229994000, "costOfRevenue": 736087000, "grossProfit": 493907000, "grossProfitRatio": 0.4015523653, "researchAndDevelopmentExpenses": 78408000, "generalAndAdministrativeExpenses": 36357000, "sellingAndMarketingExpenses": 247017000, "sellingGeneralAndAdministrativeExpenses": 283374000, "otherExpenses": 2961000, "operatingExpenses": 364743000, "costAndExpenses": 1100830000, "interestIncome": 451000, "interestExpense": 0, "depreciationAndAmortization": 28945000, "ebitda": 162391000, "ebitdaratio": 0.1320258473, "operatingIncome": 128769000, "operatingIncomeRatio": 0.1046907546, "totalOtherIncomeExpensesNet": 2952000, "incomeBeforeTax": 131721000, "incomeBeforeTaxRatio": 0.1070907663, "incomeTaxExpense": 23516000, "netIncome": 108205000, "netIncomeRatio": 0.0879719738, "eps": 0.65, "epsdiluted": 0.64, "weightedAverageShsOut": 165929000, "weightedAverageShsOutDil": 168546000, "link": "https://www.sec.gov/Archives/edgar/data/1032975/000103297522000012/0001032975-22-000012-index.htm", "finalLink": "https://www.sec.gov/Archives/edgar/data/1032975/000103297522000012/logi-20220331.htm"}, {"date": "2021-12-31", "symbol": "LOGI", "reportedCurrency": "USD", "cik": "0001032975", "fillingDate": "2022-01-27", "acceptedDate": "2022-01-27 16:29:00", "calendarYear": "2022", "period": "Q3", "revenue": 1632782000, "costOfRevenue": 974772000, "grossProfit": 658010000, "grossProfitRatio": 0.4029992981, "researchAndDevelopmentExpenses": 75529000, "generalAndAdministrativeExpenses": 38478000, "sellingAndMarketingExpenses": 269941000, "sellingGeneralAndAdministrativeExpenses": 308419000, "otherExpenses": 3662000, "operatingExpenses": 387610000, "costAndExpenses": 1362382000, "interestIncome": 278000, "interestExpense": 0, "depreciationAndAmortization": 29001000, "ebitda": 299527000, "ebitdaratio": 0.1834457999, "operatingIncome": 262751000, "operatingIncomeRatio": 0.1609222787, "totalOtherIncomeExpensesNet": -3395000, "incomeBeforeTax": 259356000, "incomeBeforeTaxRatio": 0.1588430054, "incomeTaxExpense": 49345000, "netIncome": 210011000, "netIncomeRatio": 0.1286215796, "eps": 1.26, "epsdiluted": 1.24, "weightedAverageShsOut": 167090000, "weightedAverageShsOutDil": 169707000, "link": "https://www.sec.gov/Archives/edgar/data/1032975/000103297522000006/0001032975-22-000006-index.htm", "finalLink": "https://www.sec.gov/Archives/edgar/data/1032975/000103297522000006/logi-20211231.htm"}, {"date": "2021-09-30", "symbol": "LOGI", "reportedCurrency": "USD", "cik": "0001032975", "fillingDate": "2021-10-28", "acceptedDate": "2021-10-28 16:21:55", "calendarYear": "2022", "period": "Q2", "revenue": 1306267000, "costOfRevenue": 764104000, "grossProfit": 542163000, "grossProfitRatio": 0.4150476128, "researchAndDevelopmentExpenses": 68661000, "generalAndAdministrativeExpenses": 33271000, "sellingAndMarketingExpenses": 256627000, "sellingGeneralAndAdministrativeExpenses": 289898000, "otherExpenses": 5107000, "operatingExpenses": 363666000, "costAndExpenses": 1127770000, "interestIncome": 201000, "interestExpense": 0, "depreciationAndAmortization": 31458000, "ebitda": 201677000, "ebitdaratio": 0.1543918663, "operatingIncome": 179411000, "operatingIncomeRatio": 0.1373463465, "totalOtherIncomeExpensesNet": -6502000, "incomeBeforeTax": 172909000, "incomeBeforeTaxRatio": 0.1323688036, "incomeTaxExpense": 33453000, "netIncome": 139456000, "netIncomeRatio": 0.1067591848, "eps": 0.83, "epsdiluted": 0.81, "weightedAverageShsOut": 168389000, "weightedAverageShsOutDil": 171343000, "link": "https://www.sec.gov/Archives/edgar/data/1032975/000103297521000045/0001032975-21-000045-index.htm", "finalLink": "https://www.sec.gov/Archives/edgar/data/1032975/000103297521000045/logi-20210930.htm"}, {"date": "2021-06-30", "symbol": "LOGI", "reportedCurrency": "USD", "cik": "0001032975", "fillingDate": "2021-07-29", "acceptedDate": "2021-07-29 16:26:33", "calendarYear": "2022", "period": "Q1", "revenue": 1312058000, "costOfRevenue": 743132000, "grossProfit": 568926000, "grossProfitRatio": 0.4336134531, "researchAndDevelopmentExpenses": 69246000, "generalAndAdministrativeExpenses": 40542000, "sellingAndMarketingExpenses": 252314000, "sellingGeneralAndAdministrativeExpenses": 292856000, "otherExpenses": 5217000, "operatingExpenses": 367319000, "costAndExpenses": 1110451000, "interestIncome": 316000, "interestExpense": 0, "depreciationAndAmortization": 28864000, "ebitda": 231391000, "ebitdaratio": 0.1763572952, "operatingIncome": 203081000, "operatingIncomeRatio": 0.1547805051, "totalOtherIncomeExpensesNet": 8751000, "incomeBeforeTax": 211832000, "incomeBeforeTaxRatio": 0.1614501798, "incomeTaxExpense": 24991000, "netIncome": 186841000, "netIncomeRatio": 0.1424030035, "eps": 1.11, "epsdiluted": 1.09, "weightedAverageShsOut": 168372000, "weightedAverageShsOutDil": 172020000, "link": "https://www.sec.gov/Archives/edgar/data/1032975/000103297521000034/0001032975-21-000034-index.htm", "finalLink": "https://www.sec.gov/Archives/edgar/data/1032975/000103297521000034/logi-20210630.htm"}, {"date": "2021-03-31", "symbol": "LOGI", "reportedCurrency": "USD", "cik": "0001032975", "fillingDate": "2021-05-12", "acceptedDate": "2021-05-12 16:35:34", "calendarYear": "2021", "period": "Q4", "revenue": 1535925000, "costOfRevenue": 824656000, "grossProfit": 711269000, "grossProfitRatio": 0.4630883669, "researchAndDevelopmentExpenses": 69009000, "generalAndAdministrativeExpenses": 68236000, "sellingAndMarketingExpenses": 273764000, "sellingGeneralAndAdministrativeExpenses": 342000000, "otherExpenses": 5178000, "operatingExpenses": 416187000, "costAndExpenses": 1240843000, "interestIncome": 340000, "interestExpense": 0, "depreciationAndAmortization": 22933000, "ebitda": 318009000, "ebitdaratio": 0.2070472191, "operatingIncome": 295082000, "operatingIncomeRatio": 0.1921200579, "totalOtherIncomeExpensesNet": -11110000, "incomeBeforeTax": 283972000, "incomeBeforeTaxRatio": 0.1848866318, "incomeTaxExpense": 58225000, "netIncome": 225747000, "netIncomeRatio": 0.1469778798, "eps": 1.34, "epsdiluted": 1.31, "weightedAverageShsOut": 168734000, "weightedAverageShsOutDil": 172954000, "link": "https://www.sec.gov/Archives/edgar/data/1032975/000103297521000017/0001032975-21-000017-index.htm", "finalLink": "https://www.sec.gov/Archives/edgar/data/1032975/000103297521000017/logi-20210331.htm"}, {"date": "2020-12-31", "symbol": "LOGI", "reportedCurrency": "USD", "cik": "0001032975", "fillingDate": "2021-01-21", "acceptedDate": "2021-01-21 16:19:09", "calendarYear": "2021", "period": "Q3", "revenue": 1667302000, "costOfRevenue": 918292000, "grossProfit": 749010000, "grossProfitRatio": 0.4492347517, "researchAndDevelopmentExpenses": 53910000, "generalAndAdministrativeExpenses": 37606000, "sellingAndMarketingExpenses": 204485000, "sellingGeneralAndAdministrativeExpenses": 242091000, "otherExpenses": 4946000, "operatingExpenses": 300947000, "costAndExpenses": 1219239000, "interestIncome": 311000, "interestExpense": 0, "depreciationAndAmortization": 21797000, "ebitda": 470123000, "ebitdaratio": 0.2819663144, "operatingIncome": 448063000, "operatingIncomeRatio": 0.2687353581, "totalOtherIncomeExpensesNet": 6794000, "incomeBeforeTax": 454857000, "incomeBeforeTaxRatio": 0.2728102047, "incomeTaxExpense": 72334000, "netIncome": 382523000, "netIncomeRatio": 0.2294263427, "eps": 2.26, "epsdiluted": 2.22, "weightedAverageShsOut": 169050000, "weightedAverageShsOutDil": 172587000, "link": "https://www.sec.gov/Archives/edgar/data/1032975/000103297521000009/0001032975-21-000009-index.htm", "finalLink": "https://www.sec.gov/Archives/edgar/data/1032975/000103297521000009/logi-20201231.htm"}, {"date": "2020-09-30", "symbol": "LOGI", "reportedCurrency": "USD", "cik": "0001032975", "fillingDate": "2020-10-22", "acceptedDate": "2020-10-22 16:23:52", "calendarYear": "2021", "period": "Q2", "revenue": 1257158000, "costOfRevenue": 687435000, "grossProfit": 569723000, "grossProfitRatio": 0.4531832912, "researchAndDevelopmentExpenses": 53379000, "generalAndAdministrativeExpenses": 31664000, "sellingAndMarketingExpenses": 158797000, "sellingGeneralAndAdministrativeExpenses": 190461000, "otherExpenses": 4331000, "operatingExpenses": 248171000, "costAndExpenses": 935606000, "interestIncome": 513000, "interestExpense": 0, "depreciationAndAmortization": 17961000, "ebitda": 339907000, "ebitdaratio": 0.2703773114, "operatingIncome": 321553000, "operatingIncomeRatio": 0.2557777145, "totalOtherIncomeExpensesNet": 1662000, "incomeBeforeTax": 323215000, "incomeBeforeTaxRatio": 0.257099744, "incomeTaxExpense": 56301000, "netIncome": 266914000, "netIncomeRatio": 0.2123153971, "eps": 1.58, "epsdiluted": 1.56, "weightedAverageShsOut": 168645000, "weightedAverageShsOutDil": 171382000, "link": "https://www.sec.gov/Archives/edgar/data/1032975/000103297520000048/0001032975-20-000048-index.htm", "finalLink": "https://www.sec.gov/Archives/edgar/data/1032975/000103297520000048/logi10-qq2fy21.htm"}, {"date": "2020-06-30", "symbol": "LOGI", "reportedCurrency": "USD", "cik": "0001032975", "fillingDate": "2020-07-23", "acceptedDate": "2020-07-23 16:20:35", "calendarYear": "2021", "period": "Q1", "revenue": 791894000, "costOfRevenue": 486161000, "grossProfit": 305733000, "grossProfitRatio": 0.3860781872, "researchAndDevelopmentExpenses": 49725000, "generalAndAdministrativeExpenses": 29071000, "sellingAndMarketingExpenses": 133238000, "sellingGeneralAndAdministrativeExpenses": 162309000, "otherExpenses": 4609000, "operatingExpenses": 216643000, "costAndExpenses": 702804000, "interestIncome": 620000, "interestExpense": 0, "depreciationAndAmortization": 19879000, "ebitda": 109211000, "ebitdaratio": 0.1379111346, "operatingIncome": 83427000, "operatingIncomeRatio": 0.1053512212, "totalOtherIncomeExpensesNet": 2649000, "incomeBeforeTax": 86076000, "incomeBeforeTaxRatio": 0.1086963659, "incomeTaxExpense": 14003000, "netIncome": 72073000, "netIncomeRatio": 0.0910134437, "eps": 0.43, "epsdiluted": 0.42, "weightedAverageShsOut": 167612000, "weightedAverageShsOutDil": 170127000, "link": "https://www.sec.gov/Archives/edgar/data/1032975/000103297520000033/0001032975-20-000033-index.htm", "finalLink": "https://www.sec.gov/Archives/edgar/data/1032975/000103297520000033/logi10-qq1fy21.htm"}, {"date": "2020-03-31", "symbol": "LOGI", "reportedCurrency": "USD", "cik": "0001032975", "fillingDate": "2020-05-27", "acceptedDate": "2020-05-27 17:21:16", "calendarYear": "2020", "period": "Q4", "revenue": 709248000, "costOfRevenue": 432372000, "grossProfit": 276876000, "grossProfitRatio": 0.3903796697, "researchAndDevelopmentExpenses": 50094000, "generalAndAdministrativeExpenses": 25465000, "sellingAndMarketingExpenses": 141186000, "sellingGeneralAndAdministrativeExpenses": 166651000, "otherExpenses": 4665000, "operatingExpenses": 221411000, "costAndExpenses": 677172000, "interestIncome": 2613000, "interestExpense": 0, "depreciationAndAmortization": 19639000, "ebitda": 74961000, "ebitdaratio": 0.1056908162, "operatingIncome": 57664000, "operatingIncomeRatio": 0.0813030139, "totalOtherIncomeExpensesNet": 37973000, "incomeBeforeTax": 70118000, "incomeBeforeTaxRatio": 0.0988624571, "incomeTaxExpense": -143802000, "netIncome": 213920000, "netIncomeRatio": 0.3016152319, "eps": 1.28, "epsdiluted": 1.26, "weightedAverageShsOut": 167290000, "weightedAverageShsOutDil": 169981000, "link": "https://www.sec.gov/Archives/edgar/data/1032975/000103297520000015/0001032975-20-000015-index.htm", "finalLink": "https://www.sec.gov/Archives/edgar/data/1032975/000103297520000015/logitech10-k2020.htm"}, {"date": "2019-12-31", "symbol": "LOGI", "reportedCurrency": "USD", "cik": "0001032975", "fillingDate": "2020-01-23", "acceptedDate": "2020-01-23 16:20:52", "calendarYear": "2020", "period": "Q3", "revenue": 902687000, "costOfRevenue": 568234000, "grossProfit": 334453000, "grossProfitRatio": 0.3705082714, "researchAndDevelopmentExpenses": 43292000, "generalAndAdministrativeExpenses": 22344000, "sellingAndMarketingExpenses": 134950000, "sellingGeneralAndAdministrativeExpenses": 157294000, "otherExpenses": 5084000, "operatingExpenses": 205670000, "costAndExpenses": 773904000, "interestIncome": 2063000, "interestExpense": 0, "depreciationAndAmortization": 18991000, "ebitda": 148336000, "ebitdaratio": 0.1643271699, "operatingIncome": 128828000, "operatingIncomeRatio": 0.1427161353, "totalOtherIncomeExpensesNet": 3164000, "incomeBeforeTax": 131992000, "incomeBeforeTaxRatio": 0.1462212262, "incomeTaxExpense": 14467000, "netIncome": 117525000, "netIncomeRatio": 0.13019463, "eps": 0.7, "epsdiluted": 0.69, "weightedAverageShsOut": 167063000, "weightedAverageShsOutDil": 169685000, "link": "https://www.sec.gov/Archives/edgar/data/1032975/000103297520000005/0001032975-20-000005-index.htm", "finalLink": "https://www.sec.gov/Archives/edgar/data/1032975/000103297520000005/logi10-qq3fy20.htm"}, {"date": "2019-09-30", "symbol": "LOGI", "reportedCurrency": "USD", "cik": "0001032975", "fillingDate": "2019-10-24", "acceptedDate": "2019-10-24 19:18:13", "calendarYear": "2020", "period": "Q2", "revenue": 719691000, "costOfRevenue": 447615000, "grossProfit": 272076000, "grossProfitRatio": 0.3780455779, "researchAndDevelopmentExpenses": 41964000, "generalAndAdministrativeExpenses": 24048000, "sellingAndMarketingExpenses": 134155000, "sellingGeneralAndAdministrativeExpenses": 158203000, "otherExpenses": 4218000, "operatingExpenses": 204385000, "costAndExpenses": 652000000, "interestIncome": 2390000, "interestExpense": 0, "depreciationAndAmortization": 17452000, "ebitda": 85424000, "ebitdaratio": 0.1186953845, "operatingIncome": 68055000, "operatingIncomeRatio": 0.0945614159, "totalOtherIncomeExpensesNet": 2280000, "incomeBeforeTax": 70335000, "incomeBeforeTaxRatio": 0.0977294422, "incomeTaxExpense": -2598000, "netIncome": 72933000, "netIncomeRatio": 0.1013393248, "eps": 0.44, "epsdiluted": 0.43, "weightedAverageShsOut": 166662000, "weightedAverageShsOutDil": 169027000, "link": "https://www.sec.gov/Archives/edgar/data/1032975/000103297519000075/0001032975-19-000075-index.htm", "finalLink": "https://www.sec.gov/Archives/edgar/data/1032975/000103297519000075/logi10-qq2fy20.htm"}, {"date": "2019-06-30", "symbol": "LOGI", "reportedCurrency": "USD", "cik": "0001032975", "fillingDate": "2019-07-25", "acceptedDate": "2019-07-25 16:19:46", "calendarYear": "2020", "period": "Q1", "revenue": 644225000, "costOfRevenue": 405249000, "grossProfit": 238976000, "grossProfitRatio": 0.3709511428, "researchAndDevelopmentExpenses": 42243000, "generalAndAdministrativeExpenses": 22159000, "sellingAndMarketingExpenses": 123033000, "sellingGeneralAndAdministrativeExpenses": 145192000, "otherExpenses": 3596000, "operatingExpenses": 191031000, "costAndExpenses": 596280000, "interestIncome": 2553000, "interestExpense": 0, "depreciationAndAmortization": 17669000, "ebitda": 65858000, "ebitdaratio": 0.1022282588, "operatingIncome": 47467000, "operatingIncomeRatio": 0.0736807792, "totalOtherIncomeExpensesNet": 4414000, "incomeBeforeTax": 51881000, "incomeBeforeTaxRatio": 0.0805324227, "incomeTaxExpense": 6536000, "netIncome": 45345000, "netIncomeRatio": 0.070386899, "eps": 0.27, "epsdiluted": 0.27, "weightedAverageShsOut": 166302000, "weightedAverageShsOutDil": 168797000, "link": "https://www.sec.gov/Archives/edgar/data/1032975/000103297519000059/0001032975-19-000059-index.htm", "finalLink": "https://www.sec.gov/Archives/edgar/data/1032975/000103297519000059/logi10-qq1fy20.htm"}, {"date": "2019-03-31", "symbol": "LOGI", "reportedCurrency": "USD", "cik": "0001032975", "fillingDate": "2019-05-17", "acceptedDate": "2019-05-17 17:00:48", "calendarYear": "2019", "period": "Q4", "revenue": 624308000, "costOfRevenue": 391333000, "grossProfit": 232975000, "grossProfitRatio": 0.3731731773, "researchAndDevelopmentExpenses": 42110000, "generalAndAdministrativeExpenses": 23557000, "sellingAndMarketingExpenses": 119628000, "sellingGeneralAndAdministrativeExpenses": 143185000, "otherExpenses": 3913000, "operatingExpenses": 189208000, "costAndExpenses": 580541000, "interestIncome": 2666000, "interestExpense": 0, "depreciationAndAmortization": 17760000, "ebitda": 62675000, "ebitdaratio": 0.1003911531, "operatingIncome": 42227000, "operatingIncomeRatio": 0.0676380889, "totalOtherIncomeExpensesNet": 3159000, "incomeBeforeTax": 45386000, "incomeBeforeTaxRatio": 0.0726980913, "incomeTaxExpense": 3265000, "netIncome": 42121000, "netIncomeRatio": 0.0674683009, "eps": 0.25, "epsdiluted": 0.25, "weightedAverageShsOut": 165776000, "weightedAverageShsOutDil": 168956000, "link": "https://www.sec.gov/Archives/edgar/data/1032975/000103297519000027/0001032975-19-000027-index.htm", "finalLink": "https://www.sec.gov/Archives/edgar/data/1032975/000103297519000027/logitech10-k2019.htm"}, {"date": "2018-12-31", "symbol": "LOGI", "reportedCurrency": "USD", "cik": "0001032975", "fillingDate": "2019-01-24", "acceptedDate": "2019-01-24 16:10:13", "calendarYear": "2019", "period": "Q3", "revenue": 864388000, "costOfRevenue": 540406000, "grossProfit": 323982000, "grossProfitRatio": 0.3748108488, "researchAndDevelopmentExpenses": 40591000, "generalAndAdministrativeExpenses": 24496000, "sellingAndMarketingExpenses": 132250000, "sellingGeneralAndAdministrativeExpenses": 156746000, "otherExpenses": 3539000, "operatingExpenses": 200876000, "costAndExpenses": 741282000, "interestIncome": 1482000, "interestExpense": 0, "depreciationAndAmortization": 17655000, "ebitda": 141409000, "ebitdaratio": 0.1635943581, "operatingIncome": 123384000, "operatingIncomeRatio": 0.1427414541, "totalOtherIncomeExpensesNet": -1265000, "incomeBeforeTax": 122119000, "incomeBeforeTaxRatio": 0.1412779909, "incomeTaxExpense": 9309000, "netIncome": 112810000, "netIncomeRatio": 0.1305085216, "eps": 0.68, "epsdiluted": 0.67, "weightedAverageShsOut": 165707000, "weightedAverageShsOutDil": 168907000, "link": "https://www.sec.gov/Archives/edgar/data/1032975/000103297519000007/0001032975-19-000007-index.htm", "finalLink": "https://www.sec.gov/Archives/edgar/data/1032975/000103297519000007/logi10-qq3fy19.htm"}, {"date": "2018-09-30", "symbol": "LOGI", "reportedCurrency": "USD", "cik": "0001032975", "fillingDate": "2018-10-25", "acceptedDate": "2018-10-25 16:17:59", "calendarYear": "2019", "period": "Q2", "revenue": 691146000, "costOfRevenue": 435029000, "grossProfit": 256117000, "grossProfitRatio": 0.3705685919, "researchAndDevelopmentExpenses": 39542000, "generalAndAdministrativeExpenses": 25206000, "sellingAndMarketingExpenses": 121801000, "sellingGeneralAndAdministrativeExpenses": 147007000, "otherExpenses": 4317000, "operatingExpenses": 190866000, "costAndExpenses": 625895000, "interestIncome": 1858000, "interestExpense": 0, "depreciationAndAmortization": 16644000, "ebitda": 82505000, "ebitdaratio": 0.1193741988, "operatingIncome": 65132000, "operatingIncomeRatio": 0.0942376864, "totalOtherIncomeExpensesNet": 5247000, "incomeBeforeTax": 70379000, "incomeBeforeTaxRatio": 0.1018294253, "incomeTaxExpense": 6203000, "netIncome": 64176000, "netIncomeRatio": 0.0928544765, "eps": 0.39, "epsdiluted": 0.38, "weightedAverageShsOut": 165630000, "weightedAverageShsOutDil": 169234000, "link": "https://www.sec.gov/Archives/edgar/data/1032975/000103297518000048/0001032975-18-000048-index.htm", "finalLink": "https://www.sec.gov/Archives/edgar/data/1032975/000103297518000048/logi10-qq2fy19.htm"}, {"date": "2018-06-29", "symbol": "LOGI", "reportedCurrency": "USD", "cik": "0001032975", "fillingDate": "2018-08-02", "acceptedDate": "2018-08-02 16:54:21", "calendarYear": "2019", "period": "Q1", "revenue": 608480000, "costOfRevenue": 384543000, "grossProfit": 223937000, "grossProfitRatio": 0.3680268867, "researchAndDevelopmentExpenses": 38987000, "generalAndAdministrativeExpenses": 25473000, "sellingAndMarketingExpenses": 114584000, "sellingGeneralAndAdministrativeExpenses": 140057000, "otherExpenses": 2521000, "operatingExpenses": 181565000, "costAndExpenses": 576029000, "interestIncome": 2369000, "interestExpense": 0, "depreciationAndAmortization": 15592000, "ebitda": 58066000, "ebitdaratio": 0.0954279516, "operatingIncome": 32451000, "operatingIncomeRatio": 0.0533312516, "totalOtherIncomeExpensesNet": 798000, "incomeBeforeTax": 33249000, "incomeBeforeTaxRatio": 0.0546427163, "incomeTaxExpense": -5217000, "netIncome": 38466000, "netIncomeRatio": 0.0632165396, "eps": 0.23, "epsdiluted": 0.23, "weightedAverageShsOut": 165317000, "weightedAverageShsOutDil": 168756000, "link": "https://www.sec.gov/Archives/edgar/data/1032975/000103297518000037/0001032975-18-000037-index.htm", "finalLink": "https://www.sec.gov/Archives/edgar/data/1032975/000103297518000037/logi10-qq1fy19.htm"}, {"date": "2018-03-31", "symbol": "LOGI", "reportedCurrency": "USD", "cik": "0001032975", "fillingDate": "2018-05-21", "acceptedDate": "2018-05-21 17:27:03", "calendarYear": "2018", "period": "Q4", "revenue": 592426000, "costOfRevenue": 380191000, "grossProfit": 212235000, "grossProfitRatio": 0.3582472748, "researchAndDevelopmentExpenses": 37616000, "generalAndAdministrativeExpenses": 23387000, "sellingAndMarketingExpenses": 109572000, "sellingGeneralAndAdministrativeExpenses": 132959000, "otherExpenses": 2553000, "operatingExpenses": 173128000, "costAndExpenses": 553319000, "interestIncome": 1872000, "interestExpense": 0, "depreciationAndAmortization": 16031000, "ebitda": 55812000, "ebitdaratio": 0.0942092346, "operatingIncome": 39107000, "operatingIncomeRatio": 0.06601162, "totalOtherIncomeExpensesNet": 329000, "incomeBeforeTax": 39436000, "incomeBeforeTaxRatio": 0.0665669636, "incomeTaxExpense": 5032000, "netIncome": 34404000, "netIncomeRatio": 0.0580730758, "eps": 0.21, "epsdiluted": 0.2, "weightedAverageShsOut": 164374000, "weightedAverageShsOutDil": 169387000, "link": "https://www.sec.gov/Archives/edgar/data/1032975/000103297518000016/0001032975-18-000016-index.htm", "finalLink": "https://www.sec.gov/Archives/edgar/data/1032975/000103297518000016/logitech10-k2018.htm"}, {"date": "2017-12-31", "symbol": "LOGI", "reportedCurrency": "USD", "cik": "0001032975", "fillingDate": "2018-01-25", "acceptedDate": "2018-01-25 17:18:19", "calendarYear": "2018", "period": "Q3", "revenue": 812021000, "costOfRevenue": 536420000, "grossProfit": 275601000, "grossProfitRatio": 0.3394013209, "researchAndDevelopmentExpenses": 34398000, "generalAndAdministrativeExpenses": 22291000, "sellingAndMarketingExpenses": 116153000, "sellingGeneralAndAdministrativeExpenses": 138444000, "otherExpenses": 2496000, "operatingExpenses": 175338000, "costAndExpenses": 711758000, "interestIncome": 874000, "interestExpense": 0, "depreciationAndAmortization": 15265000, "ebitda": 115629000, "ebitdaratio": 0.1423965636, "operatingIncome": 100263000, "operatingIncomeRatio": 0.1234734077, "totalOtherIncomeExpensesNet": 550000, "incomeBeforeTax": 100813000, "incomeBeforeTaxRatio": 0.1241507301, "incomeTaxExpense": 20040000, "netIncome": 80773000, "netIncomeRatio": 0.0994715654, "eps": 0.49, "epsdiluted": 0.48, "weightedAverageShsOut": 164248000, "weightedAverageShsOutDil": 169079000, "link": "https://www.sec.gov/Archives/edgar/data/1032975/000103297518000007/0001032975-18-000007-index.htm", "finalLink": "https://www.sec.gov/Archives/edgar/data/1032975/000103297518000007/logi10-qq3fy18.htm"}, {"date": "2017-09-30", "symbol": "LOGI", "reportedCurrency": "USD", "cik": "0001032975", "fillingDate": "2017-11-01", "acceptedDate": "2017-11-01 16:24:39", "calendarYear": "2018", "period": "Q2", "revenue": 632470000, "costOfRevenue": 405480000, "grossProfit": 228732000, "grossProfitRatio": 0.3616487739, "researchAndDevelopmentExpenses": 36647000, "generalAndAdministrativeExpenses": 25205000, "sellingAndMarketingExpenses": 107386000, "sellingGeneralAndAdministrativeExpenses": 132591000, "otherExpenses": 2491000, "operatingExpenses": 171729000, "costAndExpenses": 577209000, "interestIncome": 1048000, "interestExpense": 0, "depreciationAndAmortization": 13865000, "ebitda": 69812000, "ebitdaratio": 0.110379939, "operatingIncome": 56688000, "operatingIncomeRatio": 0.0896295476, "totalOtherIncomeExpensesNet": 1507000, "incomeBeforeTax": 60445000, "incomeBeforeTaxRatio": 0.0955697503, "incomeTaxExpense": 4087000, "netIncome": 56358000, "netIncomeRatio": 0.0891077838, "eps": 0.35, "epsdiluted": 0.34, "weightedAverageShsOut": 164120000, "weightedAverageShsOutDil": 169078000, "link": "https://www.sec.gov/Archives/edgar/data/1032975/000103297517000053/0001032975-17-000053-index.htm", "finalLink": "https://www.sec.gov/Archives/edgar/data/1032975/000103297517000053/logi10-qq2fy18.htm"}, {"date": "2017-06-30", "symbol": "LOGI", "reportedCurrency": "USD", "cik": "0001032975", "fillingDate": "2017-07-27", "acceptedDate": "2017-07-27 16:39:08", "calendarYear": "2018", "period": "Q1", "revenue": 529946000, "costOfRevenue": 336278000, "grossProfit": 193668000, "grossProfitRatio": 0.3654485551, "researchAndDevelopmentExpenses": 35099000, "generalAndAdministrativeExpenses": 25354000, "sellingAndMarketingExpenses": 102378000, "sellingGeneralAndAdministrativeExpenses": 127732000, "otherExpenses": 1390000, "operatingExpenses": 164221000, "costAndExpenses": 500499000, "interestIncome": 1175000, "interestExpense": 0, "depreciationAndAmortization": 11741000, "ebitda": 41133000, "ebitdaratio": 0.0776173421, "operatingIncome": 31425000, "operatingIncomeRatio": 0.0592984946, "totalOtherIncomeExpensesNet": 146000, "incomeBeforeTax": 31571000, "incomeBeforeTaxRatio": 0.0595739943, "incomeTaxExpense": -5436000, "netIncome": 37007000, "netIncomeRatio": 0.0698316432, "eps": 0.23, "epsdiluted": 0.22, "weightedAverageShsOut": 163407000, "weightedAverageShsOutDil": 168339000, "link": "https://www.sec.gov/Archives/edgar/data/1032975/000103297517000037/0001032975-17-000037-index.htm", "finalLink": "https://www.sec.gov/Archives/edgar/data/1032975/000103297517000037/logi10-qq1fy18.htm"}, {"date": "2017-03-31", "symbol": "LOGI", "reportedCurrency": "USD", "cik": "0001032975", "fillingDate": "2017-05-26", "acceptedDate": "2017-05-26 16:07:15", "calendarYear": "2017", "period": "Q4", "revenue": 510552000, "costOfRevenue": 312773000, "grossProfit": 197779000, "grossProfitRatio": 0.387382676, "researchAndDevelopmentExpenses": 33658000, "generalAndAdministrativeExpenses": 24683000, "sellingAndMarketingExpenses": 99941000, "sellingGeneralAndAdministrativeExpenses": 124624000, "otherExpenses": 1279000, "operatingExpenses": 159561000, "costAndExpenses": 472334000, "interestIncome": 0, "interestExpense": 0, "depreciationAndAmortization": 11391000, "ebitda": 49428000, "ebitdaratio": 0.0968128614, "operatingIncome": 36318000, "operatingIncomeRatio": 0.0711347718, "totalOtherIncomeExpensesNet": 1923000, "incomeBeforeTax": 38241000, "incomeBeforeTaxRatio": 0.0749012833, "incomeTaxExpense": -1184000, "netIncome": 39425000, "netIncomeRatio": 0.0772203419, "eps": 0.15, "epsdiluted": 0.15, "weightedAverageShsOut": 162023000, "weightedAverageShsOutDil": 166526000, "link": "https://www.sec.gov/Archives/edgar/data/1032975/000103297517000016/0001032975-17-000016-index.htm", "finalLink": "https://www.sec.gov/Archives/edgar/data/1032975/000103297517000016/logitech10-k2017.htm"}, {"date": "2016-12-31", "symbol": "LOGI", "reportedCurrency": "USD", "cik": "0001032975", "fillingDate": "2017-02-06", "acceptedDate": "2017-02-06 16:07:52", "calendarYear": "2017", "period": "Q3", "revenue": 666707000, "costOfRevenue": 419944000, "grossProfit": 246763000, "grossProfitRatio": 0.3701221076, "researchAndDevelopmentExpenses": 32284000, "generalAndAdministrativeExpenses": 24631000, "sellingAndMarketingExpenses": 102036000, "sellingGeneralAndAdministrativeExpenses": 126667000, "otherExpenses": 1494000, "operatingExpenses": 160445000, "costAndExpenses": 571712000, "interestIncome": 202000, "interestExpense": 0, "depreciationAndAmortization": 11614000, "ebitda": 97965000, "ebitdaratio": 0.1469386102, "operatingIncome": 96276000, "operatingIncomeRatio": 0.1444052635, "totalOtherIncomeExpensesNet": 2836000, "incomeBeforeTax": 99112000, "incomeBeforeTaxRatio": 0.1486590061, "incomeTaxExpense": 1647000, "netIncome": 97465000, "netIncomeRatio": 0.1461886556, "eps": 0.6, "epsdiluted": 0.59, "weightedAverageShsOut": 161977000, "weightedAverageShsOutDil": 165901000, "link": "https://www.sec.gov/Archives/edgar/data/1032975/000103297517000005/0001032975-17-000005-index.htm", "finalLink": "https://www.sec.gov/Archives/edgar/data/1032975/000103297517000005/logi10-qq3fy17.htm"}, {"date": "2016-09-30", "symbol": "LOGI", "reportedCurrency": "USD", "cik": "0001032975", "fillingDate": "2016-10-27", "acceptedDate": "2016-10-27 16:44:37", "calendarYear": "2017", "period": "Q2", "revenue": 564304000, "costOfRevenue": 357431000, "grossProfit": 206873000, "grossProfitRatio": 0.3665985001, "researchAndDevelopmentExpenses": 32632000, "generalAndAdministrativeExpenses": 25216000, "sellingAndMarketingExpenses": 93792000, "sellingGeneralAndAdministrativeExpenses": 119008000, "otherExpenses": 1748000, "operatingExpenses": 153388000, "costAndExpenses": 510819000, "interestIncome": 0, "interestExpense": 0, "depreciationAndAmortization": 12670000, "ebitda": 66081000, "ebitdaratio": 0.1171017749, "operatingIncome": 53411000, "operatingIncomeRatio": 0.0946493379, "totalOtherIncomeExpensesNet": -773000, "incomeBeforeTax": 52638000, "incomeBeforeTaxRatio": 0.0932795089, "incomeTaxExpense": 5593000, "netIncome": 47045000, "netIncomeRatio": 0.0833681845, "eps": 0.29, "epsdiluted": 0.28, "weightedAverageShsOut": 162222000, "weightedAverageShsOutDil": 165549000, "link": "https://www.sec.gov/Archives/edgar/data/1032975/000103297516000106/0001032975-16-000106-index.htm", "finalLink": "https://www.sec.gov/Archives/edgar/data/1032975/000103297516000106/logi10-qq2fy17.htm"}, {"date": "2016-06-30", "symbol": "LOGI", "reportedCurrency": "USD", "cik": "0001032975", "fillingDate": "2016-07-29", "acceptedDate": "2016-07-29 16:15:12", "calendarYear": "2017", "period": "Q1", "revenue": 479864000, "costOfRevenue": 311238000, "grossProfit": 168626000, "grossProfitRatio": 0.3514037311, "researchAndDevelopmentExpenses": 31951000, "generalAndAdministrativeExpenses": 25740000, "sellingAndMarketingExpenses": 83872000, "sellingGeneralAndAdministrativeExpenses": 109612000, "otherExpenses": 1293000, "operatingExpenses": 142856000, "costAndExpenses": 454094000, "interestIncome": 151000, "interestExpense": 0, "depreciationAndAmortization": 14813000, "ebitda": 40467000, "ebitdaratio": 0.0843301435, "operatingIncome": 25855000, "operatingIncomeRatio": 0.0538798493, "totalOtherIncomeExpensesNet": -857000, "incomeBeforeTax": 24998000, "incomeBeforeTaxRatio": 0.0520939266, "incomeTaxExpense": 3057000, "netIncome": 21941000, "netIncomeRatio": 0.0457233716, "eps": 0.14, "epsdiluted": 0.13, "weightedAverageShsOut": 162130000, "weightedAverageShsOutDil": 164303000, "link": "https://www.sec.gov/Archives/edgar/data/1032975/000103297516000097/0001032975-16-000097-index.htm", "finalLink": "https://www.sec.gov/Archives/edgar/data/1032975/000103297516000097/logitech10-qq1fy17.htm"}, {"date": "2016-03-31", "symbol": "LOGI", "reportedCurrency": "USD", "cik": "0001032975", "fillingDate": "2016-05-23", "acceptedDate": "2016-05-23 16:29:23", "calendarYear": "2016", "period": "Q4", "revenue": 430841000, "costOfRevenue": 288741000, "grossProfit": 142100000, "grossProfitRatio": 0.3298200496, "researchAndDevelopmentExpenses": 27288000, "generalAndAdministrativeExpenses": 23582000, "sellingAndMarketingExpenses": 77091000, "sellingGeneralAndAdministrativeExpenses": 100673000, "otherExpenses": 0, "operatingExpenses": 127961000, "costAndExpenses": 416702000, "interestIncome": 241000, "interestExpense": 229000, "depreciationAndAmortization": 14573000, "ebitda": 13324000, "ebitdaratio": 0.0309255619, "operatingIncome": 10355000, "operatingIncomeRatio": 0.0240343886, "totalOtherIncomeExpensesNet": 2759000, "incomeBeforeTax": 13114000, "incomeBeforeTaxRatio": 0.0304381431, "incomeTaxExpense": -3896000, "netIncome": 28697000, "netIncomeRatio": 0.0666069385, "eps": 0.18, "epsdiluted": 0.17, "weightedAverageShsOut": 162671000, "weightedAverageShsOutDil": 165365000, "link": "https://www.sec.gov/Archives/edgar/data/1032975/000103297516000083/0001032975-16-000083-index.htm", "finalLink": "https://www.sec.gov/Archives/edgar/data/1032975/000103297516000083/logitech10-k2016.htm"}, {"date": "2015-12-31", "symbol": "LOGI", "reportedCurrency": "USD", "cik": "0001032975", "fillingDate": "2016-01-22", "acceptedDate": "2016-01-22 16:27:40", "calendarYear": "2016", "period": "Q3", "revenue": 621079000, "costOfRevenue": 412582000, "grossProfit": 208497000, "grossProfitRatio": 0.3357012554, "researchAndDevelopmentExpenses": 29273000, "generalAndAdministrativeExpenses": 24080000, "sellingAndMarketingExpenses": 87295000, "sellingGeneralAndAdministrativeExpenses": 111375000, "otherExpenses": 112000, "operatingExpenses": 140648000, "costAndExpenses": 553230000, "interestIncome": 105000, "interestExpense": 105000, "depreciationAndAmortization": 14957000, "ebitda": 82878000, "ebitdaratio": 0.1334419615, "operatingIncome": 68515000, "operatingIncomeRatio": 0.110316079, "totalOtherIncomeExpensesNet": 967000, "incomeBeforeTax": 69482000, "incomeBeforeTaxRatio": 0.1118730467, "incomeTaxExpense": 1442000, "netIncome": 65086000, "netIncomeRatio": 0.1047950422, "eps": 0.4, "epsdiluted": 0.39, "weightedAverageShsOut": 162669000, "weightedAverageShsOutDil": 165168000, "link": "https://www.sec.gov/Archives/edgar/data/1032975/000103297516000068/0001032975-16-000068-index.htm", "finalLink": "https://www.sec.gov/Archives/edgar/data/1032975/000103297516000068/logitech10-qq3fy16.htm"}, {"date": "2015-09-30", "symbol": "LOGI", "reportedCurrency": "USD", "cik": "0001032975", "fillingDate": "2015-10-23", "acceptedDate": "2015-10-23 16:11:52", "calendarYear": "2016", "period": "Q2", "revenue": 539862000, "costOfRevenue": 353851000, "grossProfit": 172517000, "grossProfitRatio": 0.3195575906, "researchAndDevelopmentExpenses": 28725000, "generalAndAdministrativeExpenses": 25115000, "sellingAndMarketingExpenses": 78833000, "sellingGeneralAndAdministrativeExpenses": 103948000, "otherExpenses": 168000, "operatingExpenses": 160322000, "costAndExpenses": 505477000, "interestIncome": 189000, "interestExpense": 192000, "depreciationAndAmortization": 12215000, "ebitda": 51891000, "ebitdaratio": 0.0961190082, "operatingIncome": 36571000, "operatingIncomeRatio": 0.0677413858, "totalOtherIncomeExpensesNet": -548000, "incomeBeforeTax": 36023000, "incomeBeforeTaxRatio": 0.0667263115, "incomeTaxExpense": 5571000, "netIncome": 18097000, "netIncomeRatio": 0.0335215296, "eps": 0.11, "epsdiluted": 0.11, "weightedAverageShsOut": 163515000, "weightedAverageShsOutDil": 165841000, "link": "https://www.sec.gov/Archives/edgar/data/1032975/000103297515000052/0001032975-15-000052-index.htm", "finalLink": "https://www.sec.gov/Archives/edgar/data/1032975/000103297515000052/logitech10-qq2fy16.htm"}, {"date": "2015-06-30", "symbol": "LOGI", "reportedCurrency": "USD", "cik": "0001032975", "fillingDate": "2015-07-24", "acceptedDate": "2015-07-24 16:21:44", "calendarYear": "2016", "period": "Q1", "revenue": 470320000, "costOfRevenue": 298591000, "grossProfit": 171729000, "grossProfitRatio": 0.3651322504, "researchAndDevelopmentExpenses": 33833000, "generalAndAdministrativeExpenses": 30504000, "sellingAndMarketingExpenses": 87427000, "sellingGeneralAndAdministrativeExpenses": 117931000, "otherExpenses": 0, "operatingExpenses": 151764000, "costAndExpenses": 450355000, "interestIncome": 255000, "interestExpense": 264000, "depreciationAndAmortization": 11248000, "ebitda": 36446000, "ebitdaratio": 0.0774919204, "operatingIncome": 13617000, "operatingIncomeRatio": 0.028952628, "totalOtherIncomeExpensesNet": -857000, "incomeBeforeTax": 12853000, "incomeBeforeTaxRatio": 0.0273282021, "incomeTaxExpense": -7000, "netIncome": 7437000, "netIncomeRatio": 0.0158126382, "eps": 0.0452, "epsdiluted": 0.0446, "weightedAverageShsOut": 164431000, "weightedAverageShsOutDil": 166895000, "link": "https://www.sec.gov/Archives/edgar/data/1032975/000103297515000032/0001032975-15-000032-index.htm", "finalLink": "https://www.sec.gov/Archives/edgar/data/1032975/000103297515000032/logitech10qq116.htm"}, {"date": "2015-03-31", "symbol": "LOGI", "reportedCurrency": "USD", "cik": "0001032975", "fillingDate": "2015-06-05", "acceptedDate": "2015-06-05 17:01:39", "calendarYear": "2015", "period": "Q4", "revenue": 467229000, "costOfRevenue": 310845000, "grossProfit": 156384000, "grossProfitRatio": 0.3347052516, "researchAndDevelopmentExpenses": 33755000, "generalAndAdministrativeExpenses": 30640000, "sellingAndMarketingExpenses": 88378000, "sellingGeneralAndAdministrativeExpenses": 115617000, "otherExpenses": 0, "operatingExpenses": 149372000, "costAndExpenses": 460217000, "interestIncome": 373000, "interestExpense": 777000, "depreciationAndAmortization": 12482000, "ebitda": -100078000, "ebitdaratio": -0.2141947525, "operatingIncome": -114230000, "operatingIncomeRatio": -0.2444839682, "totalOtherIncomeExpensesNet": 1735000, "incomeBeforeTax": -115226000, "incomeBeforeTaxRatio": -0.2466156852, "incomeTaxExpense": -3228000, "netIncome": -109267000, "netIncomeRatio": -0.233861768, "eps": 0.1, "epsdiluted": 0.1, "weightedAverageShsOut": 164319000, "weightedAverageShsOutDil": 166424000, "link": "https://www.sec.gov/Archives/edgar/data/1032975/000103297515000023/0001032975-15-000023-index.htm", "finalLink": "https://www.sec.gov/Archives/edgar/data/1032975/000103297515000023/logitech10-k2015.htm"}, {"date": "2014-12-31", "symbol": "LOGI", "reportedCurrency": "USD", "cik": "0001032975", "fillingDate": "2015-01-27", "acceptedDate": "2015-01-27 17:12:40", "calendarYear": "2015", "period": "Q3", "revenue": 604322000, "costOfRevenue": 402921000, "grossProfit": 213362000, "grossProfitRatio": 0.3530601236, "researchAndDevelopmentExpenses": 34103000, "generalAndAdministrativeExpenses": 29808000, "sellingAndMarketingExpenses": 93624000, "sellingGeneralAndAdministrativeExpenses": 133115000, "otherExpenses": 0, "operatingExpenses": 166731000, "costAndExpenses": 569652000, "interestIncome": 314000, "interestExpense": 90000, "depreciationAndAmortization": 12133000, "ebitda": 81685000, "ebitdaratio": 0.1351680065, "operatingIncome": 69552000, "operatingIncomeRatio": 0.1150909614, "totalOtherIncomeExpensesNet": -2464000, "incomeBeforeTax": 67088000, "incomeBeforeTaxRatio": 0.1110136649, "incomeTaxExpense": 670000, "netIncome": 62784000, "netIncomeRatio": 0.1038916339, "eps": 0.38, "epsdiluted": 0.38, "weightedAverageShsOut": 166045000, "weightedAverageShsOutDil": 166321000, "link": "https://www.sec.gov/Archives/edgar/data/1032975/000162828015000267/0001628280-15-000267-index.htm", "finalLink": "https://www.sec.gov/Archives/edgar/data/1032975/000162828015000267/logitech10q.htm"}, {"date": "2014-09-30", "symbol": "LOGI", "reportedCurrency": "USD", "cik": "0001032975", "fillingDate": "2014-11-26", "acceptedDate": "2014-11-26 16:46:58", "calendarYear": "2015", "period": "Q2", "revenue": 530311000, "costOfRevenue": 325533000, "grossProfit": 204778000, "grossProfitRatio": 0.3861469968, "researchAndDevelopmentExpenses": 32325000, "generalAndAdministrativeExpenses": 34470000, "sellingAndMarketingExpenses": 95862000, "sellingGeneralAndAdministrativeExpenses": 130332000, "otherExpenses": 0, "operatingExpenses": 162657000, "costAndExpenses": 488190000, "interestIncome": 355000, "interestExpense": 355000, "depreciationAndAmortization": 12317000, "ebitda": 54143000, "ebitdaratio": 0.1020966942, "operatingIncome": 42121000, "operatingIncomeRatio": 0.0794269778, "totalOtherIncomeExpensesNet": -530000, "incomeBeforeTax": 41591000, "incomeBeforeTaxRatio": 0.0784275642, "incomeTaxExpense": 5501000, "netIncome": 36090000, "netIncomeRatio": 0.0680544058, "eps": 0.22, "epsdiluted": 0.22, "weightedAverageShsOut": 163230000, "weightedAverageShsOutDil": 166065000, "link": "https://www.sec.gov/Archives/edgar/data/1032975/000110465914083669/0001104659-14-083669-index.htm", "finalLink": "https://www.sec.gov/Archives/edgar/data/1032975/000110465914083669/a14-22741_110q.htm"}, {"date": "2014-06-30", "symbol": "LOGI", "reportedCurrency": "USD", "cik": "0001032975", "fillingDate": "2014-11-14", "acceptedDate": "2014-11-14 17:07:42", "calendarYear": "2015", "period": "Q1", "revenue": 482203000, "costOfRevenue": 300450000, "grossProfit": 181753000, "grossProfitRatio": 0.3769221676, "researchAndDevelopmentExpenses": 31316000, "generalAndAdministrativeExpenses": 36654000, "sellingAndMarketingExpenses": 91045000, "sellingGeneralAndAdministrativeExpenses": 127609000, "otherExpenses": -223000, "operatingExpenses": 158690000, "costAndExpenses": 458255000, "interestIncome": 261000, "interestExpense": 3000, "depreciationAndAmortization": 12733000, "ebitda": 35511000, "ebitdaratio": 0.0736432581, "operatingIncome": 22712000, "operatingIncomeRatio": 0.047100495, "totalOtherIncomeExpensesNet": 60000, "incomeBeforeTax": 22772000, "incomeBeforeTaxRatio": 0.0472249239, "incomeTaxExpense": 3096000, "netIncome": 19676000, "netIncomeRatio": 0.0408043915, "eps": 0.14, "epsdiluted": 0.13, "weightedAverageShsOut": 163012000, "weightedAverageShsOutDil": 165833000, "link": "https://www.sec.gov/Archives/edgar/data/1032975/000110465914081027/0001104659-14-081027-index.htm", "finalLink": "https://www.sec.gov/Archives/edgar/data/1032975/000110465914081027/a14-17377_110q.htm"}, {"date": "2014-03-31", "symbol": "LOGI", "reportedCurrency": "USD", "cik": "0001032975", "fillingDate": "2014-11-13", "acceptedDate": "2014-11-13 16:44:10", "calendarYear": "2014", "period": "Q4", "revenue": 490927000, "costOfRevenue": 328188000, "grossProfit": 162739000, "grossProfitRatio": 0.331493277, "researchAndDevelopmentExpenses": 30893000, "generalAndAdministrativeExpenses": 27607000, "sellingAndMarketingExpenses": 92081000, "sellingGeneralAndAdministrativeExpenses": 121966000, "otherExpenses": 625000, "operatingExpenses": 150843000, "costAndExpenses": 483954000, "interestIncome": 475000, "interestExpense": 10000, "depreciationAndAmortization": 22992000, "ebitda": 29575000, "ebitdaratio": 0.0602431726, "operatingIncome": 10925000, "operatingIncomeRatio": 0.0222538178, "totalOtherIncomeExpensesNet": 0, "incomeBeforeTax": 6832000, "incomeBeforeTaxRatio": 0.0139165293, "incomeTaxExpense": -3787000, "netIncome": 10360000, "netIncomeRatio": 0.0211029338, "eps": 0.07, "epsdiluted": 0.0699, "weightedAverageShsOut": 159298000, "weightedAverageShsOutDil": 165766000, "link": "https://www.sec.gov/Archives/edgar/data/1032975/000104746914009167/0001047469-14-009167-index.htm", "finalLink": "https://www.sec.gov/Archives/edgar/data/1032975/000104746914009167/a2221898z10-k.htm"}, {"date": "2013-12-31", "symbol": "LOGI", "reportedCurrency": "USD", "cik": "0001032975", "fillingDate": "2014-01-30", "acceptedDate": "2014-01-30 16:16:23", "calendarYear": "2014", "period": "Q3", "revenue": 627890000, "costOfRevenue": 414528000, "grossProfit": 213362000, "grossProfitRatio": 0.3398079281, "researchAndDevelopmentExpenses": 34103000, "generalAndAdministrativeExpenses": 31560000, "sellingAndMarketingExpenses": 93624000, "sellingGeneralAndAdministrativeExpenses": 125184000, "otherExpenses": 0, "operatingExpenses": 159287000, "costAndExpenses": 573815000, "interestIncome": 438000, "interestExpense": 1460000, "depreciationAndAmortization": 15385000, "ebitda": 69536000, "ebitdaratio": 0.1107455127, "operatingIncome": 53253000, "operatingIncomeRatio": 0.0848126264, "totalOtherIncomeExpensesNet": 60000, "incomeBeforeTax": 52691000, "incomeBeforeTaxRatio": 0.0839175652, "incomeTaxExpense": 4810000, "netIncome": 47884000, "netIncomeRatio": 0.0762617656, "eps": 0.3, "epsdiluted": 0.3, "weightedAverageShsOut": 160871000, "weightedAverageShsOutDil": 163388000, "link": "https://www.sec.gov/Archives/edgar/data/1032975/000110465914005272/0001104659-14-005272-index.htm", "finalLink": "https://www.sec.gov/Archives/edgar/data/1032975/000110465914005272/a13-26574_110q.htm"}, {"date": "2013-09-30", "symbol": "LOGI", "reportedCurrency": "USD", "cik": "0001032975", "fillingDate": "2013-11-05", "acceptedDate": "2013-11-05 16:07:40", "calendarYear": "2014", "period": "Q2", "revenue": 531972000, "costOfRevenue": 348559000, "grossProfit": 183413000, "grossProfitRatio": 0.3447794245, "researchAndDevelopmentExpenses": 37633000, "generalAndAdministrativeExpenses": 29395000, "sellingAndMarketingExpenses": 93710000, "sellingGeneralAndAdministrativeExpenses": 123105000, "otherExpenses": 0, "operatingExpenses": 160738000, "costAndExpenses": 514762000, "interestIncome": 496000, "interestExpense": 313000, "depreciationAndAmortization": 15965000, "ebitda": 33911000, "ebitdaratio": 0.0637458362, "operatingIncome": 17210000, "operatingIncomeRatio": 0.0323513268, "totalOtherIncomeExpensesNet": 245000, "incomeBeforeTax": 17634000, "incomeBeforeTaxRatio": 0.0331483612, "incomeTaxExpense": 3057000, "netIncome": 14576000, "netIncomeRatio": 0.0273999383, "eps": 0.09, "epsdiluted": 0.09, "weightedAverageShsOut": 159969000, "weightedAverageShsOutDil": 161183000, "link": "https://www.sec.gov/Archives/edgar/data/1032975/000110465913081156/0001104659-13-081156-index.htm", "finalLink": "https://www.sec.gov/Archives/edgar/data/1032975/000110465913081156/a13-19860_110q.htm"}, {"date": "2013-06-30", "symbol": "LOGI", "reportedCurrency": "USD", "cik": "0001032975", "fillingDate": "2013-08-07", "acceptedDate": "2013-08-07 16:53:06", "calendarYear": "2014", "period": "Q1", "revenue": 477924000, "costOfRevenue": 309569000, "grossProfit": 168355000, "grossProfitRatio": 0.3522631213, "researchAndDevelopmentExpenses": 36191000, "generalAndAdministrativeExpenses": 29148000, "sellingAndMarketingExpenses": 100635000, "sellingGeneralAndAdministrativeExpenses": 129783000, "otherExpenses": 0, "operatingExpenses": 165974000, "costAndExpenses": 475543000, "interestIncome": 422000, "interestExpense": 445000, "depreciationAndAmortization": 16395000, "ebitda": 17265000, "ebitdaratio": 0.0361249906, "operatingIncome": 47000, "operatingIncomeRatio": 9.8342e-05, "totalOtherIncomeExpensesNet": 194000, "incomeBeforeTax": 425000, "incomeBeforeTaxRatio": 0.0008892627, "incomeTaxExpense": -802000, "netIncome": 1226000, "netIncomeRatio": 0.0025652614, "eps": 0.0065, "epsdiluted": 0.0065, "weightedAverageShsOut": 159298000, "weightedAverageShsOutDil": 160281000, "link": "https://www.sec.gov/Archives/edgar/data/1032975/000110465913061086/0001104659-13-061086-index.htm", "finalLink": "https://www.sec.gov/Archives/edgar/data/1032975/000110465913061086/a13-16585_110q.htm"}, {"date": "2013-03-31", "symbol": "LOGI", "reportedCurrency": "USD", "cik": "0001032975", "fillingDate": "2013-05-30", "acceptedDate": "2013-05-30 17:15:26", "calendarYear": "2013", "period": "Q4", "revenue": 469087000, "costOfRevenue": 312129000, "grossProfit": 156958000, "grossProfitRatio": 0.334603176, "researchAndDevelopmentExpenses": 36582000, "generalAndAdministrativeExpenses": 28982000, "sellingAndMarketingExpenses": 107480000, "sellingGeneralAndAdministrativeExpenses": 136462000, "otherExpenses": 0, "operatingExpenses": 173044000, "costAndExpenses": 503520000, "interestIncome": 256000, "interestExpense": 0, "depreciationAndAmortization": 15717000, "ebitda": -18864000, "ebitdaratio": -0.0402142886, "operatingIncome": -37282000, "operatingIncomeRatio": -0.0794777941, "totalOtherIncomeExpensesNet": 2396000, "incomeBeforeTax": -34886000, "incomeBeforeTaxRatio": -0.0743699996, "incomeTaxExpense": 1028000, "netIncome": -35914000, "netIncomeRatio": -0.0765614907, "eps": -0.23, "epsdiluted": -0.23, "weightedAverageShsOut": 154546000, "weightedAverageShsOutDil": 158716000, "link": "https://www.sec.gov/Archives/edgar/data/1032975/000104746913006614/0001047469-13-006614-index.htm", "finalLink": "https://www.sec.gov/Archives/edgar/data/1032975/000104746913006614/a2215431z10-k.htm"}, {"date": "2012-12-31", "symbol": "LOGI", "reportedCurrency": "USD", "cik": "0001032975", "fillingDate": "2013-02-05", "acceptedDate": "2013-02-05 16:10:00", "calendarYear": "2013", "period": "Q3", "revenue": 614500000, "costOfRevenue": 404402000, "grossProfit": 210098000, "grossProfitRatio": 0.3419007323, "researchAndDevelopmentExpenses": 40393000, "generalAndAdministrativeExpenses": 26382000, "sellingAndMarketingExpenses": 112698000, "sellingGeneralAndAdministrativeExpenses": 139080000, "otherExpenses": 0, "operatingExpenses": 179473000, "costAndExpenses": 583875000, "interestIncome": 427000, "interestExpense": 313000, "depreciationAndAmortization": 17211000, "ebitda": -166271000, "ebitdaratio": -0.2705793328, "operatingIncome": -180017000, "operatingIncomeRatio": -0.2929487388, "totalOtherIncomeExpensesNet": -3944000, "incomeBeforeTax": -183961000, "incomeBeforeTaxRatio": -0.299366965, "incomeTaxExpense": 11370000, "netIncome": -195331000, "netIncomeRatio": -0.3178698129, "eps": -1.24, "epsdiluted": -1.24, "weightedAverageShsOut": 157525000, "weightedAverageShsOutDil": 157706000, "link": "https://www.sec.gov/Archives/edgar/data/1032975/000110465913007557/0001104659-13-007557-index.htm", "finalLink": "https://www.sec.gov/Archives/edgar/data/1032975/000110465913007557/a12-29426_110q.htm"}, {"date": "2012-09-30", "symbol": "LOGI", "reportedCurrency": "USD", "cik": "0001032975", "fillingDate": "2012-11-06", "acceptedDate": "2012-11-05 19:03:34", "calendarYear": "2013", "period": "Q2", "revenue": 547693000, "costOfRevenue": 351698000, "grossProfit": 195995000, "grossProfitRatio": 0.357855587, "researchAndDevelopmentExpenses": 38019000, "generalAndAdministrativeExpenses": 25980000, "sellingAndMarketingExpenses": 110522000, "sellingGeneralAndAdministrativeExpenses": 136502000, "otherExpenses": 0, "operatingExpenses": 174521000, "costAndExpenses": 526219000, "interestIncome": 495000, "interestExpense": 342000, "depreciationAndAmortization": 17180000, "ebitda": 41161000, "ebitdaratio": 0.0751534162, "operatingIncome": 24145000, "operatingIncomeRatio": 0.0440849162, "totalOtherIncomeExpensesNet": -672000, "incomeBeforeTax": 23473000, "incomeBeforeTaxRatio": 0.0428579514, "incomeTaxExpense": -31076000, "netIncome": 54865000, "netIncomeRatio": 0.1001747329, "eps": 0.35, "epsdiluted": 0.35, "weightedAverageShsOut": 156736000, "weightedAverageShsOutDil": 157932000, "link": "https://www.sec.gov/Archives/edgar/data/1032975/000110465912074325/0001104659-12-074325-index.htm", "finalLink": "https://www.sec.gov/Archives/edgar/data/1032975/000110465912074325/a12-20171_110q.htm"}, {"date": "2012-06-30", "symbol": "LOGI", "reportedCurrency": "USD", "cik": "0001032975", "fillingDate": "2012-08-06", "acceptedDate": "2012-08-06 17:20:11", "calendarYear": "2013", "period": "Q1", "revenue": 468604000, "costOfRevenue": 324352000, "grossProfit": 144252000, "grossProfitRatio": 0.3078334799, "researchAndDevelopmentExpenses": 38928000, "generalAndAdministrativeExpenses": 32480000, "sellingAndMarketingExpenses": 100897000, "sellingGeneralAndAdministrativeExpenses": 133377000, "otherExpenses": 0, "operatingExpenses": 172305000, "costAndExpenses": 527884000, "interestIncome": 732000, "interestExpense": 348000, "depreciationAndAmortization": 17384000, "ebitda": -40158000, "ebitdaratio": -0.0856970918, "operatingIncome": -58281000, "operatingIncomeRatio": -0.1243715376, "totalOtherIncomeExpensesNet": 225000, "incomeBeforeTax": -59055000, "incomeBeforeTaxRatio": -0.126023252, "incomeTaxExpense": -6910000, "netIncome": -51146000, "netIncomeRatio": -0.1091454618, "eps": -0.32, "epsdiluted": -0.32, "weightedAverageShsOut": 160733000, "weightedAverageShsOutDil": 160733000, "link": "https://www.sec.gov/Archives/edgar/data/1032975/000110465912054707/0001104659-12-054707-index.htm", "finalLink": "https://www.sec.gov/Archives/edgar/data/1032975/000110465912054707/a12-15772_110q.htm"}, {"date": "2012-03-31", "symbol": "LOGI", "reportedCurrency": "USD", "cik": "0001032975", "fillingDate": "2012-05-30", "acceptedDate": "2012-05-30 17:08:27", "calendarYear": "2012", "period": "Q4", "revenue": 531962000, "costOfRevenue": 338075000, "grossProfit": 193887000, "grossProfitRatio": 0.3644752821, "researchAndDevelopmentExpenses": 40948000, "generalAndAdministrativeExpenses": 28896000, "sellingAndMarketingExpenses": 100302000, "sellingGeneralAndAdministrativeExpenses": 129198000, "otherExpenses": 0, "operatingExpenses": 170146000, "costAndExpenses": 508221000, "interestIncome": 809000, "interestExpense": 343000, "depreciationAndAmortization": 17092000, "ebitda": 48123000, "ebitdaratio": 0.0904632286, "operatingIncome": 23741000, "operatingIncomeRatio": 0.0446291276, "totalOtherIncomeExpensesNet": 6947000, "incomeBeforeTax": 30688000, "incomeBeforeTaxRatio": 0.0576883311, "incomeTaxExpense": 2402000, "netIncome": 28286000, "netIncomeRatio": 0.053172971, "eps": 0.16, "epsdiluted": 0.16, "weightedAverageShsOut": 174648000, "weightedAverageShsOutDil": 175591000, "link": "https://www.sec.gov/Archives/edgar/data/1032975/000104746912006385/0001047469-12-006385-index.htm", "finalLink": "https://www.sec.gov/Archives/edgar/data/1032975/000104746912006385/a2209777z10-k.htm"}, {"date": "2011-12-31", "symbol": "LOGI", "reportedCurrency": "USD", "cik": "0001032975", "fillingDate": "2012-02-06", "acceptedDate": "2012-02-06 17:04:34", "calendarYear": "2012", "period": "Q3", "revenue": 714596000, "costOfRevenue": 455922000, "grossProfit": 258674000, "grossProfitRatio": 0.3619863531, "researchAndDevelopmentExpenses": 41911000, "generalAndAdministrativeExpenses": 30673000, "sellingAndMarketingExpenses": 116313000, "sellingGeneralAndAdministrativeExpenses": 146986000, "otherExpenses": 0, "operatingExpenses": 188897000, "costAndExpenses": 644819000, "interestIncome": 1020000, "interestExpense": 103000, "depreciationAndAmortization": 17261000, "ebitda": 94771000, "ebitdaratio": 0.1326217891, "operatingIncome": 69777000, "operatingIncomeRatio": 0.0976453828, "totalOtherIncomeExpensesNet": 7630000, "incomeBeforeTax": 77407000, "incomeBeforeTaxRatio": 0.1083227446, "incomeTaxExpense": 22074000, "netIncome": 55333000, "netIncomeRatio": 0.0774325633, "eps": 0.32, "epsdiluted": 0.32, "weightedAverageShsOut": 173003000, "weightedAverageShsOutDil": 173656000, "link": "https://www.sec.gov/Archives/edgar/data/1032975/000110465912006942/0001104659-12-006942-index.htm", "finalLink": "https://www.sec.gov/Archives/edgar/data/1032975/000110465912006942/a11-32312_110q.htm"}, {"date": "2011-09-30", "symbol": "LOGI", "reportedCurrency": "USD", "cik": "0001032975", "fillingDate": "2011-11-07", "acceptedDate": "2011-11-07 14:52:00", "calendarYear": "2012", "period": "Q2", "revenue": 589204000, "costOfRevenue": 390783000, "grossProfit": 198421000, "grossProfitRatio": 0.3367611218, "researchAndDevelopmentExpenses": 39491000, "generalAndAdministrativeExpenses": 27989000, "sellingAndMarketingExpenses": 107446000, "sellingGeneralAndAdministrativeExpenses": 135435000, "otherExpenses": 0, "operatingExpenses": 174926000, "costAndExpenses": 565709000, "interestIncome": 601000, "interestExpense": 0, "depreciationAndAmortization": 18347000, "ebitda": 40680000, "ebitdaratio": 0.0690423011, "operatingIncome": 23495000, "operatingIncomeRatio": 0.0398758325, "totalOtherIncomeExpensesNet": -1162000, "incomeBeforeTax": 22333000, "incomeBeforeTaxRatio": 0.0379036802, "incomeTaxExpense": 4888000, "netIncome": 17445000, "netIncomeRatio": 0.029607742, "eps": 0.0986, "epsdiluted": 0.0984, "weightedAverageShsOut": 176878000, "weightedAverageShsOutDil": 177277000, "link": "https://www.sec.gov/Archives/edgar/data/1032975/000110465911061563/0001104659-11-061563-index.htm", "finalLink": "https://www.sec.gov/Archives/edgar/data/1032975/000110465911061563/a11-26344_110q.htm"}, {"date": "2011-06-30", "symbol": "LOGI", "reportedCurrency": "USD", "cik": "0001032975", "fillingDate": "2011-08-08", "acceptedDate": "2011-08-08 16:56:39", "calendarYear": "2012", "period": "Q1", "revenue": 480441000, "costOfRevenue": 354834000, "grossProfit": 125607000, "grossProfitRatio": 0.261441051, "researchAndDevelopmentExpenses": 39981000, "generalAndAdministrativeExpenses": 30865000, "sellingAndMarketingExpenses": 99793000, "sellingGeneralAndAdministrativeExpenses": 130658000, "otherExpenses": 0, "operatingExpenses": 170639000, "costAndExpenses": 525473000, "interestIncome": 690000, "interestExpense": 0, "depreciationAndAmortization": 19802000, "ebitda": -19349000, "ebitdaratio": -0.0402734155, "operatingIncome": -45032000, "operatingIncomeRatio": -0.0937305517, "totalOtherIncomeExpensesNet": 5881000, "incomeBeforeTax": -39151000, "incomeBeforeTaxRatio": -0.0814897147, "incomeTaxExpense": -9545000, "netIncome": -29606000, "netIncomeRatio": -0.0616225509, "eps": -0.17, "epsdiluted": -0.17, "weightedAverageShsOut": 179331000, "weightedAverageShsOutDil": 179331000, "link": "https://www.sec.gov/Archives/edgar/data/1032975/000119312511214392/0001193125-11-214392-index.htm", "finalLink": "https://www.sec.gov/Archives/edgar/data/1032975/000119312511214392/d10q.htm"}, {"date": "2011-03-31", "symbol": "LOGI", "reportedCurrency": "USD", "cik": "0001032975", "fillingDate": "2011-05-27", "acceptedDate": "2011-05-27 17:06:42", "calendarYear": "2011", "period": "Q4", "revenue": 547618000, "costOfRevenue": 368248000, "grossProfit": 179370000, "grossProfitRatio": 0.327545844, "researchAndDevelopmentExpenses": 38119000, "generalAndAdministrativeExpenses": 30836000, "sellingAndMarketingExpenses": 106777000, "sellingGeneralAndAdministrativeExpenses": 137613000, "otherExpenses": 0, "operatingExpenses": 175732000, "costAndExpenses": 543980000, "interestIncome": 629000, "interestExpense": 8000, "depreciationAndAmortization": 19161000, "ebitda": 26107000, "ebitdaratio": 0.0476737434, "operatingIncome": 3638000, "operatingIncomeRatio": 0.0066433171, "totalOtherIncomeExpensesNet": 3300000, "incomeBeforeTax": 6938000, "incomeBeforeTaxRatio": 0.0126694155, "incomeTaxExpense": 4162000, "netIncome": 2776000, "netIncomeRatio": 0.0050692271, "eps": 0.0154, "epsdiluted": 0.0154, "weightedAverageShsOut": 178725000, "weightedAverageShsOutDil": 180100000, "link": "https://www.sec.gov/Archives/edgar/data/1032975/000119312511153485/0001193125-11-153485-index.htm", "finalLink": "https://www.sec.gov/Archives/edgar/data/1032975/000119312511153485/d10k.htm"}, {"date": "2010-12-31", "symbol": "LOGI", "reportedCurrency": "USD", "cik": "0001032975", "fillingDate": "2011-02-07", "acceptedDate": "2011-02-07 16:33:15", "calendarYear": "2011", "period": "Q3", "revenue": 754054000, "costOfRevenue": 482881000, "grossProfit": 271173000, "grossProfitRatio": 0.3596201333, "researchAndDevelopmentExpenses": 38955000, "generalAndAdministrativeExpenses": 31264000, "sellingAndMarketingExpenses": 124914000, "sellingGeneralAndAdministrativeExpenses": 156178000, "otherExpenses": 0, "operatingExpenses": 195133000, "costAndExpenses": 678014000, "interestIncome": 541000, "interestExpense": 2000, "depreciationAndAmortization": 19460000, "ebitda": 96836000, "ebitdaratio": 0.128420511, "operatingIncome": 76040000, "operatingIncomeRatio": 0.1008415843, "totalOtherIncomeExpensesNet": 1334000, "incomeBeforeTax": 77374000, "incomeBeforeTaxRatio": 0.1026106884, "incomeTaxExpense": 12372000, "netIncome": 65002000, "netIncomeRatio": 0.0862033754, "eps": 0.37, "epsdiluted": 0.36, "weightedAverageShsOut": 177233000, "weightedAverageShsOutDil": 179703000, "link": "https://www.sec.gov/Archives/edgar/data/1032975/000119312511025852/0001193125-11-025852-index.htm", "finalLink": "https://www.sec.gov/Archives/edgar/data/1032975/000119312511025852/d10q.htm"}, {"date": "2010-09-30", "symbol": "LOGI", "reportedCurrency": "USD", "cik": "0001032975", "fillingDate": "2010-11-08", "acceptedDate": "2010-11-08 17:30:55", "calendarYear": "2011", "period": "Q2", "revenue": 581884000, "costOfRevenue": 364950000, "grossProfit": 216934000, "grossProfitRatio": 0.372813138, "researchAndDevelopmentExpenses": 40927000, "generalAndAdministrativeExpenses": 27420000, "sellingAndMarketingExpenses": 97412000, "sellingGeneralAndAdministrativeExpenses": 124832000, "otherExpenses": 0, "operatingExpenses": 165759000, "costAndExpenses": 530709000, "interestIncome": 650000, "interestExpense": 15000, "depreciationAndAmortization": 18121000, "ebitda": 68152000, "ebitdaratio": 0.1171230005, "operatingIncome": 51175000, "operatingIncomeRatio": 0.0879470822, "totalOtherIncomeExpensesNet": -1159000, "incomeBeforeTax": 50016000, "incomeBeforeTaxRatio": 0.0859552763, "incomeTaxExpense": 8856000, "netIncome": 41160000, "netIncomeRatio": 0.070735748, "eps": 0.23, "epsdiluted": 0.23, "weightedAverageShsOut": 176359000, "weightedAverageShsOutDil": 177958000, "link": "https://www.sec.gov/Archives/edgar/data/1032975/000103297510000034/0001032975-10-000034-index.htm", "finalLink": "https://www.sec.gov/Archives/edgar/data/1032975/000103297510000034/q2fy1110q.htm"}]