[{"date": "2025-06-30", "symbol": "IDCC", "reportedCurrency": "USD", "cik": "0001405495", "fillingDate": "2025-07-31", "acceptedDate": "2025-07-31 08:35:13", "calendarYear": "2025", "period": "Q2", "revenue": 300596000, "costOfRevenue": 23909000, "grossProfit": 276687000, "grossProfitRatio": 0.9204613501, "researchAndDevelopmentExpenses": 53674000, "generalAndAdministrativeExpenses": 17586000, "sellingAndMarketingExpenses": 0, "sellingGeneralAndAdministrativeExpenses": 17586000, "otherExpenses": 0, "operatingExpenses": 71260000, "costAndExpenses": 95169000, "interestIncome": 8828000, "interestExpense": 9537000, "depreciationAndAmortization": 19465000, "ebitda": 240036000, "ebitdaratio": 0.79853358, "operatingIncome": 205427000, "operatingIncomeRatio": 0.6833989807, "totalOtherIncomeExpensesNet": 5607000, "incomeBeforeTax": 211034000, "incomeBeforeTaxRatio": 0.7020519235, "incomeTaxExpense": 30466000, "netIncome": 180568000, "netIncomeRatio": 0.6006999428, "eps": 7.01, "epsdiluted": 5.39, "weightedAverageShsOut": 25741000, "weightedAverageShsOutDil": 33505000, "link": "https://www.sec.gov/Archives/edgar/data/1405495/000140549525000051/0001405495-25-000051-index.htm", "finalLink": "https://www.sec.gov/Archives/edgar/data/1405495/000140549525000051/idcc-20250630.htm"}, {"date": "2025-03-31", "symbol": "IDCC", "reportedCurrency": "USD", "cik": "0001405495", "fillingDate": "2025-05-01", "acceptedDate": "2025-05-01 08:34:47", "calendarYear": "2025", "period": "Q1", "revenue": 210507000, "costOfRevenue": 17677000, "grossProfit": 192830000, "grossProfitRatio": 0.9160265454, "researchAndDevelopmentExpenses": 47430000, "generalAndAdministrativeExpenses": 13568000, "sellingAndMarketingExpenses": 0, "sellingGeneralAndAdministrativeExpenses": 13568000, "otherExpenses": 0, "operatingExpenses": 60998000, "costAndExpenses": 78675000, "interestIncome": 9264000, "interestExpense": 9871000, "depreciationAndAmortization": 9484000, "ebitda": 131832000, "ebitdaratio": 0.6262594593, "operatingIncome": 131832000, "operatingIncomeRatio": 0.6262594593, "totalOtherIncomeExpensesNet": 387000, "incomeBeforeTax": 132219000, "incomeBeforeTaxRatio": 0.628097878, "incomeTaxExpense": 16617000, "netIncome": 115602000, "netIncomeRatio": 0.5491598854, "eps": 4.49, "epsdiluted": 3.45, "weightedAverageShsOut": 25741000, "weightedAverageShsOutDil": 33505000, "link": "https://www.sec.gov/Archives/edgar/data/1405495/000140549525000022/0001405495-25-000022-index.htm", "finalLink": "https://www.sec.gov/Archives/edgar/data/1405495/000140549525000022/idcc-20250331.htm"}, {"date": "2024-12-31", "symbol": "IDCC", "reportedCurrency": "USD", "cik": "0001405495", "fillingDate": "2025-02-06", "acceptedDate": "2025-02-06 08:34:12", "calendarYear": "2024", "period": "Q4", "revenue": 252802000, "costOfRevenue": 20027000, "grossProfit": 232775000, "grossProfitRatio": 0.9207798989, "researchAndDevelopmentExpenses": 49052000, "generalAndAdministrativeExpenses": 21197000, "sellingAndMarketingExpenses": 0, "sellingGeneralAndAdministrativeExpenses": 21197000, "otherExpenses": 0, "operatingExpenses": 70249000, "costAndExpenses": 90276000, "interestIncome": 9317000, "interestExpense": 11335000, "depreciationAndAmortization": 17748000, "ebitda": 182116000, "ebitdaratio": 0.7203898703, "operatingIncome": 162526000, "operatingIncomeRatio": 0.6428983948, "totalOtherIncomeExpensesNet": -9493000, "incomeBeforeTax": 153033000, "incomeBeforeTaxRatio": 0.6053472678, "incomeTaxExpense": 19925000, "netIncome": 133108000, "netIncomeRatio": 0.5265306445, "eps": 5.23, "epsdiluted": 4.09, "weightedAverageShsOut": 25438000, "weightedAverageShsOutDil": 32561000, "link": "https://www.sec.gov/Archives/edgar/data/1405495/000140549525000011/0001405495-25-000011-index.htm", "finalLink": "https://www.sec.gov/Archives/edgar/data/1405495/000140549525000011/idcc-20241231.htm"}, {"date": "2024-09-30", "symbol": "IDCC", "reportedCurrency": "USD", "cik": "0001405495", "fillingDate": "2024-10-31", "acceptedDate": "2024-10-31 08:36:32", "calendarYear": "2024", "period": "Q3", "revenue": 128679000, "costOfRevenue": 27467000, "grossProfit": 101212000, "grossProfitRatio": 0.7865463673, "researchAndDevelopmentExpenses": 48331000, "generalAndAdministrativeExpenses": 13539000, "sellingAndMarketingExpenses": 0, "sellingGeneralAndAdministrativeExpenses": 13539000, "otherExpenses": 0, "operatingExpenses": 61870000, "costAndExpenses": 89337000, "interestIncome": 9175000, "interestExpense": 10681000, "depreciationAndAmortization": 17549000, "ebitda": 69445000, "ebitdaratio": 0.5396762486, "operatingIncome": 39342000, "operatingIncomeRatio": 0.3057375329, "totalOtherIncomeExpensesNet": 1873000, "incomeBeforeTax": 41215000, "incomeBeforeTaxRatio": 0.3202931325, "incomeTaxExpense": 7025000, "netIncome": 34190000, "netIncomeRatio": 0.26569992, "eps": 1.36, "epsdiluted": 1.14, "weightedAverageShsOut": 25149000, "weightedAverageShsOutDil": 30034000, "link": "https://www.sec.gov/Archives/edgar/data/1405495/000140549524000117/0001405495-24-000117-index.htm", "finalLink": "https://www.sec.gov/Archives/edgar/data/1405495/000140549524000117/idcc-20240930.htm"}, {"date": "2024-06-30", "symbol": "IDCC", "reportedCurrency": "USD", "cik": "0001405495", "fillingDate": "2024-08-01", "acceptedDate": "2024-08-01 08:35:02", "calendarYear": "2024", "period": "Q2", "revenue": 223493000, "costOfRevenue": 25156000, "grossProfit": 198337000, "grossProfitRatio": 0.8874416648, "researchAndDevelopmentExpenses": 50145000, "generalAndAdministrativeExpenses": 14286000, "sellingAndMarketingExpenses": 0, "sellingGeneralAndAdministrativeExpenses": 14286000, "otherExpenses": 0, "operatingExpenses": 64431000, "costAndExpenses": 89587000, "interestIncome": 10125000, "interestExpense": 11483000, "depreciationAndAmortization": 17376000, "ebitda": 162964000, "ebitdaratio": 0.7291682514, "operatingIncome": 133906000, "operatingIncomeRatio": 0.5991507564, "totalOtherIncomeExpensesNet": 199000, "incomeBeforeTax": 134105000, "incomeBeforeTaxRatio": 0.6000411646, "incomeTaxExpense": 24441000, "netIncome": 109664000, "netIncomeRatio": 0.4906820348, "eps": 4.35, "epsdiluted": 3.93, "weightedAverageShsOut": 25207000, "weightedAverageShsOutDil": 27910000, "link": "https://www.sec.gov/Archives/edgar/data/1405495/000140549524000103/0001405495-24-000103-index.htm", "finalLink": "https://www.sec.gov/Archives/edgar/data/1405495/000140549524000103/idcc-20240630.htm"}, {"date": "2024-03-31", "symbol": "IDCC", "reportedCurrency": "USD", "cik": "0001405495", "fillingDate": "2024-05-02", "acceptedDate": "2024-05-02 08:34:39", "calendarYear": "2024", "period": "Q1", "revenue": 263542000, "costOfRevenue": 96589000, "grossProfit": 166953000, "grossProfitRatio": 0.6334967481, "researchAndDevelopmentExpenses": 49375000, "generalAndAdministrativeExpenses": 13840000, "sellingAndMarketingExpenses": 0, "sellingGeneralAndAdministrativeExpenses": 13840000, "otherExpenses": 0, "operatingExpenses": 63215000, "costAndExpenses": 159804000, "interestIncome": 11778000, "interestExpense": 11922000, "depreciationAndAmortization": 17240000, "ebitda": 130225000, "ebitdaratio": 0.4941337624, "operatingIncome": 103738000, "operatingIncomeRatio": 0.3936298579, "totalOtherIncomeExpensesNet": -2675000, "incomeBeforeTax": 101063000, "incomeBeforeTaxRatio": 0.3834796731, "incomeTaxExpense": 19411000, "netIncome": 81652000, "netIncomeRatio": 0.3098253789, "eps": 3.2, "epsdiluted": 2.88, "weightedAverageShsOut": 25510000, "weightedAverageShsOutDil": 28341000, "link": "https://www.sec.gov/Archives/edgar/data/1405495/000140549524000072/0001405495-24-000072-index.htm", "finalLink": "https://www.sec.gov/Archives/edgar/data/1405495/000140549524000072/idcc-20240331.htm"}, {"date": "2023-12-31", "symbol": "IDCC", "reportedCurrency": "USD", "cik": "0001405495", "fillingDate": "2024-02-15", "acceptedDate": "2024-02-15 08:37:02", "calendarYear": "2023", "period": "Q4", "revenue": 105518000, "costOfRevenue": 19863000, "grossProfit": 85655000, "grossProfitRatio": 0.8117572357, "researchAndDevelopmentExpenses": 45725000, "generalAndAdministrativeExpenses": 14605000, "sellingAndMarketingExpenses": 0, "sellingGeneralAndAdministrativeExpenses": 14605000, "otherExpenses": 0, "operatingExpenses": 60330000, "costAndExpenses": 80193000, "interestIncome": 12931000, "interestExpense": 7906000, "depreciationAndAmortization": 19094000, "ebitda": 59928000, "ebitdaratio": 0.5679410148, "operatingIncome": 25325000, "operatingIncomeRatio": 0.2400064444, "totalOtherIncomeExpensesNet": 7603000, "incomeBeforeTax": 32928000, "incomeBeforeTaxRatio": 0.3120605015, "incomeTaxExpense": -6158000, "netIncome": 39086000, "netIncomeRatio": 0.3704202127, "eps": 1.52, "epsdiluted": 1.41, "weightedAverageShsOut": 25676000, "weightedAverageShsOutDil": 27640000, "link": "https://www.sec.gov/Archives/edgar/data/1405495/000140549524000052/0001405495-24-000052-index.htm", "finalLink": "https://www.sec.gov/Archives/edgar/data/1405495/000140549524000052/idcc-20231231.htm"}, {"date": "2023-09-30", "symbol": "IDCC", "reportedCurrency": "USD", "cik": "0001405495", "fillingDate": "2023-11-02", "acceptedDate": "2023-11-02 08:36:18", "calendarYear": "2023", "period": "Q3", "revenue": 140106000, "costOfRevenue": 21522000, "grossProfit": 118584000, "grossProfitRatio": 0.846387735, "researchAndDevelopmentExpenses": 50253000, "generalAndAdministrativeExpenses": 14678000, "sellingAndMarketingExpenses": 0, "sellingGeneralAndAdministrativeExpenses": 14678000, "otherExpenses": 0, "operatingExpenses": 64931000, "costAndExpenses": 86453000, "interestIncome": 11763000, "interestExpense": 12683000, "depreciationAndAmortization": 19527000, "ebitda": 87905000, "ebitdaratio": 0.6274178122, "operatingIncome": 53653000, "operatingIncomeRatio": 0.3829457696, "totalOtherIncomeExpensesNet": 2042000, "incomeBeforeTax": 55695000, "incomeBeforeTaxRatio": 0.3975204488, "incomeTaxExpense": 8541000, "netIncome": 47941000, "netIncomeRatio": 0.3421766377, "eps": 1.82, "epsdiluted": 1.72, "weightedAverageShsOut": 26285000, "weightedAverageShsOutDil": 27812000, "link": "https://www.sec.gov/Archives/edgar/data/1405495/000140549523000044/0001405495-23-000044-index.htm", "finalLink": "https://www.sec.gov/Archives/edgar/data/1405495/000140549523000044/idcc-20230930.htm"}, {"date": "2023-06-30", "symbol": "IDCC", "reportedCurrency": "USD", "cik": "0001405495", "fillingDate": "2023-08-03", "acceptedDate": "2023-08-03 08:34:21", "calendarYear": "2023", "period": "Q2", "revenue": 101591000, "costOfRevenue": 16644000, "grossProfit": 84947000, "grossProfitRatio": 0.8361665896, "researchAndDevelopmentExpenses": 49878000, "generalAndAdministrativeExpenses": 11693000, "sellingAndMarketingExpenses": 0, "sellingGeneralAndAdministrativeExpenses": 11693000, "otherExpenses": 0, "operatingExpenses": 61571000, "costAndExpenses": 78215000, "interestIncome": 10254000, "interestExpense": 12141000, "depreciationAndAmortization": 19645000, "ebitda": 57408000, "ebitdaratio": 0.5650894272, "operatingIncome": 23376000, "operatingIncomeRatio": 0.230099123, "totalOtherIncomeExpensesNet": 2246000, "incomeBeforeTax": 25622000, "incomeBeforeTaxRatio": 0.2522073806, "incomeTaxExpense": 4329000, "netIncome": 21783000, "netIncomeRatio": 0.2144186001, "eps": 0.81, "epsdiluted": 0.79, "weightedAverageShsOut": 26768000, "weightedAverageShsOutDil": 27655000, "link": "https://www.sec.gov/Archives/edgar/data/1405495/000140549523000035/0001405495-23-000035-index.htm", "finalLink": "https://www.sec.gov/Archives/edgar/data/1405495/000140549523000035/idcc-20230630.htm"}, {"date": "2023-03-31", "symbol": "IDCC", "reportedCurrency": "USD", "cik": "0001405495", "fillingDate": "2023-05-04", "acceptedDate": "2023-05-04 08:36:22", "calendarYear": "2023", "period": "Q1", "revenue": 202373000, "costOfRevenue": 21368000, "grossProfit": 181005000, "grossProfitRatio": 0.8944127922, "researchAndDevelopmentExpenses": 49429000, "generalAndAdministrativeExpenses": 12315000, "sellingAndMarketingExpenses": 0, "sellingGeneralAndAdministrativeExpenses": 12315000, "otherExpenses": 0, "operatingExpenses": 61744000, "costAndExpenses": 83112000, "interestIncome": 11680000, "interestExpense": 12087000, "depreciationAndAmortization": 19526000, "ebitda": 151978000, "ebitdaratio": 0.7509796267, "operatingIncome": 119261000, "operatingIncomeRatio": 0.5893128036, "totalOtherIncomeExpensesNet": 1104000, "incomeBeforeTax": 120365000, "incomeBeforeTaxRatio": 0.5947680768, "incomeTaxExpense": 16845000, "netIncome": 105259000, "netIncomeRatio": 0.5201237319, "eps": 3.66, "epsdiluted": 3.58, "weightedAverageShsOut": 28780000, "weightedAverageShsOutDil": 29372000, "link": "https://www.sec.gov/Archives/edgar/data/1405495/000140549523000020/0001405495-23-000020-index.htm", "finalLink": "https://www.sec.gov/Archives/edgar/data/1405495/000140549523000020/idcc-20230331.htm"}, {"date": "2022-12-31", "symbol": "IDCC", "reportedCurrency": "USD", "cik": "0001405495", "fillingDate": "2023-02-15", "acceptedDate": "2023-02-15 08:37:03", "calendarYear": "2022", "period": "Q4", "revenue": 117055000, "costOfRevenue": -62813000, "grossProfit": 179868000, "grossProfitRatio": 1.5366109948, "researchAndDevelopmentExpenses": 128715000, "generalAndAdministrativeExpenses": 0, "sellingAndMarketingExpenses": 0, "sellingGeneralAndAdministrativeExpenses": 12559000, "otherExpenses": 0, "operatingExpenses": 141274000, "costAndExpenses": 78461000, "interestIncome": 9525000, "interestExpense": 10050000, "depreciationAndAmortization": 19422000, "ebitda": 69668000, "ebitdaratio": 0.5951732092, "operatingIncome": 38594000, "operatingIncomeRatio": 0.3297082568, "totalOtherIncomeExpensesNet": 1602000, "incomeBeforeTax": 40196000, "incomeBeforeTaxRatio": 0.343394131, "incomeTaxExpense": 8190000, "netIncome": 32408000, "netIncomeRatio": 0.2768613045, "eps": 1.09, "epsdiluted": 1.08, "weightedAverageShsOut": 29664000, "weightedAverageShsOutDil": 30031000, "link": "https://www.sec.gov/Archives/edgar/data/1405495/000140549523000011/0001405495-23-000011-index.htm", "finalLink": "https://www.sec.gov/Archives/edgar/data/1405495/000140549523000011/idcc-20221231.htm"}, {"date": "2022-09-30", "symbol": "IDCC", "reportedCurrency": "USD", "cik": "0001405495", "fillingDate": "2022-11-03", "acceptedDate": "2022-11-03 08:36:38", "calendarYear": "2022", "period": "Q3", "revenue": 114764000, "costOfRevenue": 18393000, "grossProfit": 96371000, "grossProfitRatio": 0.8397319717, "researchAndDevelopmentExpenses": 50116000, "generalAndAdministrativeExpenses": 14418000, "sellingAndMarketingExpenses": 0, "sellingGeneralAndAdministrativeExpenses": 14418000, "otherExpenses": 0, "operatingExpenses": 64534000, "costAndExpenses": 82927000, "interestIncome": 4421000, "interestExpense": 7659000, "depreciationAndAmortization": 18713000, "ebitda": 51462000, "ebitdaratio": 0.4484158795, "operatingIncome": 31837000, "operatingIncomeRatio": 0.2774127775, "totalOtherIncomeExpensesNet": -6747000, "incomeBeforeTax": 25090000, "incomeBeforeTaxRatio": 0.2186225646, "incomeTaxExpense": 3323000, "netIncome": 22222000, "netIncomeRatio": 0.1936321495, "eps": 0.75, "epsdiluted": 0.74, "weightedAverageShsOut": 29659000, "weightedAverageShsOutDil": 29940000, "link": "https://www.sec.gov/Archives/edgar/data/1405495/000140549522000046/0001405495-22-000046-index.htm", "finalLink": "https://www.sec.gov/Archives/edgar/data/1405495/000140549522000046/idcc-20220930.htm"}, {"date": "2022-06-30", "symbol": "IDCC", "reportedCurrency": "USD", "cik": "0001405495", "fillingDate": "2022-08-04", "acceptedDate": "2022-08-04 08:34:32", "calendarYear": "2022", "period": "Q2", "revenue": 124657000, "costOfRevenue": 17326000, "grossProfit": 107331000, "grossProfitRatio": 0.8610106131, "researchAndDevelopmentExpenses": 45177000, "generalAndAdministrativeExpenses": 9516000, "sellingAndMarketingExpenses": 0, "sellingGeneralAndAdministrativeExpenses": 9516000, "otherExpenses": 2738000, "operatingExpenses": 57431000, "costAndExpenses": 74757000, "interestIncome": 297000, "interestExpense": 6272000, "depreciationAndAmortization": 21154000, "ebitda": 56038000, "ebitdaratio": 0.449537531, "operatingIncome": 49900000, "operatingIncomeRatio": 0.4002984189, "totalOtherIncomeExpensesNet": -21288000, "incomeBeforeTax": 28612000, "incomeBeforeTaxRatio": 0.2295258188, "incomeTaxExpense": 8028000, "netIncome": 21069000, "netIncomeRatio": 0.1690157793, "eps": 0.69, "epsdiluted": 0.69, "weightedAverageShsOut": 30413000, "weightedAverageShsOutDil": 30710000, "link": "https://www.sec.gov/Archives/edgar/data/1405495/000140549522000034/0001405495-22-000034-index.htm", "finalLink": "https://www.sec.gov/Archives/edgar/data/1405495/000140549522000034/idcc-20220630.htm"}, {"date": "2022-03-31", "symbol": "IDCC", "reportedCurrency": "USD", "cik": "0001405495", "fillingDate": "2022-05-05", "acceptedDate": "2022-05-05 08:36:16", "calendarYear": "2022", "period": "Q1", "revenue": 101318000, "costOfRevenue": 15530000, "grossProfit": 85788000, "grossProfitRatio": 0.8467202274, "researchAndDevelopmentExpenses": 44177000, "generalAndAdministrativeExpenses": 10884000, "sellingAndMarketingExpenses": 0, "sellingGeneralAndAdministrativeExpenses": 10884000, "otherExpenses": 542000, "operatingExpenses": 55603000, "costAndExpenses": 71133000, "interestIncome": 209000, "interestExpense": 5515000, "depreciationAndAmortization": 19282000, "ebitda": 48462000, "ebitdaratio": 0.4783157978, "operatingIncome": 30185000, "operatingIncomeRatio": 0.29792337, "totalOtherIncomeExpensesNet": -6520000, "incomeBeforeTax": 23665000, "incomeBeforeTaxRatio": 0.2335715273, "incomeTaxExpense": 5961000, "netIncome": 17994000, "netIncomeRatio": 0.177599242, "eps": 0.59, "epsdiluted": 0.58, "weightedAverageShsOut": 30703000, "weightedAverageShsOutDil": 31275000, "link": "https://www.sec.gov/Archives/edgar/data/1405495/000140549522000020/0001405495-22-000020-index.htm", "finalLink": "https://www.sec.gov/Archives/edgar/data/1405495/000140549522000020/idcc-20220331.htm"}, {"date": "2021-12-31", "symbol": "IDCC", "reportedCurrency": "USD", "cik": "0001405495", "fillingDate": "2022-02-17", "acceptedDate": "2022-02-17 08:38:58", "calendarYear": "2021", "period": "Q4", "revenue": 111815000, "costOfRevenue": 42047000, "grossProfit": 69768000, "grossProfitRatio": 0.6239592184, "researchAndDevelopmentExpenses": 22369000, "generalAndAdministrativeExpenses": 0, "sellingAndMarketingExpenses": 0, "sellingGeneralAndAdministrativeExpenses": 14223000, "otherExpenses": 7587000, "operatingExpenses": 44179000, "costAndExpenses": 86226000, "interestIncome": 306000, "interestExpense": 5796000, "depreciationAndAmortization": 19222000, "ebitda": 54160000, "ebitdaratio": 0.4843715065, "operatingIncome": 25589000, "operatingIncomeRatio": 0.2288512275, "totalOtherIncomeExpensesNet": 3553000, "incomeBeforeTax": 29142000, "incomeBeforeTaxRatio": 0.2606269284, "incomeTaxExpense": 9329000, "netIncome": 21878000, "netIncomeRatio": 0.1956624782, "eps": 0.71, "epsdiluted": 0.7, "weightedAverageShsOut": 30682000, "weightedAverageShsOutDil": 31196000, "link": "https://www.sec.gov/Archives/edgar/data/1405495/000140549522000010/0001405495-22-000010-index.htm", "finalLink": "https://www.sec.gov/Archives/edgar/data/1405495/000140549522000010/idcc-20211231.htm"}, {"date": "2021-09-30", "symbol": "IDCC", "reportedCurrency": "USD", "cik": "0001405495", "fillingDate": "2021-11-04", "acceptedDate": "2021-11-04 08:35:42", "calendarYear": "2021", "period": "Q3", "revenue": 143496000, "costOfRevenue": 56150000, "grossProfit": 87346000, "grossProfitRatio": 0.6086998941, "researchAndDevelopmentExpenses": 22546000, "generalAndAdministrativeExpenses": 0, "sellingAndMarketingExpenses": 0, "sellingGeneralAndAdministrativeExpenses": 20978000, "otherExpenses": 7045000, "operatingExpenses": 50569000, "costAndExpenses": 106719000, "interestIncome": 385000, "interestExpense": 5773000, "depreciationAndAmortization": 19421000, "ebitda": 54661000, "ebitdaratio": 0.3809235101, "operatingIncome": 36777000, "operatingIncomeRatio": 0.2562928583, "totalOtherIncomeExpensesNet": -7310000, "incomeBeforeTax": 29467000, "incomeBeforeTaxRatio": 0.2053506718, "incomeTaxExpense": 4253000, "netIncome": 26228000, "netIncomeRatio": 0.182778614, "eps": 0.85, "epsdiluted": 0.83, "weightedAverageShsOut": 30737000, "weightedAverageShsOutDil": 31431000, "link": "https://www.sec.gov/Archives/edgar/data/1405495/000140549521000047/0001405495-21-000047-index.htm", "finalLink": "https://www.sec.gov/Archives/edgar/data/1405495/000140549521000047/idcc-20210930.htm"}, {"date": "2021-06-30", "symbol": "IDCC", "reportedCurrency": "USD", "cik": "0001405495", "fillingDate": "2021-08-05", "acceptedDate": "2021-08-05 08:34:07", "calendarYear": "2021", "period": "Q2", "revenue": 87735000, "costOfRevenue": 40970000, "grossProfit": 46765000, "grossProfitRatio": 0.5330255884, "researchAndDevelopmentExpenses": 21870000, "generalAndAdministrativeExpenses": 0, "sellingAndMarketingExpenses": 0, "sellingGeneralAndAdministrativeExpenses": 14799000, "otherExpenses": 13245000, "operatingExpenses": 49914000, "costAndExpenses": 90884000, "interestIncome": 446000, "interestExpense": 6666000, "depreciationAndAmortization": 19689000, "ebitda": 19579000, "ebitdaratio": 0.2231606542, "operatingIncome": -3149000, "operatingIncomeRatio": -0.0358921753, "totalOtherIncomeExpensesNet": -3627000, "incomeBeforeTax": -6776000, "incomeBeforeTaxRatio": -0.0772325754, "incomeTaxExpense": 21000, "netIncome": 1618000, "netIncomeRatio": 0.0184418989, "eps": 0.0525, "epsdiluted": 0.0519, "weightedAverageShsOut": 30804000, "weightedAverageShsOutDil": 31189000, "link": "https://www.sec.gov/Archives/edgar/data/1405495/000140549521000036/0001405495-21-000036-index.htm", "finalLink": "https://www.sec.gov/Archives/edgar/data/1405495/000140549521000036/idcc-20210630.htm"}, {"date": "2021-03-31", "symbol": "IDCC", "reportedCurrency": "USD", "cik": "0001405495", "fillingDate": "2021-05-06", "acceptedDate": "2021-05-06 08:34:58", "calendarYear": "2021", "period": "Q1", "revenue": 82363000, "costOfRevenue": 36574000, "grossProfit": 45789000, "grossProfitRatio": 0.5559413814, "researchAndDevelopmentExpenses": 22583000, "generalAndAdministrativeExpenses": 0, "sellingAndMarketingExpenses": 0, "sellingGeneralAndAdministrativeExpenses": 11217000, "otherExpenses": 0, "operatingExpenses": 33800000, "costAndExpenses": 70374000, "interestIncome": 553000, "interestExpense": 6990000, "depreciationAndAmortization": 19861000, "ebitda": 32574000, "ebitdaratio": 0.3954931219, "operatingIncome": 11989000, "operatingIncomeRatio": 0.1455629348, "totalOtherIncomeExpensesNet": -6266000, "incomeBeforeTax": 5723000, "incomeBeforeTaxRatio": 0.0694850843, "incomeTaxExpense": 1765000, "netIncome": 5571000, "netIncomeRatio": 0.0676395954, "eps": 0.18, "epsdiluted": 0.18, "weightedAverageShsOut": 30836000, "weightedAverageShsOutDil": 31195000, "link": "https://www.sec.gov/Archives/edgar/data/1405495/000140549521000022/0001405495-21-000022-index.htm", "finalLink": "https://www.sec.gov/Archives/edgar/data/1405495/000140549521000022/idcc-20210331.htm"}, {"date": "2020-12-31", "symbol": "IDCC", "reportedCurrency": "USD", "cik": "0001405495", "fillingDate": "2021-02-18", "acceptedDate": "2021-02-18 08:36:23", "calendarYear": "2020", "period": "Q4", "revenue": 90790000, "costOfRevenue": 51011000, "grossProfit": 39779000, "grossProfitRatio": 0.4381429673, "researchAndDevelopmentExpenses": 22891000, "generalAndAdministrativeExpenses": 0, "sellingAndMarketingExpenses": 0, "sellingGeneralAndAdministrativeExpenses": 13748000, "otherExpenses": 0, "operatingExpenses": 36639000, "costAndExpenses": 87650000, "interestIncome": 617000, "interestExpense": 9918000, "depreciationAndAmortization": 20014000, "ebitda": 26272000, "ebitdaratio": 0.2893710761, "operatingIncome": 3140000, "operatingIncomeRatio": 0.0345853068, "totalOtherIncomeExpensesNet": -6800000, "incomeBeforeTax": -3660000, "incomeBeforeTaxRatio": -0.0403128098, "incomeTaxExpense": -769000, "netIncome": -1350000, "netIncomeRatio": -0.014869479, "eps": -0.0438, "epsdiluted": -0.0438, "weightedAverageShsOut": 30808000, "weightedAverageShsOutDil": 30808000, "link": "https://www.sec.gov/Archives/edgar/data/1405495/000140549521000013/0001405495-21-000013-index.htm", "finalLink": "https://www.sec.gov/Archives/edgar/data/1405495/000140549521000013/idcc-20201231.htm"}, {"date": "2020-09-30", "symbol": "IDCC", "reportedCurrency": "USD", "cik": "0001405495", "fillingDate": "2020-11-05", "acceptedDate": "2020-11-05 08:34:54", "calendarYear": "2020", "period": "Q3", "revenue": 87493000, "costOfRevenue": 40364000, "grossProfit": 47129000, "grossProfitRatio": 0.5386602357, "researchAndDevelopmentExpenses": 20845000, "generalAndAdministrativeExpenses": 0, "sellingAndMarketingExpenses": 0, "sellingGeneralAndAdministrativeExpenses": 10854000, "otherExpenses": 0, "operatingExpenses": 31699000, "costAndExpenses": 72063000, "interestIncome": 825000, "interestExpense": 10365000, "depreciationAndAmortization": 20660000, "ebitda": 40084000, "ebitdaratio": 0.4581395083, "operatingIncome": 15430000, "operatingIncomeRatio": 0.1763569657, "totalOtherIncomeExpensesNet": -6371000, "incomeBeforeTax": 9059000, "incomeBeforeTaxRatio": 0.1035397117, "incomeTaxExpense": -12843000, "netIncome": 23784000, "netIncomeRatio": 0.27183889, "eps": 0.77, "epsdiluted": 0.76, "weightedAverageShsOut": 30804000, "weightedAverageShsOutDil": 31119000, "link": "https://www.sec.gov/Archives/edgar/data/1405495/000140549520000054/0001405495-20-000054-index.htm", "finalLink": "https://www.sec.gov/Archives/edgar/data/1405495/000140549520000054/idcc-20200930.htm"}, {"date": "2020-06-30", "symbol": "IDCC", "reportedCurrency": "USD", "cik": "0001405495", "fillingDate": "2020-08-06", "acceptedDate": "2020-08-06 08:37:17", "calendarYear": "2020", "period": "Q2", "revenue": 104498000, "costOfRevenue": 38695000, "grossProfit": 65803000, "grossProfitRatio": 0.6297058317, "researchAndDevelopmentExpenses": 22092000, "generalAndAdministrativeExpenses": 0, "sellingAndMarketingExpenses": 0, "sellingGeneralAndAdministrativeExpenses": 11794000, "otherExpenses": 0, "operatingExpenses": 33886000, "costAndExpenses": 72581000, "interestIncome": 1342000, "interestExpense": 9971000, "depreciationAndAmortization": 21207000, "ebitda": 56913000, "ebitdaratio": 0.5446324332, "operatingIncome": 31917000, "operatingIncomeRatio": 0.3054316829, "totalOtherIncomeExpensesNet": -6182000, "incomeBeforeTax": 25735000, "incomeBeforeTaxRatio": 0.2462726559, "incomeTaxExpense": 5144000, "netIncome": 22251000, "netIncomeRatio": 0.2129323049, "eps": 0.72, "epsdiluted": 0.72, "weightedAverageShsOut": 30757000, "weightedAverageShsOutDil": 31045000, "link": "https://www.sec.gov/Archives/edgar/data/1405495/000140549520000046/0001405495-20-000046-index.htm", "finalLink": "https://www.sec.gov/Archives/edgar/data/1405495/000140549520000046/idcc-q263020.htm"}, {"date": "2020-03-31", "symbol": "IDCC", "reportedCurrency": "USD", "cik": "0001405495", "fillingDate": "2020-05-07", "acceptedDate": "2020-05-07 08:42:37", "calendarYear": "2020", "period": "Q1", "revenue": 76210000, "costOfRevenue": 40108000, "grossProfit": 36102000, "grossProfitRatio": 0.4737173599, "researchAndDevelopmentExpenses": 18818000, "generalAndAdministrativeExpenses": 0, "sellingAndMarketingExpenses": 0, "sellingGeneralAndAdministrativeExpenses": 12603000, "otherExpenses": 0, "operatingExpenses": 31421000, "costAndExpenses": 71529000, "interestIncome": 2877000, "interestExpense": 10545000, "depreciationAndAmortization": 19160000, "ebitda": 29864000, "ebitdaratio": 0.3918645847, "operatingIncome": 4681000, "operatingIncomeRatio": 0.0614223855, "totalOtherIncomeExpensesNet": -4522000, "incomeBeforeTax": 159000, "incomeBeforeTaxRatio": 0.0020863404, "incomeTaxExpense": 1820000, "netIncome": 116000, "netIncomeRatio": 0.00152211, "eps": 0.0038, "epsdiluted": 0.0038, "weightedAverageShsOut": 30722000, "weightedAverageShsOutDil": 30920000, "link": "https://www.sec.gov/Archives/edgar/data/1405495/000140549520000022/0001405495-20-000022-index.htm", "finalLink": "https://www.sec.gov/Archives/edgar/data/1405495/000140549520000022/idcc-q133120.htm"}, {"date": "2019-12-31", "symbol": "IDCC", "reportedCurrency": "USD", "cik": "0001405495", "fillingDate": "2020-02-20", "acceptedDate": "2020-02-20 08:44:11", "calendarYear": "2019", "period": "Q4", "revenue": 102161000, "costOfRevenue": 46744000, "grossProfit": 55417000, "grossProfitRatio": 0.5424477051, "researchAndDevelopmentExpenses": 18832000, "generalAndAdministrativeExpenses": 0, "sellingAndMarketingExpenses": 0, "sellingGeneralAndAdministrativeExpenses": 11289000, "otherExpenses": 0, "operatingExpenses": 30121000, "costAndExpenses": 76865000, "interestIncome": 3818000, "interestExpense": 10650000, "depreciationAndAmortization": 20187000, "ebitda": 50773000, "ebitdaratio": 0.4969900451, "operatingIncome": 25296000, "operatingIncomeRatio": 0.2476091659, "totalOtherIncomeExpensesNet": -5360000, "incomeBeforeTax": 19936000, "incomeBeforeTaxRatio": 0.1951429606, "incomeTaxExpense": 7984000, "netIncome": 13754000, "netIncomeRatio": 0.134630632, "eps": 0.44, "epsdiluted": 0.44, "weightedAverageShsOut": 30919000, "weightedAverageShsOutDil": 31118000, "link": "https://www.sec.gov/Archives/edgar/data/1405495/000140549520000007/0001405495-20-000007-index.htm", "finalLink": "https://www.sec.gov/Archives/edgar/data/1405495/000140549520000007/idcc-2019x10k.htm"}, {"date": "2019-09-30", "symbol": "IDCC", "reportedCurrency": "USD", "cik": "0001405495", "fillingDate": "2019-10-31", "acceptedDate": "2019-10-31 08:41:57", "calendarYear": "2019", "period": "Q3", "revenue": 72523000, "costOfRevenue": 34772000, "grossProfit": 37751000, "grossProfitRatio": 0.520538312, "researchAndDevelopmentExpenses": 20506000, "generalAndAdministrativeExpenses": 0, "sellingAndMarketingExpenses": 0, "sellingGeneralAndAdministrativeExpenses": 13471000, "otherExpenses": 0, "operatingExpenses": 33977000, "costAndExpenses": 68749000, "interestIncome": 3687000, "interestExpense": 10920000, "depreciationAndAmortization": 19265000, "ebitda": 30842000, "ebitdaratio": 0.4252719827, "operatingIncome": 3774000, "operatingIncomeRatio": 0.0520386636, "totalOtherIncomeExpensesNet": -3117000, "incomeBeforeTax": 657000, "incomeBeforeTaxRatio": 0.009059195, "incomeTaxExpense": -178000, "netIncome": 2234000, "netIncomeRatio": 0.0308040208, "eps": 0.07, "epsdiluted": 0.07, "weightedAverageShsOut": 31130000, "weightedAverageShsOutDil": 31308000, "link": "https://www.sec.gov/Archives/edgar/data/1405495/000140549519000049/0001405495-19-000049-index.htm", "finalLink": "https://www.sec.gov/Archives/edgar/data/1405495/000140549519000049/idcc-q393019.htm"}, {"date": "2019-06-30", "symbol": "IDCC", "reportedCurrency": "USD", "cik": "0001405495", "fillingDate": "2019-08-01", "acceptedDate": "2019-08-01 08:37:44", "calendarYear": "2019", "period": "Q2", "revenue": 75609000, "costOfRevenue": 37353000, "grossProfit": 38256000, "grossProfitRatio": 0.5059715113, "researchAndDevelopmentExpenses": 17027000, "generalAndAdministrativeExpenses": 0, "sellingAndMarketingExpenses": 0, "sellingGeneralAndAdministrativeExpenses": 12314000, "otherExpenses": 0, "operatingExpenses": 29341000, "costAndExpenses": 66694000, "interestIncome": 2590000, "interestExpense": 9907000, "depreciationAndAmortization": 19128000, "ebitda": 40397000, "ebitdaratio": 0.5342882461, "operatingIncome": 8915000, "operatingIncomeRatio": 0.1179092436, "totalOtherIncomeExpensesNet": 2447000, "incomeBeforeTax": 11362000, "incomeBeforeTaxRatio": 0.1502731156, "incomeTaxExpense": 4984000, "netIncome": 7743000, "netIncomeRatio": 0.1024084434, "eps": 0.25, "epsdiluted": 0.24, "weightedAverageShsOut": 31547000, "weightedAverageShsOutDil": 31776000, "link": "https://www.sec.gov/Archives/edgar/data/1405495/000140549519000031/0001405495-19-000031-index.htm", "finalLink": "https://www.sec.gov/Archives/edgar/data/1405495/000140549519000031/idcc-q263019.htm"}, {"date": "2019-03-31", "symbol": "IDCC", "reportedCurrency": "USD", "cik": "0001405495", "fillingDate": "2019-05-02", "acceptedDate": "2019-05-02 08:52:22", "calendarYear": "2019", "period": "Q1", "revenue": 68631000, "costOfRevenue": 36071000, "grossProfit": 32560000, "grossProfitRatio": 0.4744211799, "researchAndDevelopmentExpenses": 18495000, "generalAndAdministrativeExpenses": 0, "sellingAndMarketingExpenses": 0, "sellingGeneralAndAdministrativeExpenses": 14215000, "otherExpenses": 0, "operatingExpenses": 32710000, "costAndExpenses": 68781000, "interestIncome": 3152000, "interestExpense": 9478000, "depreciationAndAmortization": 18514000, "ebitda": 21979000, "ebitdaratio": 0.3202488671, "operatingIncome": -150000, "operatingIncomeRatio": -0.0021856013, "totalOtherIncomeExpensesNet": -5863000, "incomeBeforeTax": -6013000, "incomeBeforeTaxRatio": -0.0876134691, "incomeTaxExpense": -1799000, "netIncome": -2803000, "netIncomeRatio": -0.0408416022, "eps": -0.09, "epsdiluted": -0.086, "weightedAverageShsOut": 31144444, "weightedAverageShsOutDil": 32611000, "link": "https://www.sec.gov/Archives/edgar/data/1405495/000140549519000020/0001405495-19-000020-index.htm", "finalLink": "https://www.sec.gov/Archives/edgar/data/1405495/000140549519000020/idcc-q133119.htm"}, {"date": "2018-12-31", "symbol": "IDCC", "reportedCurrency": "USD", "cik": "0001405495", "fillingDate": "2019-02-21", "acceptedDate": "2019-02-21 08:38:48", "calendarYear": "2018", "period": "Q4", "revenue": 75326000, "costOfRevenue": 38601000, "grossProfit": 36725000, "grossProfitRatio": 0.4875474604, "researchAndDevelopmentExpenses": 20419000, "generalAndAdministrativeExpenses": 0, "sellingAndMarketingExpenses": 0, "sellingGeneralAndAdministrativeExpenses": 12461000, "otherExpenses": 0, "operatingExpenses": 32880000, "costAndExpenses": 71481000, "interestIncome": 3577000, "interestExpense": 8714000, "depreciationAndAmortization": 19084000, "ebitda": 26242000, "ebitdaratio": 0.3483790457, "operatingIncome": 3845000, "operatingIncomeRatio": 0.051044792, "totalOtherIncomeExpensesNet": -5401000, "incomeBeforeTax": -1556000, "incomeBeforeTaxRatio": -0.0206568781, "incomeTaxExpense": -2416000, "netIncome": 1830000, "netIncomeRatio": 0.0242944003, "eps": 0.05, "epsdiluted": 0.05, "weightedAverageShsOut": 33909000, "weightedAverageShsOutDil": 34390000, "link": "https://www.sec.gov/Archives/edgar/data/1405495/000140549519000008/0001405495-19-000008-index.htm", "finalLink": "https://www.sec.gov/Archives/edgar/data/1405495/000140549519000008/idcc-2018x10k.htm"}, {"date": "2018-09-30", "symbol": "IDCC", "reportedCurrency": "USD", "cik": "0001405495", "fillingDate": "2018-11-01", "acceptedDate": "2018-11-01 08:47:15", "calendarYear": "2018", "period": "Q3", "revenue": 75079000, "costOfRevenue": 32077000, "grossProfit": 43002000, "grossProfitRatio": 0.5727566963, "researchAndDevelopmentExpenses": 17276000, "generalAndAdministrativeExpenses": 0, "sellingAndMarketingExpenses": 0, "sellingGeneralAndAdministrativeExpenses": 12806000, "otherExpenses": 0, "operatingExpenses": 30082000, "costAndExpenses": 62159000, "interestIncome": 3740000, "interestExpense": 9039000, "depreciationAndAmortization": 17686000, "ebitda": 25692000, "ebitdaratio": 0.3421995498, "operatingIncome": 12920000, "operatingIncomeRatio": 0.1720854034, "totalOtherIncomeExpensesNet": -13953000, "incomeBeforeTax": -1033000, "incomeBeforeTaxRatio": -0.0137588407, "incomeTaxExpense": -21143000, "netIncome": 21752000, "netIncomeRatio": 0.2897214934, "eps": 0.63, "epsdiluted": 0.61, "weightedAverageShsOut": 34651000, "weightedAverageShsOutDil": 35607000, "link": "https://www.sec.gov/Archives/edgar/data/1405495/000140549518000042/0001405495-18-000042-index.htm", "finalLink": "https://www.sec.gov/Archives/edgar/data/1405495/000140549518000042/idcc-q393018.htm"}, {"date": "2018-06-30", "symbol": "IDCC", "reportedCurrency": "USD", "cik": "0001405495", "fillingDate": "2018-08-02", "acceptedDate": "2018-08-02 08:45:57", "calendarYear": "2018", "period": "Q2", "revenue": 69555000, "costOfRevenue": 26487000, "grossProfit": 43068000, "grossProfitRatio": 0.619193444, "researchAndDevelopmentExpenses": 15829000, "generalAndAdministrativeExpenses": 0, "sellingAndMarketingExpenses": 0, "sellingGeneralAndAdministrativeExpenses": 11559000, "otherExpenses": 0, "operatingExpenses": 27388000, "costAndExpenses": 53875000, "interestIncome": 4350000, "interestExpense": 8960000, "depreciationAndAmortization": 14639000, "ebitda": 34432000, "ebitdaratio": 0.4950327079, "operatingIncome": 15680000, "operatingIncomeRatio": 0.2254331105, "totalOtherIncomeExpensesNet": -4847000, "incomeBeforeTax": 10833000, "incomeBeforeTaxRatio": 0.1557472504, "incomeTaxExpense": 1057000, "netIncome": 10966000, "netIncomeRatio": 0.1576594062, "eps": 0.32, "epsdiluted": 0.31, "weightedAverageShsOut": 34769000, "weightedAverageShsOutDil": 35631000, "link": "https://www.sec.gov/Archives/edgar/data/1405495/000140549518000035/0001405495-18-000035-index.htm", "finalLink": "https://www.sec.gov/Archives/edgar/data/1405495/000140549518000035/idcc-q263018.htm"}, {"date": "2018-03-31", "symbol": "IDCC", "reportedCurrency": "USD", "cik": "0001405495", "fillingDate": "2018-04-26", "acceptedDate": "2018-04-26 08:57:00", "calendarYear": "2018", "period": "Q1", "revenue": 87444000, "costOfRevenue": 26916000, "grossProfit": 60528000, "grossProfitRatio": 0.692191574, "researchAndDevelopmentExpenses": 16174000, "generalAndAdministrativeExpenses": 0, "sellingAndMarketingExpenses": 0, "sellingGeneralAndAdministrativeExpenses": 14204000, "otherExpenses": 0, "operatingExpenses": 30378000, "costAndExpenses": 57294000, "interestIncome": 2923000, "interestExpense": 9243000, "depreciationAndAmortization": 14699000, "ebitda": 47756000, "ebitdaratio": 0.5461323819, "operatingIncome": 30150000, "operatingIncomeRatio": 0.3447920955, "totalOtherIncomeExpensesNet": -6336000, "incomeBeforeTax": 23814000, "incomeBeforeTaxRatio": 0.2723342939, "incomeTaxExpense": -4915000, "netIncome": 30230000, "netIncomeRatio": 0.3457069667, "eps": 1.33, "epsdiluted": 1.29, "weightedAverageShsOut": 34641000, "weightedAverageShsOutDil": 35606000, "link": "https://www.sec.gov/Archives/edgar/data/1405495/000140549518000023/0001405495-18-000023-index.htm", "finalLink": "https://www.sec.gov/Archives/edgar/data/1405495/000140549518000023/idcc-q133118.htm"}, {"date": "2017-12-31", "symbol": "IDCC", "reportedCurrency": "USD", "cik": "0001405495", "fillingDate": "2018-02-22", "acceptedDate": "2018-02-22 09:08:08", "calendarYear": "2017", "period": "Q4", "revenue": 205304000, "costOfRevenue": 27598000, "grossProfit": 177706000, "grossProfitRatio": 0.8655749523, "researchAndDevelopmentExpenses": 18480000, "generalAndAdministrativeExpenses": 0, "sellingAndMarketingExpenses": 0, "sellingGeneralAndAdministrativeExpenses": 13522000, "otherExpenses": 0, "operatingExpenses": 32002000, "costAndExpenses": 59600000, "interestIncome": 2537000, "interestExpense": 4537000, "depreciationAndAmortization": 14244000, "ebitda": 162711000, "ebitdaratio": 0.7925369209, "operatingIncome": 145704000, "operatingIncomeRatio": 0.7096987881, "totalOtherIncomeExpensesNet": -1774000, "incomeBeforeTax": 143930000, "incomeBeforeTaxRatio": 0.7010579433, "incomeTaxExpense": 92263000, "netIncome": 52502000, "netIncomeRatio": 0.255728091, "eps": 1.52, "epsdiluted": 1.48, "weightedAverageShsOut": 34653000, "weightedAverageShsOutDil": 35520000, "link": "https://www.sec.gov/Archives/edgar/data/1405495/000140549518000015/0001405495-18-000015-index.htm", "finalLink": "https://www.sec.gov/Archives/edgar/data/1405495/000140549518000015/idcc-2017x10k.htm"}, {"date": "2017-09-30", "symbol": "IDCC", "reportedCurrency": "USD", "cik": "0001405495", "fillingDate": "2017-10-26", "acceptedDate": "2017-10-26 09:03:35", "calendarYear": "2017", "period": "Q3", "revenue": 97325000, "costOfRevenue": 26517000, "grossProfit": 70808000, "grossProfitRatio": 0.7275417416, "researchAndDevelopmentExpenses": 17293000, "generalAndAdministrativeExpenses": 0, "sellingAndMarketingExpenses": 0, "sellingGeneralAndAdministrativeExpenses": 12640000, "otherExpenses": 0, "operatingExpenses": 29933000, "costAndExpenses": 56450000, "interestIncome": 2163000, "interestExpense": 4480000, "depreciationAndAmortization": 14554000, "ebitda": 57722000, "ebitdaratio": 0.5930850244, "operatingIncome": 40875000, "operatingIncomeRatio": 0.4199845877, "totalOtherIncomeExpensesNet": -2187000, "incomeBeforeTax": 38688000, "incomeBeforeTaxRatio": 0.3975134857, "incomeTaxExpense": 3963000, "netIncome": 35536000, "netIncomeRatio": 0.3651271513, "eps": 1.02, "epsdiluted": 1, "weightedAverageShsOut": 34709000, "weightedAverageShsOutDil": 35388000, "link": "https://www.sec.gov/Archives/edgar/data/1405495/000140549517000031/0001405495-17-000031-index.htm", "finalLink": "https://www.sec.gov/Archives/edgar/data/1405495/000140549517000031/idcc-q39302017.htm"}, {"date": "2017-06-30", "symbol": "IDCC", "reportedCurrency": "USD", "cik": "0001405495", "fillingDate": "2017-07-27", "acceptedDate": "2017-07-27 09:11:03", "calendarYear": "2017", "period": "Q2", "revenue": 135779000, "costOfRevenue": 23232000, "grossProfit": 112547000, "grossProfitRatio": 0.8288984305, "researchAndDevelopmentExpenses": 19098000, "generalAndAdministrativeExpenses": 0, "sellingAndMarketingExpenses": 0, "sellingGeneralAndAdministrativeExpenses": 12501000, "otherExpenses": 0, "operatingExpenses": 31599000, "costAndExpenses": 54831000, "interestIncome": 1999000, "interestExpense": 4442000, "depreciationAndAmortization": 13727000, "ebitda": 96787000, "ebitdaratio": 0.7128274623, "operatingIncome": 80948000, "operatingIncomeRatio": 0.5961746662, "totalOtherIncomeExpensesNet": -2330000, "incomeBeforeTax": 78618000, "incomeBeforeTaxRatio": 0.5790144279, "incomeTaxExpense": 27074000, "netIncome": 52499000, "netIncomeRatio": 0.3866503657, "eps": 1.51, "epsdiluted": 1.46, "weightedAverageShsOut": 34686000, "weightedAverageShsOutDil": 35902000, "link": "https://www.sec.gov/Archives/edgar/data/1405495/000140549517000025/0001405495-17-000025-index.htm", "finalLink": "https://www.sec.gov/Archives/edgar/data/1405495/000140549517000025/idcc-q26302017.htm"}, {"date": "2017-03-31", "symbol": "IDCC", "reportedCurrency": "USD", "cik": "0001405495", "fillingDate": "2017-04-27", "acceptedDate": "2017-04-27 08:52:50", "calendarYear": "2017", "period": "Q1", "revenue": 94530000, "costOfRevenue": 26880000, "grossProfit": 67650000, "grossProfitRatio": 0.7156458267, "researchAndDevelopmentExpenses": 19781000, "generalAndAdministrativeExpenses": 0, "sellingAndMarketingExpenses": 0, "sellingGeneralAndAdministrativeExpenses": 13901000, "otherExpenses": 0, "operatingExpenses": 33682000, "costAndExpenses": 60562000, "interestIncome": 1789000, "interestExpense": 4386000, "depreciationAndAmortization": 14528000, "ebitda": 50068000, "ebitdaratio": 0.5296519623, "operatingIncome": 33968000, "operatingIncomeRatio": 0.3593356606, "totalOtherIncomeExpensesNet": -2814000, "incomeBeforeTax": 31154000, "incomeBeforeTaxRatio": 0.3295673331, "incomeTaxExpense": -1624000, "netIncome": 33756000, "netIncomeRatio": 0.3570929864, "eps": 0.98, "epsdiluted": 0.93, "weightedAverageShsOut": 34370000, "weightedAverageShsOutDil": 36220000, "link": "https://www.sec.gov/Archives/edgar/data/1405495/000140549517000012/0001405495-17-000012-index.htm", "finalLink": "https://www.sec.gov/Archives/edgar/data/1405495/000140549517000012/idcc-q13312017.htm"}, {"date": "2016-12-31", "symbol": "IDCC", "reportedCurrency": "USD", "cik": "0001405495", "fillingDate": "2017-02-23", "acceptedDate": "2017-02-23 08:50:05", "calendarYear": "2016", "period": "Q4", "revenue": 273868000, "costOfRevenue": 31943000, "grossProfit": 241925000, "grossProfitRatio": 0.8833635182, "researchAndDevelopmentExpenses": 18295000, "generalAndAdministrativeExpenses": 0, "sellingAndMarketingExpenses": 0, "sellingGeneralAndAdministrativeExpenses": 14481000, "otherExpenses": 0, "operatingExpenses": 32776000, "costAndExpenses": 64719000, "interestIncome": 1193000, "interestExpense": 4358000, "depreciationAndAmortization": 13603000, "ebitda": 223716000, "ebitdaratio": 0.816875283, "operatingIncome": 209149000, "operatingIncomeRatio": 0.7636854251, "totalOtherIncomeExpensesNet": -3394000, "incomeBeforeTax": 205755000, "incomeBeforeTaxRatio": 0.7512925935, "incomeTaxExpense": 69978000, "netIncome": 136470000, "netIncomeRatio": 0.4983057531, "eps": 3.98, "epsdiluted": 3.85, "weightedAverageShsOut": 34286000, "weightedAverageShsOutDil": 35487000, "link": "https://www.sec.gov/Archives/edgar/data/1405495/000140549517000005/0001405495-17-000005-index.htm", "finalLink": "https://www.sec.gov/Archives/edgar/data/1405495/000140549517000005/idcc-2016x10k.htm"}, {"date": "2016-09-30", "symbol": "IDCC", "reportedCurrency": "USD", "cik": "0001405495", "fillingDate": "2016-10-27", "acceptedDate": "2016-10-27 08:50:40", "calendarYear": "2016", "period": "Q3", "revenue": 208307000, "costOfRevenue": 26149000, "grossProfit": 182158000, "grossProfitRatio": 0.8744689329, "researchAndDevelopmentExpenses": 15560000, "generalAndAdministrativeExpenses": 0, "sellingAndMarketingExpenses": 0, "sellingGeneralAndAdministrativeExpenses": 9880000, "otherExpenses": 0, "operatingExpenses": 25440000, "costAndExpenses": 51589000, "interestIncome": 892000, "interestExpense": 4305000, "depreciationAndAmortization": 13208000, "ebitda": 170433000, "ebitdaratio": 0.8181818182, "operatingIncome": 156718000, "operatingIncomeRatio": 0.752341496, "totalOtherIncomeExpensesNet": -3798000, "incomeBeforeTax": 152920000, "incomeBeforeTaxRatio": 0.7341087914, "incomeTaxExpense": 49397000, "netIncome": 104466000, "netIncomeRatio": 0.5015001896, "eps": 3.05, "epsdiluted": 2.99, "weightedAverageShsOut": 34280000, "weightedAverageShsOutDil": 34953000, "link": "https://www.sec.gov/Archives/edgar/data/1405495/000140549516000076/0001405495-16-000076-index.htm", "finalLink": "https://www.sec.gov/Archives/edgar/data/1405495/000140549516000076/idcc-q39302016.htm"}, {"date": "2016-06-30", "symbol": "IDCC", "reportedCurrency": "USD", "cik": "0001405495", "fillingDate": "2016-08-02", "acceptedDate": "2016-08-02 08:44:09", "calendarYear": "2016", "period": "Q2", "revenue": 75915000, "costOfRevenue": 28285000, "grossProfit": 47630000, "grossProfitRatio": 0.6274122374, "researchAndDevelopmentExpenses": 14609000, "generalAndAdministrativeExpenses": 0, "sellingAndMarketingExpenses": 0, "sellingGeneralAndAdministrativeExpenses": 9938000, "otherExpenses": 0, "operatingExpenses": 24547000, "costAndExpenses": 52832000, "interestIncome": 502000, "interestExpense": 4278000, "depreciationAndAmortization": 13066000, "ebitda": 39721000, "ebitdaratio": 0.5232299282, "operatingIncome": 23083000, "operatingIncomeRatio": 0.3040637555, "totalOtherIncomeExpensesNet": -706000, "incomeBeforeTax": 22377000, "incomeBeforeTaxRatio": 0.2947638807, "incomeTaxExpense": -16652000, "netIncome": 39994000, "netIncomeRatio": 0.5268260555, "eps": 1.16, "epsdiluted": 1.14, "weightedAverageShsOut": 34499000, "weightedAverageShsOutDil": 34945000, "link": "https://www.sec.gov/Archives/edgar/data/1405495/000140549516000071/0001405495-16-000071-index.htm", "finalLink": "https://www.sec.gov/Archives/edgar/data/1405495/000140549516000071/idcc-q26302016.htm"}, {"date": "2016-03-31", "symbol": "IDCC", "reportedCurrency": "USD", "cik": "0001405495", "fillingDate": "2016-04-28", "acceptedDate": "2016-04-28 09:08:35", "calendarYear": "2016", "period": "Q1", "revenue": 107764000, "costOfRevenue": 27167000, "grossProfit": 80597000, "grossProfitRatio": 0.7479028247, "researchAndDevelopmentExpenses": 20269000, "generalAndAdministrativeExpenses": 0, "sellingAndMarketingExpenses": 0, "sellingGeneralAndAdministrativeExpenses": 11972000, "otherExpenses": 0, "operatingExpenses": 32241000, "costAndExpenses": 59408000, "interestIncome": 1160000, "interestExpense": 8185000, "depreciationAndAmortization": 12876000, "ebitda": 62280000, "ebitdaratio": 0.5779295498, "operatingIncome": 48356000, "operatingIncomeRatio": 0.4487212798, "totalOtherIncomeExpensesNet": -7137000, "incomeBeforeTax": 41219000, "incomeBeforeTaxRatio": 0.3824932259, "incomeTaxExpense": 14068000, "netIncome": 28071000, "netIncomeRatio": 0.2604858765, "eps": 0.8, "epsdiluted": 0.79, "weightedAverageShsOut": 35045000, "weightedAverageShsOutDil": 35377000, "link": "https://www.sec.gov/Archives/edgar/data/1405495/000140549516000061/0001405495-16-000061-index.htm", "finalLink": "https://www.sec.gov/Archives/edgar/data/1405495/000140549516000061/idcc-q13312016.htm"}, {"date": "2015-12-31", "symbol": "IDCC", "reportedCurrency": "USD", "cik": "0001405495", "fillingDate": "2016-02-18", "acceptedDate": "2016-02-18 09:21:44", "calendarYear": "2015", "period": "Q4", "revenue": 112098000, "costOfRevenue": 29201000, "grossProfit": 82897000, "grossProfitRatio": 0.7395047191, "researchAndDevelopmentExpenses": 19767000, "generalAndAdministrativeExpenses": 0, "sellingAndMarketingExpenses": 0, "sellingGeneralAndAdministrativeExpenses": 9790000, "otherExpenses": 0, "operatingExpenses": 29557000, "costAndExpenses": 58758000, "interestIncome": 2429000, "interestExpense": 8462000, "depreciationAndAmortization": 12479000, "ebitda": 67837000, "ebitdaratio": 0.6051579868, "operatingIncome": 53340000, "operatingIncomeRatio": 0.4758336456, "totalOtherIncomeExpensesNet": -6444000, "incomeBeforeTax": 46896000, "incomeBeforeTaxRatio": 0.418348231, "incomeTaxExpense": 14577000, "netIncome": 33038000, "netIncomeRatio": 0.2947242591, "eps": 0.93, "epsdiluted": 0.92, "weightedAverageShsOut": 35429000, "weightedAverageShsOutDil": 35887000, "link": "https://www.sec.gov/Archives/edgar/data/1405495/000140549516000047/0001405495-16-000047-index.htm", "finalLink": "https://www.sec.gov/Archives/edgar/data/1405495/000140549516000047/idcc-20151231x10k.htm"}, {"date": "2015-09-30", "symbol": "IDCC", "reportedCurrency": "USD", "cik": "0001405495", "fillingDate": "2015-10-30", "acceptedDate": "2015-10-30 08:43:51", "calendarYear": "2015", "period": "Q3", "revenue": 100408000, "costOfRevenue": 28363000, "grossProfit": 72045000, "grossProfitRatio": 0.7175225082, "researchAndDevelopmentExpenses": 16618000, "generalAndAdministrativeExpenses": 0, "sellingAndMarketingExpenses": 0, "sellingGeneralAndAdministrativeExpenses": 10040000, "otherExpenses": 0, "operatingExpenses": 26658000, "costAndExpenses": 55021000, "interestIncome": 523000, "interestExpense": 8331000, "depreciationAndAmortization": 11891000, "ebitda": 57501000, "ebitdaratio": 0.5726734922, "operatingIncome": 45387000, "operatingIncomeRatio": 0.452025735, "totalOtherIncomeExpensesNet": -8108000, "incomeBeforeTax": 37279000, "incomeBeforeTaxRatio": 0.3712751972, "incomeTaxExpense": 13491000, "netIncome": 24520000, "netIncomeRatio": 0.2442036491, "eps": 0.68, "epsdiluted": 0.68, "weightedAverageShsOut": 35798000, "weightedAverageShsOutDil": 36205000, "link": "https://www.sec.gov/Archives/edgar/data/1405495/000140549515000038/0001405495-15-000038-index.htm", "finalLink": "https://www.sec.gov/Archives/edgar/data/1405495/000140549515000038/idcc-q39302015.htm"}, {"date": "2015-06-30", "symbol": "IDCC", "reportedCurrency": "USD", "cik": "0001405495", "fillingDate": "2015-07-30", "acceptedDate": "2015-07-30 08:41:57", "calendarYear": "2015", "period": "Q2", "revenue": 118551000, "costOfRevenue": 31212000, "grossProfit": 87339000, "grossProfitRatio": 0.7367209049, "researchAndDevelopmentExpenses": 18326000, "generalAndAdministrativeExpenses": 0, "sellingAndMarketingExpenses": 0, "sellingGeneralAndAdministrativeExpenses": 10435000, "otherExpenses": 0, "operatingExpenses": 28761000, "costAndExpenses": 59973000, "interestIncome": 481000, "interestExpense": 8151000, "depreciationAndAmortization": 11783000, "ebitda": 70766000, "ebitdaratio": 0.5969245304, "operatingIncome": 58578000, "operatingIncomeRatio": 0.4941164562, "totalOtherIncomeExpensesNet": -7746000, "incomeBeforeTax": 50832000, "incomeBeforeTaxRatio": 0.4287774882, "incomeTaxExpense": 18877000, "netIncome": 32602000, "netIncomeRatio": 0.2750040067, "eps": 0.91, "epsdiluted": 0.89, "weightedAverageShsOut": 36022000, "weightedAverageShsOutDil": 36442000, "link": "https://www.sec.gov/Archives/edgar/data/1405495/000140549515000034/0001405495-15-000034-index.htm", "finalLink": "https://www.sec.gov/Archives/edgar/data/1405495/000140549515000034/idcc-q26302015.htm"}, {"date": "2015-03-31", "symbol": "IDCC", "reportedCurrency": "USD", "cik": "0001405495", "fillingDate": "2015-04-29", "acceptedDate": "2015-04-29 08:51:48", "calendarYear": "2015", "period": "Q1", "revenue": 110378000, "costOfRevenue": 31625000, "grossProfit": 78753000, "grossProfitRatio": 0.7134845712, "researchAndDevelopmentExpenses": 17991000, "generalAndAdministrativeExpenses": 0, "sellingAndMarketingExpenses": 0, "sellingGeneralAndAdministrativeExpenses": 9518000, "otherExpenses": 0, "operatingExpenses": 27509000, "costAndExpenses": 59134000, "interestIncome": 425000, "interestExpense": 5473000, "depreciationAndAmortization": 11640000, "ebitda": 63121000, "ebitdaratio": 0.5718621464, "operatingIncome": 51244000, "operatingIncomeRatio": 0.4642591821, "totalOtherIncomeExpensesNet": -5236000, "incomeBeforeTax": 46008000, "incomeBeforeTaxRatio": 0.4168221928, "incomeTaxExpense": 17676000, "netIncome": 29065000, "netIncomeRatio": 0.2633224012, "eps": 0.79, "epsdiluted": 0.78, "weightedAverageShsOut": 36954000, "weightedAverageShsOutDil": 37329000, "link": "https://www.sec.gov/Archives/edgar/data/1405495/000140549515000019/0001405495-15-000019-index.htm", "finalLink": "https://www.sec.gov/Archives/edgar/data/1405495/000140549515000019/idcc-q13312015.htm"}, {"date": "2014-12-31", "symbol": "IDCC", "reportedCurrency": "USD", "cik": "0001405495", "fillingDate": "2015-02-19", "acceptedDate": "2015-02-19 08:42:53", "calendarYear": "2014", "period": "Q4", "revenue": 86121000, "costOfRevenue": 36187000, "grossProfit": 49934000, "grossProfitRatio": 0.5798121248, "researchAndDevelopmentExpenses": 17766000, "generalAndAdministrativeExpenses": 0, "sellingAndMarketingExpenses": 0, "sellingGeneralAndAdministrativeExpenses": 6880000, "otherExpenses": 0, "operatingExpenses": 24646000, "costAndExpenses": 60833000, "interestIncome": 299000, "interestExpense": 4084000, "depreciationAndAmortization": 11524000, "ebitda": 36197000, "ebitdaratio": 0.4203039909, "operatingIncome": 25288000, "operatingIncomeRatio": 0.2936333763, "totalOtherIncomeExpensesNet": -4699000, "incomeBeforeTax": 20589000, "incomeBeforeTaxRatio": 0.23907061, "incomeTaxExpense": 7361000, "netIncome": 13790000, "netIncomeRatio": 0.1601235471, "eps": 0.35, "epsdiluted": 0.35, "weightedAverageShsOut": 39420000, "weightedAverageShsOutDil": 39879000, "link": "https://www.sec.gov/Archives/edgar/data/1405495/000140549515000010/0001405495-15-000010-index.htm", "finalLink": "https://www.sec.gov/Archives/edgar/data/1405495/000140549515000010/idcc-20141231x10k.htm"}, {"date": "2014-09-30", "symbol": "IDCC", "reportedCurrency": "USD", "cik": "0001405495", "fillingDate": "2014-10-30", "acceptedDate": "2014-10-30 08:44:57", "calendarYear": "2014", "period": "Q3", "revenue": 77622000, "costOfRevenue": 33923000, "grossProfit": 43699000, "grossProfitRatio": 0.5629718379, "researchAndDevelopmentExpenses": 19072000, "generalAndAdministrativeExpenses": 0, "sellingAndMarketingExpenses": 0, "sellingGeneralAndAdministrativeExpenses": 9286000, "otherExpenses": 0, "operatingExpenses": 28358000, "costAndExpenses": 62281000, "interestIncome": 538000, "interestExpense": 4018000, "depreciationAndAmortization": 12350000, "ebitda": 28542000, "ebitdaratio": 0.3677050321, "operatingIncome": 15341000, "operatingIncomeRatio": 0.1976372678, "totalOtherIncomeExpensesNet": -3167000, "incomeBeforeTax": 12174000, "incomeBeforeTaxRatio": 0.1568369792, "incomeTaxExpense": -461000, "netIncome": 13512000, "netIncomeRatio": 0.1740743604, "eps": 0.34, "epsdiluted": 0.34, "weightedAverageShsOut": 39620000, "weightedAverageShsOutDil": 40191000, "link": "https://www.sec.gov/Archives/edgar/data/1405495/000140549514000050/0001405495-14-000050-index.htm", "finalLink": "https://www.sec.gov/Archives/edgar/data/1405495/000140549514000050/idcc-q39302014.htm"}, {"date": "2014-06-30", "symbol": "IDCC", "reportedCurrency": "USD", "cik": "0001405495", "fillingDate": "2014-08-07", "acceptedDate": "2014-08-07 09:17:37", "calendarYear": "2014", "period": "Q2", "revenue": 194234000, "costOfRevenue": 31272000, "grossProfit": 162962000, "grossProfitRatio": 0.8389983216, "researchAndDevelopmentExpenses": 22901000, "generalAndAdministrativeExpenses": 0, "sellingAndMarketingExpenses": 0, "sellingGeneralAndAdministrativeExpenses": 11689000, "otherExpenses": 0, "operatingExpenses": 34590000, "costAndExpenses": 65862000, "interestIncome": 386000, "interestExpense": 4018000, "depreciationAndAmortization": 9021000, "ebitda": 137809000, "ebitdaratio": 0.7094998816, "operatingIncome": 128372000, "operatingIncomeRatio": 0.6609141551, "totalOtherIncomeExpensesNet": -3602000, "incomeBeforeTax": 124770000, "incomeBeforeTaxRatio": 0.6423695131, "incomeTaxExpense": 46658000, "netIncome": 78901000, "netIncomeRatio": 0.4062162134, "eps": 1.95, "epsdiluted": 1.93, "weightedAverageShsOut": 40443000, "weightedAverageShsOutDil": 40822000, "link": "https://www.sec.gov/Archives/edgar/data/1405495/000140549514000040/0001405495-14-000040-index.htm", "finalLink": "https://www.sec.gov/Archives/edgar/data/1405495/000140549514000040/idcc-q26302014.htm"}, {"date": "2014-03-31", "symbol": "IDCC", "reportedCurrency": "USD", "cik": "0001405495", "fillingDate": "2014-05-01", "acceptedDate": "2014-05-01 11:25:13", "calendarYear": "2014", "period": "Q1", "revenue": 57844000, "costOfRevenue": 33694000, "grossProfit": 24150000, "grossProfitRatio": 0.4175022474, "researchAndDevelopmentExpenses": 15887000, "generalAndAdministrativeExpenses": 0, "sellingAndMarketingExpenses": 0, "sellingGeneralAndAdministrativeExpenses": 8304000, "otherExpenses": 0, "operatingExpenses": 24191000, "costAndExpenses": 57885000, "interestIncome": 187000, "interestExpense": 3951000, "depreciationAndAmortization": 9351000, "ebitda": 9297000, "ebitdaratio": 0.1607253993, "operatingIncome": -41000, "operatingIncomeRatio": -0.000708803, "totalOtherIncomeExpensesNet": -3964000, "incomeBeforeTax": -4005000, "incomeBeforeTaxRatio": -0.0692379503, "incomeTaxExpense": -1450000, "netIncome": -1861000, "netIncomeRatio": -0.0321727405, "eps": -0.046, "epsdiluted": -0.046, "weightedAverageShsOut": 40444000, "weightedAverageShsOutDil": 40444000, "link": "https://www.sec.gov/Archives/edgar/data/1405495/000140549514000017/0001405495-14-000017-index.htm", "finalLink": "https://www.sec.gov/Archives/edgar/data/1405495/000140549514000017/idcc-20143312014.htm"}, {"date": "2013-12-31", "symbol": "IDCC", "reportedCurrency": "USD", "cik": "0001405495", "fillingDate": "2014-02-24", "acceptedDate": "2014-02-24 16:00:17", "calendarYear": "2013", "period": "Q4", "revenue": 99683000, "costOfRevenue": 36212000, "grossProfit": 63471000, "grossProfitRatio": 0.6367284291, "researchAndDevelopmentExpenses": 17935000, "generalAndAdministrativeExpenses": 0, "sellingAndMarketingExpenses": 0, "sellingGeneralAndAdministrativeExpenses": 7556000, "otherExpenses": 0, "operatingExpenses": 25491000, "costAndExpenses": 61703000, "interestIncome": 5400000, "interestExpense": 4000000, "depreciationAndAmortization": 9322000, "ebitda": 37596000, "ebitdaratio": 0.3771555832, "operatingIncome": 37980000, "operatingIncomeRatio": 0.3810077947, "totalOtherIncomeExpensesNet": -13706000, "incomeBeforeTax": 24274000, "incomeBeforeTaxRatio": 0.2435119328, "incomeTaxExpense": 10404000, "netIncome": 14536000, "netIncomeRatio": 0.1458222566, "eps": 0.35, "epsdiluted": 0.35, "weightedAverageShsOut": 40977000, "weightedAverageShsOutDil": 41298000, "link": "https://www.sec.gov/Archives/edgar/data/1405495/000140549514000010/0001405495-14-000010-index.htm", "finalLink": "https://www.sec.gov/Archives/edgar/data/1405495/000140549514000010/idcc-20131231x10k.htm"}, {"date": "2013-09-30", "symbol": "IDCC", "reportedCurrency": "USD", "cik": "0001405495", "fillingDate": "2013-10-31", "acceptedDate": "2013-10-31 09:17:12", "calendarYear": "2013", "period": "Q3", "revenue": 110623000, "costOfRevenue": 36786000, "grossProfit": 73837000, "grossProfitRatio": 0.6674651745, "researchAndDevelopmentExpenses": 15772000, "generalAndAdministrativeExpenses": 0, "sellingAndMarketingExpenses": 0, "sellingGeneralAndAdministrativeExpenses": 8937000, "otherExpenses": 0, "operatingExpenses": 24709000, "costAndExpenses": 61495000, "interestIncome": 800000, "interestExpense": 3900000, "depreciationAndAmortization": 7851000, "ebitda": 57929000, "ebitdaratio": 0.5236614447, "operatingIncome": 49128000, "operatingIncomeRatio": 0.4441029442, "totalOtherIncomeExpensesNet": -2950000, "incomeBeforeTax": 46178000, "incomeBeforeTaxRatio": 0.4174357954, "incomeTaxExpense": 20068000, "netIncome": 26660000, "netIncomeRatio": 0.2409987073, "eps": 0.65, "epsdiluted": 0.64, "weightedAverageShsOut": 41185000, "weightedAverageShsOutDil": 41448000, "link": "https://www.sec.gov/Archives/edgar/data/1405495/000140549513000040/0001405495-13-000040-index.htm", "finalLink": "https://www.sec.gov/Archives/edgar/data/1405495/000140549513000040/idcc-20139302013.htm"}, {"date": "2013-06-30", "symbol": "IDCC", "reportedCurrency": "USD", "cik": "0001405495", "fillingDate": "2013-07-26", "acceptedDate": "2013-07-26 16:15:03", "calendarYear": "2013", "period": "Q2", "revenue": 67692000, "costOfRevenue": 33164000, "grossProfit": 34528000, "grossProfitRatio": 0.5100750458, "researchAndDevelopmentExpenses": 13477000, "generalAndAdministrativeExpenses": 0, "sellingAndMarketingExpenses": 0, "sellingGeneralAndAdministrativeExpenses": 8359000, "otherExpenses": 0, "operatingExpenses": 21836000, "costAndExpenses": 55000000, "interestIncome": 7400000, "interestExpense": 3900000, "depreciationAndAmortization": 8233000, "ebitda": 27724000, "ebitdaratio": 0.4095609525, "operatingIncome": 12692000, "operatingIncomeRatio": 0.1874963068, "totalOtherIncomeExpensesNet": 2899000, "incomeBeforeTax": 15591000, "incomeBeforeTaxRatio": 0.2303226378, "incomeTaxExpense": 6985000, "netIncome": 9238000, "netIncomeRatio": 0.1364710749, "eps": 0.22, "epsdiluted": 0.22, "weightedAverageShsOut": 41161000, "weightedAverageShsOutDil": 41456000, "link": "https://www.sec.gov/Archives/edgar/data/1405495/000140549513000027/0001405495-13-000027-index.htm", "finalLink": "https://www.sec.gov/Archives/edgar/data/1405495/000140549513000027/idcc-20136302013.htm"}, {"date": "2013-03-31", "symbol": "IDCC", "reportedCurrency": "USD", "cik": "0001405495", "fillingDate": "2013-04-25", "acceptedDate": "2013-04-25 08:16:06", "calendarYear": "2013", "period": "Q1", "revenue": 47363000, "costOfRevenue": 36875000, "grossProfit": 10488000, "grossProfitRatio": 0.2214386758, "researchAndDevelopmentExpenses": 16146000, "generalAndAdministrativeExpenses": 0, "sellingAndMarketingExpenses": 0, "sellingGeneralAndAdministrativeExpenses": 7842000, "otherExpenses": 1544000, "operatingExpenses": 25532000, "costAndExpenses": 62407000, "interestIncome": 700000, "interestExpense": 3800000, "depreciationAndAmortization": 7979000, "ebitda": -12745000, "ebitdaratio": -0.2690919072, "operatingIncome": -15044000, "operatingIncomeRatio": -0.3176319068, "totalOtherIncomeExpensesNet": -9480000, "incomeBeforeTax": -24524000, "incomeBeforeTaxRatio": -0.5177881469, "incomeTaxExpense": -11621000, "netIncome": -12269000, "netIncomeRatio": -0.2590418681, "eps": -0.3, "epsdiluted": -0.3, "weightedAverageShsOut": 40896666, "weightedAverageShsOutDil": 41138000, "link": "https://www.sec.gov/Archives/edgar/data/1405495/000140549513000013/0001405495-13-000013-index.htm", "finalLink": "https://www.sec.gov/Archives/edgar/data/1405495/000140549513000013/idcc-20133312013.htm"}, {"date": "2012-12-31", "symbol": "IDCC", "reportedCurrency": "USD", "cik": "0001405495", "fillingDate": "2013-02-26", "acceptedDate": "2013-02-26 06:43:44", "calendarYear": "2012", "period": "Q4", "revenue": 87877000, "costOfRevenue": 31305000, "grossProfit": 56572000, "grossProfitRatio": 0.6437634421, "researchAndDevelopmentExpenses": 16821000, "generalAndAdministrativeExpenses": 0, "sellingAndMarketingExpenses": 0, "sellingGeneralAndAdministrativeExpenses": 8383000, "otherExpenses": 12536000, "operatingExpenses": 37740000, "costAndExpenses": 69045000, "interestIncome": 0, "interestExpense": 3800000, "depreciationAndAmortization": 7035000, "ebitda": 27197000, "ebitdaratio": 0.3094894, "operatingIncome": 18832000, "operatingIncomeRatio": 0.2142995323, "totalOtherIncomeExpensesNet": -2470000, "incomeBeforeTax": 16362000, "incomeBeforeTaxRatio": 0.1861920639, "incomeTaxExpense": 830000, "netIncome": 15532000, "netIncomeRatio": 0.1767470442, "eps": 0.38, "epsdiluted": 0.38, "weightedAverageShsOut": 40981000, "weightedAverageShsOutDil": 41339000, "link": "https://www.sec.gov/Archives/edgar/data/1405495/000140549513000010/0001405495-13-000010-index.htm", "finalLink": "https://www.sec.gov/Archives/edgar/data/1405495/000140549513000010/idcc-20121231x10k.htm"}, {"date": "2012-09-30", "symbol": "IDCC", "reportedCurrency": "USD", "cik": "0001405495", "fillingDate": "2012-10-25", "acceptedDate": "2012-10-25 16:51:35", "calendarYear": "2012", "period": "Q3", "revenue": 434010000, "costOfRevenue": 45551000, "grossProfit": 388459000, "grossProfitRatio": 0.8950461971, "researchAndDevelopmentExpenses": 16375000, "generalAndAdministrativeExpenses": 0, "sellingAndMarketingExpenses": 0, "sellingGeneralAndAdministrativeExpenses": 8865000, "otherExpenses": 0, "operatingExpenses": 25240000, "costAndExpenses": 70791000, "interestIncome": 1000000, "interestExpense": 3700000, "depreciationAndAmortization": 6627000, "ebitda": 370838000, "ebitdaratio": 0.8544457501, "operatingIncome": 363219000, "operatingIncomeRatio": 0.836890855, "totalOtherIncomeExpensesNet": -2708000, "incomeBeforeTax": 360511000, "incomeBeforeTaxRatio": 0.8306513675, "incomeTaxExpense": 124842000, "netIncome": 235669000, "netIncomeRatio": 0.5430036174, "eps": 5.61, "epsdiluted": 5.56, "weightedAverageShsOut": 42024000, "weightedAverageShsOutDil": 42353000, "link": "https://www.sec.gov/Archives/edgar/data/1405495/000140549512000028/0001405495-12-000028-index.htm", "finalLink": "https://www.sec.gov/Archives/edgar/data/1405495/000140549512000028/idcc-201293012.htm"}, {"date": "2012-06-30", "symbol": "IDCC", "reportedCurrency": "USD", "cik": "0001405495", "fillingDate": "2012-07-27", "acceptedDate": "2012-07-26 17:50:02", "calendarYear": "2012", "period": "Q2", "revenue": 71871000, "costOfRevenue": 26200000, "grossProfit": 45671000, "grossProfitRatio": 0.6354579733, "researchAndDevelopmentExpenses": 17177000, "generalAndAdministrativeExpenses": 0, "sellingAndMarketingExpenses": 0, "sellingGeneralAndAdministrativeExpenses": 10920000, "otherExpenses": 0, "operatingExpenses": 28097000, "costAndExpenses": 54297000, "interestIncome": 1400000, "interestExpense": 3700000, "depreciationAndAmortization": 6299000, "ebitda": 25089000, "ebitdaratio": 0.3490837751, "operatingIncome": 17574000, "operatingIncomeRatio": 0.2445214342, "totalOtherIncomeExpensesNet": -2484000, "incomeBeforeTax": 15090000, "incomeBeforeTaxRatio": 0.2099595108, "incomeTaxExpense": 5417000, "netIncome": 9673000, "netIncomeRatio": 0.1345883597, "eps": 0.22, "epsdiluted": 0.22, "weightedAverageShsOut": 43876000, "weightedAverageShsOutDil": 44139000, "link": "https://www.sec.gov/Archives/edgar/data/1405495/000140549512000020/0001405495-12-000020-index.htm", "finalLink": "https://www.sec.gov/Archives/edgar/data/1405495/000140549512000020/idcc-20126302012.htm"}, {"date": "2012-03-31", "symbol": "IDCC", "reportedCurrency": "USD", "cik": "0001405495", "fillingDate": "2012-04-26", "acceptedDate": "2012-04-26 16:01:07", "calendarYear": "2012", "period": "Q1", "revenue": 69305000, "costOfRevenue": 23228000, "grossProfit": 46077000, "grossProfitRatio": 0.6648438064, "researchAndDevelopmentExpenses": 17489000, "generalAndAdministrativeExpenses": 0, "sellingAndMarketingExpenses": 0, "sellingGeneralAndAdministrativeExpenses": 9183000, "otherExpenses": 0, "operatingExpenses": 26672000, "costAndExpenses": 49900000, "interestIncome": 1000000, "interestExpense": 3700000, "depreciationAndAmortization": 6287000, "ebitda": 26658000, "ebitdaratio": 0.3846475723, "operatingIncome": 19405000, "operatingIncomeRatio": 0.2799942284, "totalOtherIncomeExpensesNet": -2734000, "incomeBeforeTax": 16671000, "incomeBeforeTaxRatio": 0.2405454152, "incomeTaxExpense": 5741000, "netIncome": 10930000, "netIncomeRatio": 0.157708679, "eps": 0.24, "epsdiluted": 0.24, "weightedAverageShsOut": 45401000, "weightedAverageShsOutDil": 45946000, "link": "https://www.sec.gov/Archives/edgar/data/1405495/000140549512000013/0001405495-12-000013-index.htm", "finalLink": "https://www.sec.gov/Archives/edgar/data/1405495/000140549512000013/idcc-2012331x10qxq1.htm"}, {"date": "2011-12-31", "symbol": "IDCC", "reportedCurrency": "USD", "cik": "0001405495", "fillingDate": "2012-02-27", "acceptedDate": "2012-02-27 09:18:23", "calendarYear": "2011", "period": "Q4", "revenue": 76956000, "costOfRevenue": 21132000, "grossProfit": 55824000, "grossProfitRatio": 0.7254015281, "researchAndDevelopmentExpenses": 13561000, "generalAndAdministrativeExpenses": 0, "sellingAndMarketingExpenses": 0, "sellingGeneralAndAdministrativeExpenses": 6772000, "otherExpenses": 0, "operatingExpenses": 20333000, "costAndExpenses": 41465000, "interestIncome": 0, "interestExpense": 3700000, "depreciationAndAmortization": 6079000, "ebitda": 42593000, "ebitdaratio": 0.5534721139, "operatingIncome": 35491000, "operatingIncomeRatio": 0.4611856126, "totalOtherIncomeExpensesNet": -2677000, "incomeBeforeTax": 32814000, "incomeBeforeTaxRatio": 0.426399501, "incomeTaxExpense": 10047000, "netIncome": 22767000, "netIncomeRatio": 0.2958443786, "eps": 0.5, "epsdiluted": 0.49, "weightedAverageShsOut": 45411000, "weightedAverageShsOutDil": 46014000, "link": "https://www.sec.gov/Archives/edgar/data/1405495/000140549512000009/0001405495-12-000009-index.htm", "finalLink": "https://www.sec.gov/Archives/edgar/data/1405495/000140549512000009/idcc-20111231xk.htm"}, {"date": "2011-09-30", "symbol": "IDCC", "reportedCurrency": "USD", "cik": "0001405495", "fillingDate": "2011-10-28", "acceptedDate": "2011-10-28 14:55:48", "calendarYear": "2011", "period": "Q3", "revenue": 76455000, "costOfRevenue": 17900000, "grossProfit": 58555000, "grossProfitRatio": 0.7658753515, "researchAndDevelopmentExpenses": 17015000, "generalAndAdministrativeExpenses": 0, "sellingAndMarketingExpenses": 0, "sellingGeneralAndAdministrativeExpenses": 9387000, "otherExpenses": 0, "operatingExpenses": 26402000, "costAndExpenses": 44302000, "interestIncome": 0, "interestExpense": 3600000, "depreciationAndAmortization": 5975000, "ebitda": 38579000, "ebitdaratio": 0.5045974756, "operatingIncome": 32153000, "operatingIncomeRatio": 0.4205480348, "totalOtherIncomeExpensesNet": -3149000, "incomeBeforeTax": 29004000, "incomeBeforeTaxRatio": 0.3793604081, "incomeTaxExpense": 2798000, "netIncome": 26206000, "netIncomeRatio": 0.3427637172, "eps": 0.58, "epsdiluted": 0.57, "weightedAverageShsOut": 45463000, "weightedAverageShsOutDil": 46281000, "link": "https://www.sec.gov/Archives/edgar/data/1405495/000140549511000012/0001405495-11-000012-index.htm", "finalLink": "https://www.sec.gov/Archives/edgar/data/1405495/000140549511000012/idcc-2011930x10qxq3.htm"}, {"date": "2011-06-30", "symbol": "IDCC", "reportedCurrency": "USD", "cik": "0001405495", "fillingDate": "2011-07-29", "acceptedDate": "2011-07-29 16:08:26", "calendarYear": "2011", "period": "Q2", "revenue": 69873000, "costOfRevenue": 16756000, "grossProfit": 53117000, "grossProfitRatio": 0.7601934939, "researchAndDevelopmentExpenses": 15763000, "generalAndAdministrativeExpenses": 0, "sellingAndMarketingExpenses": 0, "sellingGeneralAndAdministrativeExpenses": 7547000, "otherExpenses": 0, "operatingExpenses": 23310000, "costAndExpenses": 40066000, "interestIncome": 0, "interestExpense": 3600000, "depreciationAndAmortization": 5909000, "ebitda": 35935000, "ebitdaratio": 0.5142902122, "operatingIncome": 29807000, "operatingIncomeRatio": 0.4265882387, "totalOtherIncomeExpensesNet": -3381000, "incomeBeforeTax": 26426000, "incomeBeforeTaxRatio": 0.3782004494, "incomeTaxExpense": 9270000, "netIncome": 17156000, "netIncomeRatio": 0.245531178, "eps": 0.38, "epsdiluted": 0.37, "weightedAverageShsOut": 45369000, "weightedAverageShsOutDil": 45843000, "link": "https://www.sec.gov/Archives/edgar/data/1405495/000140549511000008/0001405495-11-000008-index.htm", "finalLink": "https://www.sec.gov/Archives/edgar/data/1405495/000140549511000008/idcc-2011630x10qxq2.htm"}, {"date": "2011-03-31", "symbol": "IDCC", "reportedCurrency": "USD", "cik": "0001405495", "fillingDate": "2011-04-28", "acceptedDate": "2011-04-28 16:28:40", "calendarYear": "2011", "period": "Q1", "revenue": 78458000, "costOfRevenue": 15948000, "grossProfit": 62510000, "grossProfitRatio": 0.7967320095, "researchAndDevelopmentExpenses": 17424000, "generalAndAdministrativeExpenses": 0, "sellingAndMarketingExpenses": 0, "sellingGeneralAndAdministrativeExpenses": 7780000, "otherExpenses": 0, "operatingExpenses": 25204000, "costAndExpenses": 41152000, "interestIncome": 0, "interestExpense": 0, "depreciationAndAmortization": 5842000, "ebitda": 42206000, "ebitdaratio": 0.5379438681, "operatingIncome": 37306000, "operatingIncomeRatio": 0.4754900711, "totalOtherIncomeExpensesNet": -942000, "incomeBeforeTax": 36364000, "incomeBeforeTaxRatio": 0.4634836473, "incomeTaxExpense": 13025000, "netIncome": 23339000, "netIncomeRatio": 0.2974712585, "eps": 0.52, "epsdiluted": 0.51, "weightedAverageShsOut": 45306000, "weightedAverageShsOutDil": 45872000, "link": "https://www.sec.gov/Archives/edgar/data/1405495/000095012311040979/0000950123-11-040979-index.htm", "finalLink": "https://www.sec.gov/Archives/edgar/data/1405495/000095012311040979/w82412e10vq.htm"}, {"date": "2010-12-31", "symbol": "IDCC", "reportedCurrency": "USD", "cik": "0001405495", "fillingDate": "2011-02-28", "acceptedDate": "2011-02-28 17:02:03", "calendarYear": "2010", "period": "Q4", "revenue": 95282000, "costOfRevenue": 58907000, "grossProfit": 36375000, "grossProfitRatio": 0.3817615079, "researchAndDevelopmentExpenses": 21479000, "generalAndAdministrativeExpenses": 0, "sellingAndMarketingExpenses": 0, "sellingGeneralAndAdministrativeExpenses": -38751000, "otherExpenses": 0, "operatingExpenses": -17272000, "costAndExpenses": 41635000, "interestIncome": 0, "interestExpense": 0, "depreciationAndAmortization": 5670000, "ebitda": 59317000, "ebitdaratio": 0.6225415084, "operatingIncome": 53647000, "operatingIncomeRatio": 0.5630339414, "totalOtherIncomeExpensesNet": 529000, "incomeBeforeTax": 54176000, "incomeBeforeTaxRatio": 0.5685858819, "incomeTaxExpense": 19865000, "netIncome": 34311000, "netIncomeRatio": 0.3600994941, "eps": 0.78, "epsdiluted": 0.78, "weightedAverageShsOut": 44084000, "weightedAverageShsOutDil": 44084000, "link": "https://www.sec.gov/Archives/edgar/data/1405495/000095012311019854/0000950123-11-019854-index.htm", "finalLink": "https://www.sec.gov/Archives/edgar/data/1405495/000095012311019854/w80945e10vk.htm"}, {"date": "2010-09-30", "symbol": "IDCC", "reportedCurrency": "USD", "cik": "0001405495", "fillingDate": "2010-10-29", "acceptedDate": "2010-10-29 15:36:54", "calendarYear": "2010", "period": "Q3", "revenue": 91923000, "costOfRevenue": 12772000, "grossProfit": 79151000, "grossProfitRatio": 0.8610576243, "researchAndDevelopmentExpenses": 17457000, "generalAndAdministrativeExpenses": 0, "sellingAndMarketingExpenses": 0, "sellingGeneralAndAdministrativeExpenses": 7223000, "otherExpenses": 0, "operatingExpenses": 24680000, "costAndExpenses": 37452000, "interestIncome": 0, "interestExpense": 100000, "depreciationAndAmortization": 5652000, "ebitda": 60779000, "ebitdaratio": 0.6611946956, "operatingIncome": 54471000, "operatingIncomeRatio": 0.592572044, "totalOtherIncomeExpensesNet": 556000, "incomeBeforeTax": 55027000, "incomeBeforeTaxRatio": 0.5986205846, "incomeTaxExpense": 19512000, "netIncome": 35515000, "netIncomeRatio": 0.3863559718, "eps": 0.8, "epsdiluted": 0.79, "weightedAverageShsOut": 44076000, "weightedAverageShsOutDil": 44599000, "link": "https://www.sec.gov/Archives/edgar/data/1405495/000095012310098121/0000950123-10-098121-index.htm", "finalLink": "https://www.sec.gov/Archives/edgar/data/1405495/000095012310098121/w80044e10vq.htm"}]