[{"date": "2025-06-30", "symbol": "REGN", "reportedCurrency": "USD", "cik": "0000872589", "fillingDate": "2025-08-01", "acceptedDate": "2025-08-01 06:56:11", "calendarYear": "2025", "period": "Q2", "revenue": 3675600000, "costOfRevenue": 665300000, "grossProfit": 3010300000, "grossProfitRatio": 0.8189955381, "researchAndDevelopmentExpenses": 1286600000, "generalAndAdministrativeExpenses": 0, "sellingAndMarketingExpenses": 0, "sellingGeneralAndAdministrativeExpenses": 634200000, "otherExpenses": 0, "operatingExpenses": 1920800000, "costAndExpenses": 2586100000, "interestIncome": 174800000, "interestExpense": 3600000, "depreciationAndAmortization": 135100000, "ebitda": 1657400000, "ebitdaratio": 0.4509195778, "operatingIncome": 1089500000, "operatingIncomeRatio": 0.2964141909, "totalOtherIncomeExpensesNet": 429200000, "incomeBeforeTax": 1518700000, "incomeBeforeTaxRatio": 0.413184242, "incomeTaxExpense": 127100000, "netIncome": 1391600000, "netIncomeRatio": 0.3786048536, "eps": 13.2407, "epsdiluted": 12.814, "weightedAverageShsOut": 105100000, "weightedAverageShsOutDil": 108600000, "link": "https://www.sec.gov/Archives/edgar/data/872589/000087258925000019/0000872589-25-000019-index.htm", "finalLink": "https://www.sec.gov/Archives/edgar/data/872589/000087258925000019/regn-20250630.htm"}, {"date": "2025-03-31", "symbol": "REGN", "reportedCurrency": "USD", "cik": "0000872589", "fillingDate": "2025-04-29", "acceptedDate": "2025-04-29 06:51:48", "calendarYear": "2025", "period": "Q1", "revenue": 3028700000, "costOfRevenue": 591200000, "grossProfit": 2437500000, "grossProfitRatio": 0.8048007396, "researchAndDevelopmentExpenses": 1200500000, "generalAndAdministrativeExpenses": 0, "sellingAndMarketingExpenses": 0, "sellingGeneralAndAdministrativeExpenses": 633000000, "otherExpenses": 0, "operatingExpenses": 1833500000, "costAndExpenses": 2424700000, "interestIncome": 173500000, "interestExpense": 8700000, "depreciationAndAmortization": 126900000, "ebitda": 1040600000, "ebitdaratio": 0.3435797537, "operatingIncome": 604000000, "operatingIncomeRatio": 0.1994254961, "totalOtherIncomeExpensesNet": 301000000, "incomeBeforeTax": 905000000, "incomeBeforeTaxRatio": 0.2988080695, "incomeTaxExpense": 96300000, "netIncome": 808700000, "netIncomeRatio": 0.2670122495, "eps": 7.58, "epsdiluted": 7.27, "weightedAverageShsOut": 106700000, "weightedAverageShsOutDil": 111200000, "link": "https://www.sec.gov/Archives/edgar/data/872589/000180422025000022/0001804220-25-000022-index.htm", "finalLink": "https://www.sec.gov/Archives/edgar/data/872589/000180422025000022/regn-20250331.htm"}, {"date": "2024-12-31", "symbol": "REGN", "reportedCurrency": "USD", "cik": "0000872589", "fillingDate": "2025-02-05", "acceptedDate": "2025-02-05 09:18:14", "calendarYear": "2024", "period": "Q4", "revenue": 3789200000, "costOfRevenue": 691500000, "grossProfit": 3097700000, "grossProfitRatio": 0.8175076533, "researchAndDevelopmentExpenses": 1271900000, "generalAndAdministrativeExpenses": 0, "sellingAndMarketingExpenses": 0, "sellingGeneralAndAdministrativeExpenses": 783700000, "otherExpenses": 15500000, "operatingExpenses": 2071100000, "costAndExpenses": 2762600000, "interestIncome": 183100000, "interestExpense": 10500000, "depreciationAndAmortization": 126400000, "ebitda": 1095000000, "ebitdaratio": 0.2889792041, "operatingIncome": 1026599999, "operatingIncomeRatio": 0.2709279001, "totalOtherIncomeExpensesNet": -68499999, "incomeBeforeTax": 958100000, "incomeBeforeTaxRatio": 0.2528502058, "incomeTaxExpense": 40400000, "netIncome": 917700000, "netIncomeRatio": 0.2421883247, "eps": 8.53, "epsdiluted": 8.06, "weightedAverageShsOut": 107900000, "weightedAverageShsOutDil": 113800000, "link": "https://www.sec.gov/Archives/edgar/data/872589/000180422025000011/0001804220-25-000011-index.htm", "finalLink": "https://www.sec.gov/Archives/edgar/data/872589/000180422025000011/regn-20241231.htm"}, {"date": "2024-09-30", "symbol": "REGN", "reportedCurrency": "USD", "cik": "0000872589", "fillingDate": "2024-10-31", "acceptedDate": "2024-10-31 07:16:48", "calendarYear": "2024", "period": "Q3", "revenue": 3720700000, "costOfRevenue": 612800000, "grossProfit": 3107900000, "grossProfitRatio": 0.8352998092, "researchAndDevelopmentExpenses": 1149800000, "generalAndAdministrativeExpenses": 0, "sellingAndMarketingExpenses": 0, "sellingGeneralAndAdministrativeExpenses": 714400000, "otherExpenses": 8000000, "operatingExpenses": 1872200000, "costAndExpenses": 2485000000, "interestIncome": 187400000, "interestExpense": 13800000, "depreciationAndAmortization": 121700000, "ebitda": 1628500000, "ebitdaratio": 0.4376864568, "operatingIncome": 1235700000, "operatingIncomeRatio": 0.3321149246, "totalOtherIncomeExpensesNet": 257300000, "incomeBeforeTax": 1493000000, "incomeBeforeTaxRatio": 0.4012685785, "incomeTaxExpense": 152400000, "netIncome": 1340600000, "netIncomeRatio": 0.3603085441, "eps": 12.4, "epsdiluted": 11.54, "weightedAverageShsOut": 108100000, "weightedAverageShsOutDil": 116200000, "link": "https://www.sec.gov/Archives/edgar/data/872589/000180422024000040/0001804220-24-000040-index.htm", "finalLink": "https://www.sec.gov/Archives/edgar/data/872589/000180422024000040/regn-20240930.htm"}, {"date": "2024-06-30", "symbol": "REGN", "reportedCurrency": "USD", "cik": "0000872589", "fillingDate": "2024-08-01", "acceptedDate": "2024-08-01 07:15:21", "calendarYear": "2024", "period": "Q2", "revenue": 3547100000, "costOfRevenue": 600900000, "grossProfit": 2946200000, "grossProfitRatio": 0.8305940064, "researchAndDevelopmentExpenses": 1079300000, "generalAndAdministrativeExpenses": 0, "sellingAndMarketingExpenses": 0, "sellingGeneralAndAdministrativeExpenses": 758800000, "otherExpenses": 14600000, "operatingExpenses": 1852700000, "costAndExpenses": 2453600000, "interestIncome": 179400000, "interestExpense": 14800000, "depreciationAndAmortization": 120700000, "ebitda": 1763600000, "ebitdaratio": 0.4971948916, "operatingIncome": 1093500000, "operatingIncomeRatio": 0.3082800034, "totalOtherIncomeExpensesNet": 534600000, "incomeBeforeTax": 1628100000, "incomeBeforeTaxRatio": 0.4589946717, "incomeTaxExpense": 195800000, "netIncome": 1432300000, "netIncomeRatio": 0.4037946492, "eps": 13.25, "epsdiluted": 12.41, "weightedAverageShsOut": 108100000, "weightedAverageShsOutDil": 115400000, "link": "https://www.sec.gov/Archives/edgar/data/872589/000180422024000028/0001804220-24-000028-index.htm", "finalLink": "https://www.sec.gov/Archives/edgar/data/872589/000180422024000028/regn-20240630.htm"}, {"date": "2024-03-31", "symbol": "REGN", "reportedCurrency": "USD", "cik": "0000872589", "fillingDate": "2024-05-02", "acceptedDate": "2024-05-02 07:13:11", "calendarYear": "2024", "period": "Q1", "revenue": 3145000000, "costOfRevenue": 547900000, "grossProfit": 2597100000, "grossProfitRatio": 0.8257869634, "researchAndDevelopmentExpenses": 1134300000, "generalAndAdministrativeExpenses": 0, "sellingAndMarketingExpenses": 0, "sellingGeneralAndAdministrativeExpenses": 689000000, "otherExpenses": 15300000, "operatingExpenses": 1838600000, "costAndExpenses": 2386500000, "interestIncome": 161500000, "interestExpense": 16100000, "depreciationAndAmortization": 114100000, "ebitda": 830900000, "ebitdaratio": 0.2641971383, "operatingIncome": 758500000, "operatingIncomeRatio": 0.2411764706, "totalOtherIncomeExpensesNet": -57800000, "incomeBeforeTax": 700700000, "incomeBeforeTaxRatio": 0.2227980922, "incomeTaxExpense": -21300000, "netIncome": 722000000, "netIncomeRatio": 0.2295707472, "eps": 6.7, "epsdiluted": 6.27, "weightedAverageShsOut": 107800000, "weightedAverageShsOutDil": 115100000, "link": "https://www.sec.gov/Archives/edgar/data/872589/000180422024000017/0001804220-24-000017-index.htm", "finalLink": "https://www.sec.gov/Archives/edgar/data/872589/000180422024000017/regn-20240331.htm"}, {"date": "2023-12-31", "symbol": "REGN", "reportedCurrency": "USD", "cik": "0000872589", "fillingDate": "2024-02-05", "acceptedDate": "2024-02-05 09:16:15", "calendarYear": "2023", "period": "Q4", "revenue": 3434300000, "costOfRevenue": 629100000, "grossProfit": 2805200000, "grossProfitRatio": 0.8168185656, "researchAndDevelopmentExpenses": 1050599999, "generalAndAdministrativeExpenses": 0, "sellingAndMarketingExpenses": 0, "sellingGeneralAndAdministrativeExpenses": 704400000, "otherExpenses": -499999, "operatingExpenses": 1754500000, "costAndExpenses": 2383600000, "interestIncome": 148700000, "interestExpense": 18300000, "depreciationAndAmortization": 113000000, "ebitda": 1278900000, "ebitdaratio": 0.3723902979, "operatingIncome": 1050700000, "operatingIncomeRatio": 0.3059429869, "totalOtherIncomeExpensesNet": 96900000, "incomeBeforeTax": 1147600000, "incomeBeforeTaxRatio": 0.3341583438, "incomeTaxExpense": -12000000, "netIncome": 1159600000, "netIncomeRatio": 0.3376525056, "eps": 10.88, "epsdiluted": 10.19, "weightedAverageShsOut": 106600000, "weightedAverageShsOutDil": 113800000, "link": "https://www.sec.gov/Archives/edgar/data/872589/000180422024000009/0001804220-24-000009-index.htm", "finalLink": "https://www.sec.gov/Archives/edgar/data/872589/000180422024000009/regn-20231231.htm"}, {"date": "2023-09-30", "symbol": "REGN", "reportedCurrency": "USD", "cik": "0000872589", "fillingDate": "2023-11-02", "acceptedDate": "2023-11-02 07:22:07", "calendarYear": "2023", "period": "Q3", "revenue": 3362700000, "costOfRevenue": 541800000, "grossProfit": 2820900000, "grossProfitRatio": 0.8388794719, "researchAndDevelopmentExpenses": 969900000, "generalAndAdministrativeExpenses": 0, "sellingAndMarketingExpenses": 0, "sellingGeneralAndAdministrativeExpenses": 640500000, "otherExpenses": -500000, "operatingExpenses": 1609900000, "costAndExpenses": 2151700000, "interestIncome": 133699999, "interestExpense": 17800000, "depreciationAndAmortization": 105400000, "ebitda": 1234000000, "ebitdaratio": 0.3669670205, "operatingIncome": 1211000000, "operatingIncomeRatio": 0.3601272787, "totalOtherIncomeExpensesNet": -100200000, "incomeBeforeTax": 1110800000, "incomeBeforeTaxRatio": 0.3303297945, "incomeTaxExpense": 103000000, "netIncome": 1007800000, "netIncomeRatio": 0.2996996461, "eps": 9.48, "epsdiluted": 8.89, "weightedAverageShsOut": 106300000, "weightedAverageShsOutDil": 113400000, "link": "https://www.sec.gov/Archives/edgar/data/872589/000180422023000031/0001804220-23-000031-index.htm", "finalLink": "https://www.sec.gov/Archives/edgar/data/872589/000180422023000031/regn-20230930.htm"}, {"date": "2023-06-30", "symbol": "REGN", "reportedCurrency": "USD", "cik": "0000872589", "fillingDate": "2023-08-03", "acceptedDate": "2023-08-03 06:56:05", "calendarYear": "2023", "period": "Q2", "revenue": 3158100000, "costOfRevenue": 508000000, "grossProfit": 2650100000, "grossProfitRatio": 0.839143789, "researchAndDevelopmentExpenses": 982200000, "generalAndAdministrativeExpenses": 0, "sellingAndMarketingExpenses": 0, "sellingGeneralAndAdministrativeExpenses": 652000000, "otherExpenses": -600000, "operatingExpenses": 1633600000, "costAndExpenses": 2141600000, "interestIncome": 118300000, "interestExpense": 18900000, "depreciationAndAmortization": 103100000, "ebitda": 1204900000, "ebitdaratio": 0.3815268674, "operatingIncome": 1016500000, "operatingIncomeRatio": 0.3218707451, "totalOtherIncomeExpensesNet": 66400000, "incomeBeforeTax": 1082900000, "incomeBeforeTaxRatio": 0.3428960451, "incomeTaxExpense": 114500000, "netIncome": 968400000, "netIncomeRatio": 0.3066400684, "eps": 9.05, "epsdiluted": 8.5, "weightedAverageShsOut": 107000000, "weightedAverageShsOutDil": 113900000, "link": "https://www.sec.gov/Archives/edgar/data/872589/000180422023000023/0001804220-23-000023-index.htm", "finalLink": "https://www.sec.gov/Archives/edgar/data/872589/000180422023000023/regn-20230630.htm"}, {"date": "2023-03-31", "symbol": "REGN", "reportedCurrency": "USD", "cik": "0000872589", "fillingDate": "2023-05-04", "acceptedDate": "2023-05-04 07:14:54", "calendarYear": "2023", "period": "Q1", "revenue": 3162100000, "costOfRevenue": 557000000, "grossProfit": 2605100000, "grossProfitRatio": 0.8238512381, "researchAndDevelopmentExpenses": 1001700000, "generalAndAdministrativeExpenses": 0, "sellingAndMarketingExpenses": 0, "sellingGeneralAndAdministrativeExpenses": 601100000, "otherExpenses": -500000, "operatingExpenses": 1602300000, "costAndExpenses": 2159300000, "interestIncome": 0, "interestExpense": 18000000, "depreciationAndAmortization": 99500000, "ebitda": 975500000, "ebitdaratio": 0.3084975175, "operatingIncome": 1002800000, "operatingIncomeRatio": 0.3171310205, "totalOtherIncomeExpensesNet": -144800000, "incomeBeforeTax": 858000000, "incomeBeforeTaxRatio": 0.2713386673, "incomeTaxExpense": 40200000, "netIncome": 817800000, "netIncomeRatio": 0.2586255969, "eps": 7.64, "epsdiluted": 7.17, "weightedAverageShsOut": 107100000, "weightedAverageShsOutDil": 114000000, "link": "https://www.sec.gov/Archives/edgar/data/872589/000180422023000016/0001804220-23-000016-index.htm", "finalLink": "https://www.sec.gov/Archives/edgar/data/872589/000180422023000016/regn-20230331.htm"}, {"date": "2022-12-31", "symbol": "REGN", "reportedCurrency": "USD", "cik": "0000872589", "fillingDate": "2023-02-06", "acceptedDate": "2023-02-06 09:23:24", "calendarYear": "2022", "period": "Q4", "revenue": 3414400000, "costOfRevenue": 507000000, "grossProfit": 2907400000, "grossProfitRatio": 0.8515112465, "researchAndDevelopmentExpenses": 941600000, "generalAndAdministrativeExpenses": 0, "sellingAndMarketingExpenses": 0, "sellingGeneralAndAdministrativeExpenses": 657000000, "otherExpenses": -6600000, "operatingExpenses": 1592000000, "costAndExpenses": 2099000000, "interestIncome": 0, "interestExpense": 17400000, "depreciationAndAmortization": 100100000, "ebitda": 1442200000, "ebitdaratio": 0.4223875351, "operatingIncome": 1315400000, "operatingIncomeRatio": 0.3852507029, "totalOtherIncomeExpensesNet": 9300000, "incomeBeforeTax": 1324700000, "incomeBeforeTaxRatio": 0.3879744611, "incomeTaxExpense": 127600000, "netIncome": 1197100000, "netIncomeRatio": 0.3506033271, "eps": 11.19, "epsdiluted": 10.5, "weightedAverageShsOut": 107000000, "weightedAverageShsOutDil": 114000000, "link": "https://www.sec.gov/Archives/edgar/data/872589/000180422023000008/0001804220-23-000008-index.htm", "finalLink": "https://www.sec.gov/Archives/edgar/data/872589/000180422023000008/regn-20221231.htm"}, {"date": "2022-09-30", "symbol": "REGN", "reportedCurrency": "USD", "cik": "0000872589", "fillingDate": "2022-11-03", "acceptedDate": "2022-11-03 07:25:44", "calendarYear": "2022", "period": "Q3", "revenue": 2936200000, "costOfRevenue": 410400000, "grossProfit": 2525800000, "grossProfitRatio": 0.8602275049, "researchAndDevelopmentExpenses": 818700000, "generalAndAdministrativeExpenses": 0, "sellingAndMarketingExpenses": 0, "sellingGeneralAndAdministrativeExpenses": 529100000, "otherExpenses": -45700000, "operatingExpenses": 1302100000, "costAndExpenses": 1712500000, "interestIncome": 0, "interestExpense": 15300000, "depreciationAndAmortization": 92600000, "ebitda": 1617700000, "ebitdaratio": 0.5509502078, "operatingIncome": 1223700000, "operatingIncomeRatio": 0.4167631633, "totalOtherIncomeExpensesNet": 286100000, "incomeBeforeTax": 1509800000, "incomeBeforeTaxRatio": 0.5142020298, "incomeTaxExpense": 194100000, "netIncome": 1315700000, "netIncomeRatio": 0.4480961787, "eps": 11.66, "epsdiluted": 11.66, "weightedAverageShsOut": 112800000, "weightedAverageShsOutDil": 112800000, "link": "https://www.sec.gov/Archives/edgar/data/872589/000180422022000031/0001804220-22-000031-index.htm", "finalLink": "https://www.sec.gov/Archives/edgar/data/872589/000180422022000031/regn-20220930.htm"}, {"date": "2022-06-30", "symbol": "REGN", "reportedCurrency": "USD", "cik": "0000872589", "fillingDate": "2022-08-03", "acceptedDate": "2022-08-03 07:21:05", "calendarYear": "2022", "period": "Q2", "revenue": 2857200000, "costOfRevenue": 371500000, "grossProfit": 2485700000, "grossProfitRatio": 0.8699776004, "researchAndDevelopmentExpenses": 719900000, "generalAndAdministrativeExpenses": 0, "sellingAndMarketingExpenses": 0, "sellingGeneralAndAdministrativeExpenses": 476300000, "otherExpenses": -17400000, "operatingExpenses": 1178800000, "costAndExpenses": 1550300000, "interestIncome": 0, "interestExpense": 13100000, "depreciationAndAmortization": 74400000, "ebitda": 1050700000, "ebitdaratio": 0.3677376452, "operatingIncome": 1306900000, "operatingIncomeRatio": 0.4574058519, "totalOtherIncomeExpensesNet": -343700000, "incomeBeforeTax": 963200000, "incomeBeforeTaxRatio": 0.3371132577, "incomeTaxExpense": 111100000, "netIncome": 852100000, "netIncomeRatio": 0.2982290354, "eps": 7.47, "epsdiluted": 7.47, "weightedAverageShsOut": 114000000, "weightedAverageShsOutDil": 114000000, "link": "https://www.sec.gov/Archives/edgar/data/872589/000180422022000023/0001804220-22-000023-index.htm", "finalLink": "https://www.sec.gov/Archives/edgar/data/872589/000180422022000023/regn-20220630.htm"}, {"date": "2022-03-31", "symbol": "REGN", "reportedCurrency": "USD", "cik": "0000872589", "fillingDate": "2022-05-04", "acceptedDate": "2022-05-04 07:17:25", "calendarYear": "2022", "period": "Q1", "revenue": 2965100000, "costOfRevenue": 479200000, "grossProfit": 2485900000, "grossProfitRatio": 0.8383865637, "researchAndDevelopmentExpenses": 769500000, "generalAndAdministrativeExpenses": 0, "sellingAndMarketingExpenses": 0, "sellingGeneralAndAdministrativeExpenses": 450000000, "otherExpenses": -20200000, "operatingExpenses": 1199300000, "costAndExpenses": 1678500000, "interestIncome": 0, "interestExpense": 13600000, "depreciationAndAmortization": 74300000, "ebitda": 1149000000, "ebitdaratio": 0.3875080098, "operatingIncome": 1286600000, "operatingIncomeRatio": 0.4339145391, "totalOtherIncomeExpensesNet": -225500000, "incomeBeforeTax": 1061100000, "incomeBeforeTaxRatio": 0.3578631412, "incomeTaxExpense": 87600000, "netIncome": 973500000, "netIncomeRatio": 0.3283194496, "eps": 8.61, "epsdiluted": 8.61, "weightedAverageShsOut": 113066202, "weightedAverageShsOutDil": 113100000, "link": "https://www.sec.gov/Archives/edgar/data/872589/000180422022000015/0001804220-22-000015-index.htm", "finalLink": "https://www.sec.gov/Archives/edgar/data/872589/000180422022000015/regn-20220331.htm"}, {"date": "2021-12-31", "symbol": "REGN", "reportedCurrency": "USD", "cik": "0000872589", "fillingDate": "2022-02-07", "acceptedDate": "2022-02-07 09:25:49", "calendarYear": "2021", "period": "Q4", "revenue": 4951700000, "costOfRevenue": 1057099999, "grossProfit": 3894600000, "grossProfitRatio": 0.7865177616, "researchAndDevelopmentExpenses": 711100000, "generalAndAdministrativeExpenses": 0, "sellingAndMarketingExpenses": 0, "sellingGeneralAndAdministrativeExpenses": 559600000, "otherExpenses": -15800000, "operatingExpenses": 1254900000, "costAndExpenses": 2312000000, "interestIncome": 0, "interestExpense": 14100000, "depreciationAndAmortization": 74500000, "ebitda": 2592000000, "ebitdaratio": 0.5234565907, "operatingIncome": 2639700000, "operatingIncomeRatio": 0.533089646, "totalOtherIncomeExpensesNet": -136300000, "incomeBeforeTax": 2503400000, "incomeBeforeTaxRatio": 0.5055637458, "incomeTaxExpense": 274400000, "netIncome": 2229000000, "netIncomeRatio": 0.4501484339, "eps": 20.9887, "epsdiluted": 19.69, "weightedAverageShsOut": 106200000, "weightedAverageShsOutDil": 113200000, "link": "https://www.sec.gov/Archives/edgar/data/872589/000180422022000007/0001804220-22-000007-index.htm", "finalLink": "https://www.sec.gov/Archives/edgar/data/872589/000180422022000007/regn-20211231.htm"}, {"date": "2021-09-30", "symbol": "REGN", "reportedCurrency": "USD", "cik": "0000872589", "fillingDate": "2021-11-04", "acceptedDate": "2021-11-04 07:19:48", "calendarYear": "2021", "period": "Q3", "revenue": 3452800000, "costOfRevenue": 526400000, "grossProfit": 2926400000, "grossProfitRatio": 0.8475440222, "researchAndDevelopmentExpenses": 592200000, "generalAndAdministrativeExpenses": 0, "sellingAndMarketingExpenses": 0, "sellingGeneralAndAdministrativeExpenses": 445000000, "otherExpenses": 42000000, "operatingExpenses": 1079200000, "costAndExpenses": 1605600000, "interestIncome": 0, "interestExpense": 14200000, "depreciationAndAmortization": 73200000, "ebitda": 1904000000, "ebitdaratio": 0.5514365153, "operatingIncome": 1847200000, "operatingIncomeRatio": 0.5349860982, "totalOtherIncomeExpensesNet": -30600000, "incomeBeforeTax": 1816600000, "incomeBeforeTaxRatio": 0.5261237257, "incomeTaxExpense": 184400000, "netIncome": 1632200000, "netIncomeRatio": 0.4727177943, "eps": 15.3691, "epsdiluted": 14.33, "weightedAverageShsOut": 106200000, "weightedAverageShsOutDil": 113900907, "link": "https://www.sec.gov/Archives/edgar/data/872589/000180422021000033/0001804220-21-000033-index.htm", "finalLink": "https://www.sec.gov/Archives/edgar/data/872589/000180422021000033/regn-20210930.htm"}, {"date": "2021-06-30", "symbol": "REGN", "reportedCurrency": "USD", "cik": "0000872589", "fillingDate": "2021-08-05", "acceptedDate": "2021-08-05 07:11:05", "calendarYear": "2021", "period": "Q2", "revenue": 5138500000, "costOfRevenue": 764800000, "grossProfit": 4373700000, "grossProfitRatio": 0.8511627907, "researchAndDevelopmentExpenses": 643100000, "generalAndAdministrativeExpenses": 0, "sellingAndMarketingExpenses": 0, "sellingGeneralAndAdministrativeExpenses": 414700000, "otherExpenses": -31300000, "operatingExpenses": 1026500000, "costAndExpenses": 1791300000, "interestIncome": 0, "interestExpense": 14400000, "depreciationAndAmortization": 71100000, "ebitda": 3838300000, "ebitdaratio": 0.7469689598, "operatingIncome": 3347200000, "operatingIncomeRatio": 0.6513963219, "totalOtherIncomeExpensesNet": 405600000, "incomeBeforeTax": 3752800000, "incomeBeforeTaxRatio": 0.7303298628, "incomeTaxExpense": 653900000, "netIncome": 3098900000, "netIncomeRatio": 0.6030748273, "eps": 29.5133, "epsdiluted": 27.97, "weightedAverageShsOut": 105000000, "weightedAverageShsOutDil": 110800000, "link": "https://www.sec.gov/Archives/edgar/data/872589/000180422021000025/0001804220-21-000025-index.htm", "finalLink": "https://www.sec.gov/Archives/edgar/data/872589/000180422021000025/regn-20210630.htm"}, {"date": "2021-03-31", "symbol": "REGN", "reportedCurrency": "USD", "cik": "0000872589", "fillingDate": "2021-05-06", "acceptedDate": "2021-05-06 07:21:52", "calendarYear": "2021", "period": "Q1", "revenue": 2528700000, "costOfRevenue": 375400000, "grossProfit": 2153300000, "grossProfitRatio": 0.8515442718, "researchAndDevelopmentExpenses": 675500000, "generalAndAdministrativeExpenses": 0, "sellingAndMarketingExpenses": 0, "sellingGeneralAndAdministrativeExpenses": 405600000, "otherExpenses": -40500000, "operatingExpenses": 1040599999, "costAndExpenses": 1416000000, "interestIncome": 0, "interestExpense": 14600000, "depreciationAndAmortization": 67400000, "ebitda": 1335000000, "ebitdaratio": 0.5279392573, "operatingIncome": 1112700000, "operatingIncomeRatio": 0.4400284731, "totalOtherIncomeExpensesNet": 140300000, "incomeBeforeTax": 1253000000, "incomeBeforeTaxRatio": 0.4955115277, "incomeTaxExpense": 137800000, "netIncome": 1115200000, "netIncomeRatio": 0.4410171234, "eps": 10.58, "epsdiluted": 10.09, "weightedAverageShsOut": 110500000, "weightedAverageShsOutDil": 110525272, "link": "https://www.sec.gov/Archives/edgar/data/872589/000180422021000017/0001804220-21-000017-index.htm", "finalLink": "https://www.sec.gov/Archives/edgar/data/872589/000180422021000017/regn-20210331.htm"}, {"date": "2020-12-31", "symbol": "REGN", "reportedCurrency": "USD", "cik": "0000872589", "fillingDate": "2021-02-08", "acceptedDate": "2021-02-08 09:13:00", "calendarYear": "2020", "period": "Q4", "revenue": 2422900000, "costOfRevenue": 414800000, "grossProfit": 2008100000, "grossProfitRatio": 0.8288001981, "researchAndDevelopmentExpenses": 682800000, "generalAndAdministrativeExpenses": 0, "sellingAndMarketingExpenses": 0, "sellingGeneralAndAdministrativeExpenses": 303500000, "otherExpenses": -145200000, "operatingExpenses": 841100000, "costAndExpenses": 1255900000, "interestIncome": 0, "interestExpense": 14800000, "depreciationAndAmortization": 61700000, "ebitda": 1301100000, "ebitdaratio": 0.5370011144, "operatingIncome": 1167000000, "operatingIncomeRatio": 0.481654216, "totalOtherIncomeExpensesNet": 57600000, "incomeBeforeTax": 1224600000, "incomeBeforeTaxRatio": 0.5054273804, "incomeTaxExpense": 75400000, "netIncome": 1149200000, "netIncomeRatio": 0.4743076479, "eps": 10.9032, "epsdiluted": 10.24, "weightedAverageShsOut": 105400000, "weightedAverageShsOutDil": 112214069, "link": "https://www.sec.gov/Archives/edgar/data/872589/000180422021000008/0001804220-21-000008-index.htm", "finalLink": "https://www.sec.gov/Archives/edgar/data/872589/000180422021000008/regn-20201231.htm"}, {"date": "2020-09-30", "symbol": "REGN", "reportedCurrency": "USD", "cik": "0000872589", "fillingDate": "2020-11-05", "acceptedDate": "2020-11-05 07:48:26", "calendarYear": "2020", "period": "Q3", "revenue": 2294000000, "costOfRevenue": 333300000, "grossProfit": 1960700000, "grossProfitRatio": 0.8547079337, "researchAndDevelopmentExpenses": 625300000, "generalAndAdministrativeExpenses": 0, "sellingAndMarketingExpenses": 0, "sellingGeneralAndAdministrativeExpenses": 326900000, "otherExpenses": -44600000, "operatingExpenses": 907600000, "costAndExpenses": 1240900000, "interestIncome": 0, "interestExpense": 26300000, "depreciationAndAmortization": 59300000, "ebitda": 1083900000, "ebitdaratio": 0.4724934612, "operatingIncome": 1053099999, "operatingIncomeRatio": 0.4590671312, "totalOtherIncomeExpensesNet": -54799999, "incomeBeforeTax": 998300000, "incomeBeforeTaxRatio": 0.4351787271, "incomeTaxExpense": 156200000, "netIncome": 842100000, "netIncomeRatio": 0.3670880558, "eps": 7.982, "epsdiluted": 7.39, "weightedAverageShsOut": 105500000, "weightedAverageShsOutDil": 113951285, "link": "https://www.sec.gov/Archives/edgar/data/872589/000180422020000030/0001804220-20-000030-index.htm", "finalLink": "https://www.sec.gov/Archives/edgar/data/872589/000180422020000030/regn-20200930.htm"}, {"date": "2020-06-30", "symbol": "REGN", "reportedCurrency": "USD", "cik": "0000872589", "fillingDate": "2020-08-05", "acceptedDate": "2020-08-05 07:36:56", "calendarYear": "2020", "period": "Q2", "revenue": 1952000000, "costOfRevenue": 334300000, "grossProfit": 1617700000, "grossProfitRatio": 0.8287397541, "researchAndDevelopmentExpenses": 663200000, "generalAndAdministrativeExpenses": 0, "sellingAndMarketingExpenses": 0, "sellingGeneralAndAdministrativeExpenses": 348300000, "otherExpenses": -50200000, "operatingExpenses": 961300000, "costAndExpenses": 1295600000, "interestIncome": 0, "interestExpense": 9700000, "depreciationAndAmortization": 58800000, "ebitda": 987400000, "ebitdaratio": 0.5058401639, "operatingIncome": 656400000, "operatingIncomeRatio": 0.3362704918, "totalOtherIncomeExpensesNet": 262500000, "incomeBeforeTax": 918900000, "incomeBeforeTaxRatio": 0.4707479508, "incomeTaxExpense": 21600000, "netIncome": 897300000, "netIncomeRatio": 0.459682377, "eps": 8.187, "epsdiluted": 7.61, "weightedAverageShsOut": 109600000, "weightedAverageShsOutDil": 117910643, "link": "https://www.sec.gov/Archives/edgar/data/872589/000180422020000022/0001804220-20-000022-index.htm", "finalLink": "https://www.sec.gov/Archives/edgar/data/872589/000180422020000022/regn-20200630.htm"}, {"date": "2020-03-31", "symbol": "REGN", "reportedCurrency": "USD", "cik": "0000872589", "fillingDate": "2020-05-05", "acceptedDate": "2020-05-05 07:51:29", "calendarYear": "2020", "period": "Q1", "revenue": 1828200000, "costOfRevenue": 273400000, "grossProfit": 1554800000, "grossProfitRatio": 0.8504539985, "researchAndDevelopmentExpenses": 527799999, "generalAndAdministrativeExpenses": 0, "sellingAndMarketingExpenses": 0, "sellingGeneralAndAdministrativeExpenses": 367300000, "otherExpenses": -40399999, "operatingExpenses": 854700000, "costAndExpenses": 1128100000, "interestIncome": 0, "interestExpense": 6100000, "depreciationAndAmortization": 56100000, "ebitda": 730800000, "ebitdaratio": 0.3997374467, "operatingIncome": 700100000, "operatingIncomeRatio": 0.3829449732, "totalOtherIncomeExpensesNet": -31500000, "incomeBeforeTax": 668600000, "incomeBeforeTaxRatio": 0.3657149108, "incomeTaxExpense": 44000000, "netIncome": 624600000, "netIncomeRatio": 0.3416475222, "eps": 5.69, "epsdiluted": 5.43, "weightedAverageShsOut": 115027624, "weightedAverageShsOutDil": 115100000, "link": "https://www.sec.gov/Archives/edgar/data/872589/000180422020000011/0001804220-20-000011-index.htm", "finalLink": "https://www.sec.gov/Archives/edgar/data/872589/000180422020000011/regn-033120x10q.htm"}, {"date": "2019-12-31", "symbol": "REGN", "reportedCurrency": "USD", "cik": "0000872589", "fillingDate": "2020-02-07", "acceptedDate": "2020-02-07 09:04:34", "calendarYear": "2019", "period": "Q4", "revenue": 1863500000, "costOfRevenue": 276000000, "grossProfit": 1587500000, "grossProfitRatio": 0.8518916018, "researchAndDevelopmentExpenses": 683100000, "generalAndAdministrativeExpenses": 0, "sellingAndMarketingExpenses": 0, "sellingGeneralAndAdministrativeExpenses": 586800000, "otherExpenses": -358100000, "operatingExpenses": 911800000, "costAndExpenses": 1187800000, "interestIncome": 0, "interestExpense": 6700000, "depreciationAndAmortization": 54300000, "ebitda": 950800000, "ebitdaratio": 0.5102226992, "operatingIncome": 675700000, "operatingIncomeRatio": 0.3625972632, "totalOtherIncomeExpensesNet": 214100000, "incomeBeforeTax": 889800000, "incomeBeforeTaxRatio": 0.4774885967, "incomeTaxExpense": 97800000, "netIncome": 792000000, "netIncomeRatio": 0.4250067078, "eps": 7.25, "epsdiluted": 6.93, "weightedAverageShsOut": 114300000, "weightedAverageShsOutDil": 114317617, "link": "https://www.sec.gov/Archives/edgar/data/872589/000153217620000008/0001532176-20-000008-index.htm", "finalLink": "https://www.sec.gov/Archives/edgar/data/872589/000153217620000008/regn-123119x10k.htm"}, {"date": "2019-09-30", "symbol": "REGN", "reportedCurrency": "USD", "cik": "0000872589", "fillingDate": "2019-11-05", "acceptedDate": "2019-11-05 07:47:53", "calendarYear": "2019", "period": "Q3", "revenue": 1743700000, "costOfRevenue": 278400000, "grossProfit": 1465300000, "grossProfitRatio": 0.8403395079, "researchAndDevelopmentExpenses": 473100000, "generalAndAdministrativeExpenses": 0, "sellingAndMarketingExpenses": 0, "sellingGeneralAndAdministrativeExpenses": 304400000, "otherExpenses": -50700000, "operatingExpenses": 726800000, "costAndExpenses": 1005200000, "interestIncome": 0, "interestExpense": 7800000, "depreciationAndAmortization": 52900000, "ebitda": 829200000, "ebitdaratio": 0.4755405173, "operatingIncome": 738500000, "operatingIncomeRatio": 0.4235246889, "totalOtherIncomeExpensesNet": 30000000, "incomeBeforeTax": 768500000, "incomeBeforeTaxRatio": 0.4407294833, "incomeTaxExpense": 98900000, "netIncome": 669600000, "netIncomeRatio": 0.3840110111, "eps": 6.12, "epsdiluted": 5.86, "weightedAverageShsOut": 114200000, "weightedAverageShsOutDil": 114266211, "link": "https://www.sec.gov/Archives/edgar/data/872589/000153217619000034/0001532176-19-000034-index.htm", "finalLink": "https://www.sec.gov/Archives/edgar/data/872589/000153217619000034/regn-093019x10q.htm"}, {"date": "2019-06-30", "symbol": "REGN", "reportedCurrency": "USD", "cik": "0000872589", "fillingDate": "2019-08-06", "acceptedDate": "2019-08-06 07:55:20", "calendarYear": "2019", "period": "Q2", "revenue": 1577800000, "costOfRevenue": 197900000, "grossProfit": 1379900000, "grossProfitRatio": 0.8745721891, "researchAndDevelopmentExpenses": 833400000, "generalAndAdministrativeExpenses": 0, "sellingAndMarketingExpenses": 0, "sellingGeneralAndAdministrativeExpenses": 294600000, "otherExpenses": -63700000, "operatingExpenses": 1064300000, "costAndExpenses": 1262200000, "interestIncome": 0, "interestExpense": 8000000, "depreciationAndAmortization": 52100000, "ebitda": 284800000, "ebitdaratio": 0.1805044999, "operatingIncome": 315600000, "operatingIncomeRatio": 0.2000253518, "totalOtherIncomeExpensesNet": -90900000, "incomeBeforeTax": 224700000, "incomeBeforeTaxRatio": 0.1424134871, "incomeTaxExpense": 31600000, "netIncome": 193100000, "netIncomeRatio": 0.1223856002, "eps": 1.77, "epsdiluted": 1.68, "weightedAverageShsOut": 114600000, "weightedAverageShsOutDil": 114940476, "link": "https://www.sec.gov/Archives/edgar/data/872589/000153217619000026/0001532176-19-000026-index.htm", "finalLink": "https://www.sec.gov/Archives/edgar/data/872589/000153217619000026/regn-063019x10q.htm"}, {"date": "2019-03-31", "symbol": "REGN", "reportedCurrency": "USD", "cik": "0000872589", "fillingDate": "2019-05-07", "acceptedDate": "2019-05-07 07:50:15", "calendarYear": "2019", "period": "Q1", "revenue": 1372600000, "costOfRevenue": 223100000, "grossProfit": 1149500000, "grossProfitRatio": 0.8374617514, "researchAndDevelopmentExpenses": 435100000, "generalAndAdministrativeExpenses": 0, "sellingAndMarketingExpenses": 0, "sellingGeneralAndAdministrativeExpenses": 291100000, "otherExpenses": -56700000, "operatingExpenses": 669500000, "costAndExpenses": 892600000, "interestIncome": 0, "interestExpense": 7700000, "depreciationAndAmortization": 51000000, "ebitda": 604800000, "ebitdaratio": 0.440623634, "operatingIncome": 480000000, "operatingIncomeRatio": 0.3497012968, "totalOtherIncomeExpensesNet": 66100000, "incomeBeforeTax": 546100000, "incomeBeforeTaxRatio": 0.3978580796, "incomeTaxExpense": 85000000, "netIncome": 461100000, "netIncomeRatio": 0.3359318082, "eps": 4.23, "epsdiluted": 3.99, "weightedAverageShsOut": 115500000, "weightedAverageShsOutDil": 115563909, "link": "https://www.sec.gov/Archives/edgar/data/872589/000153217619000017/0001532176-19-000017-index.htm", "finalLink": "https://www.sec.gov/Archives/edgar/data/872589/000153217619000017/regn-033119x10q.htm"}, {"date": "2018-12-31", "symbol": "REGN", "reportedCurrency": "USD", "cik": "0000872589", "fillingDate": "2019-02-07", "acceptedDate": "2019-02-07 16:12:36", "calendarYear": "2018", "period": "Q4", "revenue": 1927800000, "costOfRevenue": 159959000, "grossProfit": 1767841000, "grossProfitRatio": 0.9170251063, "researchAndDevelopmentExpenses": 558441000, "generalAndAdministrativeExpenses": 0, "sellingAndMarketingExpenses": 0, "sellingGeneralAndAdministrativeExpenses": 491300000, "otherExpenses": 0, "operatingExpenses": 1049741000, "costAndExpenses": 1209700000, "interestIncome": 0, "interestExpense": 7349000, "depreciationAndAmortization": 42759000, "ebitda": 726308000, "ebitdaratio": 0.3767548501, "operatingIncome": 718100000, "operatingIncomeRatio": 0.372497147, "totalOtherIncomeExpensesNet": -41900000, "incomeBeforeTax": 676200000, "incomeBeforeTaxRatio": 0.3507625272, "incomeTaxExpense": -144200000, "netIncome": 820400000, "netIncomeRatio": 0.4255628177, "eps": 7.58, "epsdiluted": 7.15, "weightedAverageShsOut": 114741258, "weightedAverageShsOutDil": 114800000, "link": "https://www.sec.gov/Archives/edgar/data/872589/000153217619000009/0001532176-19-000009-index.htm", "finalLink": "https://www.sec.gov/Archives/edgar/data/872589/000153217619000009/regn-123118x10k.htm"}, {"date": "2018-09-30", "symbol": "REGN", "reportedCurrency": "USD", "cik": "0000872589", "fillingDate": "2018-11-06", "acceptedDate": "2018-11-06 07:56:51", "calendarYear": "2018", "period": "Q3", "revenue": 1663496000, "costOfRevenue": 145810000, "grossProfit": 1517686000, "grossProfitRatio": 0.9123472494, "researchAndDevelopmentExpenses": 521530999, "generalAndAdministrativeExpenses": 0, "sellingAndMarketingExpenses": 0, "sellingGeneralAndAdministrativeExpenses": 369232000, "otherExpenses": 0, "operatingExpenses": 890763000, "costAndExpenses": 1036573000, "interestIncome": 0, "interestExpense": 7494000, "depreciationAndAmortization": 35441000, "ebitda": 678796000, "ebitdaratio": 0.4080538817, "operatingIncome": 626923000, "operatingIncomeRatio": 0.3768707589, "totalOtherIncomeExpensesNet": 8938000, "incomeBeforeTax": 635861000, "incomeBeforeTaxRatio": 0.3822437806, "incomeTaxExpense": 41206000, "netIncome": 594655000, "netIncomeRatio": 0.3574730567, "eps": 5.51, "epsdiluted": 5.17, "weightedAverageShsOut": 115029013, "weightedAverageShsOutDil": 115100000, "link": "https://www.sec.gov/Archives/edgar/data/872589/000153217618000036/0001532176-18-000036-index.htm", "finalLink": "https://www.sec.gov/Archives/edgar/data/872589/000153217618000036/regn-093018x10q.htm"}, {"date": "2018-06-30", "symbol": "REGN", "reportedCurrency": "USD", "cik": "0000872589", "fillingDate": "2018-08-02", "acceptedDate": "2018-08-02 16:11:08", "calendarYear": "2018", "period": "Q2", "revenue": 1608022000, "costOfRevenue": 125303000, "grossProfit": 1482719000, "grossProfitRatio": 0.9220763149, "researchAndDevelopmentExpenses": 495647000, "generalAndAdministrativeExpenses": 0, "sellingAndMarketingExpenses": 0, "sellingGeneralAndAdministrativeExpenses": 364884000, "otherExpenses": 0, "operatingExpenses": 860531000, "costAndExpenses": 985834000, "interestIncome": 0, "interestExpense": 6918000, "depreciationAndAmortization": 33642000, "ebitda": 696634000, "ebitdaratio": 0.4332241723, "operatingIncome": 622188000, "operatingIncomeRatio": 0.386927542, "totalOtherIncomeExpensesNet": 33886000, "incomeBeforeTax": 656074000, "incomeBeforeTaxRatio": 0.4080006368, "incomeTaxExpense": 104662000, "netIncome": 551412000, "netIncomeRatio": 0.3429132188, "eps": 5.12, "epsdiluted": 4.82, "weightedAverageShsOut": 114398340, "weightedAverageShsOutDil": 114500000, "link": "https://www.sec.gov/Archives/edgar/data/872589/000153217618000028/0001532176-18-000028-index.htm", "finalLink": "https://www.sec.gov/Archives/edgar/data/872589/000153217618000028/regn-063018x10q.htm"}, {"date": "2018-03-31", "symbol": "REGN", "reportedCurrency": "USD", "cik": "0000872589", "fillingDate": "2018-05-03", "acceptedDate": "2018-05-03 16:02:59", "calendarYear": "2018", "period": "Q1", "revenue": 1511485000, "costOfRevenue": 151256000, "grossProfit": 1360229000, "grossProfitRatio": 0.8999288779, "researchAndDevelopmentExpenses": 462228000, "generalAndAdministrativeExpenses": 0, "sellingAndMarketingExpenses": 0, "sellingGeneralAndAdministrativeExpenses": 330770000, "otherExpenses": 0, "operatingExpenses": 792998000, "costAndExpenses": 944254000, "interestIncome": 0, "interestExpense": 6439000, "depreciationAndAmortization": 36358000, "ebitda": 628195000, "ebitdaratio": 0.4156144454, "operatingIncome": 567231000, "operatingIncomeRatio": 0.3752806015, "totalOtherIncomeExpensesNet": 18167000, "incomeBeforeTax": 585398000, "incomeBeforeTaxRatio": 0.387299907, "incomeTaxExpense": 107418000, "netIncome": 477980000, "netIncomeRatio": 0.3162320499, "eps": 4.44, "epsdiluted": 4.16, "weightedAverageShsOut": 114900000, "weightedAverageShsOutDil": 114903846, "link": "https://www.sec.gov/Archives/edgar/data/872589/000153217618000020/0001532176-18-000020-index.htm", "finalLink": "https://www.sec.gov/Archives/edgar/data/872589/000153217618000020/regn-033118x10q.htm"}, {"date": "2017-12-31", "symbol": "REGN", "reportedCurrency": "USD", "cik": "0000872589", "fillingDate": "2018-02-08", "acceptedDate": "2018-02-08 16:22:58", "calendarYear": "2017", "period": "Q4", "revenue": 1582447000, "costOfRevenue": 140247000, "grossProfit": 1442200000, "grossProfitRatio": 0.9113733351, "researchAndDevelopmentExpenses": 493476000, "generalAndAdministrativeExpenses": 0, "sellingAndMarketingExpenses": 0, "sellingGeneralAndAdministrativeExpenses": 409913000, "otherExpenses": 0, "operatingExpenses": 903389000, "costAndExpenses": 1043636000, "interestIncome": 0, "interestExpense": 6035000, "depreciationAndAmortization": 34507000, "ebitda": 595309000, "ebitdaratio": 0.3761952217, "operatingIncome": 538811000, "operatingIncomeRatio": 0.3404922882, "totalOtherIncomeExpensesNet": 15956000, "incomeBeforeTax": 554767000, "incomeBeforeTaxRatio": 0.3505754063, "incomeTaxExpense": 381248000, "netIncome": 173519000, "netIncomeRatio": 0.1096523296, "eps": 1.62, "epsdiluted": 1.49, "weightedAverageShsOut": 115876000, "weightedAverageShsOutDil": 116203514, "link": "https://www.sec.gov/Archives/edgar/data/872589/000153217618000013/0001532176-18-000013-index.htm", "finalLink": "https://www.sec.gov/Archives/edgar/data/872589/000153217618000013/regn-123117x10k.htm"}, {"date": "2017-09-30", "symbol": "REGN", "reportedCurrency": "USD", "cik": "0000872589", "fillingDate": "2017-11-08", "acceptedDate": "2017-11-08 07:54:13", "calendarYear": "2017", "period": "Q3", "revenue": 1500673000, "costOfRevenue": 141951000, "grossProfit": 1358722000, "grossProfitRatio": 0.9054084401, "researchAndDevelopmentExpenses": 492030000, "generalAndAdministrativeExpenses": 0, "sellingAndMarketingExpenses": 0, "sellingGeneralAndAdministrativeExpenses": 306766000, "otherExpenses": 0, "operatingExpenses": 798796000, "costAndExpenses": 940747000, "interestIncome": 0, "interestExpense": 6182000, "depreciationAndAmortization": 37719000, "ebitda": 609506000, "ebitdaratio": 0.4061551051, "operatingIncome": 559926000, "operatingIncomeRatio": 0.373116595, "totalOtherIncomeExpensesNet": 5679000, "incomeBeforeTax": 565605000, "incomeBeforeTaxRatio": 0.3769008971, "incomeTaxExpense": 177288000, "netIncome": 388317000, "netIncomeRatio": 0.2587619022, "eps": 3.64, "epsdiluted": 3.32, "weightedAverageShsOut": 116962951, "weightedAverageShsOutDil": 117028000, "link": "https://www.sec.gov/Archives/edgar/data/872589/000153217617000034/0001532176-17-000034-index.htm", "finalLink": "https://www.sec.gov/Archives/edgar/data/872589/000153217617000034/regn-093017x10q.htm"}, {"date": "2017-06-30", "symbol": "REGN", "reportedCurrency": "USD", "cik": "0000872589", "fillingDate": "2017-08-03", "acceptedDate": "2017-08-03 07:46:53", "calendarYear": "2017", "period": "Q2", "revenue": 1470116000, "costOfRevenue": 138047000, "grossProfit": 1332069000, "grossProfitRatio": 0.9060978862, "researchAndDevelopmentExpenses": 474849000, "generalAndAdministrativeExpenses": 0, "sellingAndMarketingExpenses": 0, "sellingGeneralAndAdministrativeExpenses": 306908000, "otherExpenses": 0, "operatingExpenses": 781757000, "costAndExpenses": 919804000, "interestIncome": 0, "interestExpense": 5401000, "depreciationAndAmortization": 35126000, "ebitda": 566377000, "ebitdaratio": 0.3852600747, "operatingIncome": 550312000, "operatingIncomeRatio": 0.3743323656, "totalOtherIncomeExpensesNet": -24462000, "incomeBeforeTax": 525850000, "incomeBeforeTaxRatio": 0.3576928623, "incomeTaxExpense": 138106000, "netIncome": 387744000, "netIncomeRatio": 0.2637506156, "eps": 3.66, "epsdiluted": 3.34, "weightedAverageShsOut": 116091017, "weightedAverageShsOutDil": 116137000, "link": "https://www.sec.gov/Archives/edgar/data/872589/000153217617000027/0001532176-17-000027-index.htm", "finalLink": "https://www.sec.gov/Archives/edgar/data/872589/000153217617000027/regn-063017x10q.htm"}, {"date": "2017-03-31", "symbol": "REGN", "reportedCurrency": "USD", "cik": "0000872589", "fillingDate": "2017-05-04", "acceptedDate": "2017-05-04 07:43:33", "calendarYear": "2017", "period": "Q1", "revenue": 1318991000, "costOfRevenue": 122283000, "grossProfit": 1196708000, "grossProfitRatio": 0.9072904971, "researchAndDevelopmentExpenses": 469320000, "generalAndAdministrativeExpenses": 0, "sellingAndMarketingExpenses": 0, "sellingGeneralAndAdministrativeExpenses": 296846000, "otherExpenses": 0, "operatingExpenses": 766166000, "costAndExpenses": 888449000, "interestIncome": 0, "interestExpense": 7501000, "depreciationAndAmortization": 38115000, "ebitda": 477905000, "ebitdaratio": 0.3623262024, "operatingIncome": 430542000, "operatingIncomeRatio": 0.3264176935, "totalOtherIncomeExpensesNet": 1747000, "incomeBeforeTax": 432289000, "incomeBeforeTaxRatio": 0.3277421908, "incomeTaxExpense": 183358000, "netIncome": 248931000, "netIncomeRatio": 0.1887283537, "eps": 2.36, "epsdiluted": 2.16, "weightedAverageShsOut": 115106000, "weightedAverageShsOutDil": 115245833, "link": "https://www.sec.gov/Archives/edgar/data/872589/000153217617000017/0001532176-17-000017-index.htm", "finalLink": "https://www.sec.gov/Archives/edgar/data/872589/000153217617000017/regn-033117x10q.htm"}, {"date": "2016-12-31", "symbol": "REGN", "reportedCurrency": "USD", "cik": "0000872589", "fillingDate": "2017-02-09", "acceptedDate": "2017-02-09 16:05:36", "calendarYear": "2016", "period": "Q4", "revenue": 1226827000, "costOfRevenue": 103581000, "grossProfit": 1123246000, "grossProfitRatio": 0.9155700029, "researchAndDevelopmentExpenses": 450306000, "generalAndAdministrativeExpenses": 0, "sellingAndMarketingExpenses": 0, "sellingGeneralAndAdministrativeExpenses": 325937000, "otherExpenses": 0, "operatingExpenses": 776243000, "costAndExpenses": 879824000, "interestIncome": 0, "interestExpense": 3394000, "depreciationAndAmortization": 28900000, "ebitda": 370427000, "ebitdaratio": 0.3019390672, "operatingIncome": 347003000, "operatingIncomeRatio": 0.2828459106, "totalOtherIncomeExpensesNet": -5476000, "incomeBeforeTax": 341527000, "incomeBeforeTaxRatio": 0.2783823636, "incomeTaxExpense": 88412000, "netIncome": 253115000, "netIncomeRatio": 0.2063167831, "eps": 2.41, "epsdiluted": 2.19, "weightedAverageShsOut": 115788000, "weightedAverageShsOutDil": 115788000, "link": "https://www.sec.gov/Archives/edgar/data/872589/000153217617000008/0001532176-17-000008-index.htm", "finalLink": "https://www.sec.gov/Archives/edgar/data/872589/000153217617000008/regn-123116x10k.htm"}, {"date": "2016-09-30", "symbol": "REGN", "reportedCurrency": "USD", "cik": "0000872589", "fillingDate": "2016-11-04", "acceptedDate": "2016-11-04 07:32:27", "calendarYear": "2016", "period": "Q3", "revenue": 1220122000, "costOfRevenue": 72067000, "grossProfit": 1148055000, "grossProfitRatio": 0.9409345951, "researchAndDevelopmentExpenses": 515207999, "generalAndAdministrativeExpenses": 0, "sellingAndMarketingExpenses": 0, "sellingGeneralAndAdministrativeExpenses": 270045000, "otherExpenses": 0, "operatingExpenses": 785253000, "costAndExpenses": 857320000, "interestIncome": 3301000, "interestExpense": 496000, "depreciationAndAmortization": 27839000, "ebitda": 393942000, "ebitdaratio": 0.3228709916, "operatingIncome": 362802000, "operatingIncomeRatio": 0.2973489536, "totalOtherIncomeExpensesNet": 3079000, "incomeBeforeTax": 365881000, "incomeBeforeTaxRatio": 0.2998724718, "incomeTaxExpense": 101077000, "netIncome": 264804000, "netIncomeRatio": 0.2170307559, "eps": 2.53, "epsdiluted": 2.27, "weightedAverageShsOut": 116466000, "weightedAverageShsOutDil": 116653744, "link": "https://www.sec.gov/Archives/edgar/data/872589/000153217616000082/0001532176-16-000082-index.htm", "finalLink": "https://www.sec.gov/Archives/edgar/data/872589/000153217616000082/regn-093016x10q.htm"}, {"date": "2016-06-30", "symbol": "REGN", "reportedCurrency": "USD", "cik": "0000872589", "fillingDate": "2016-08-04", "acceptedDate": "2016-08-04 07:31:35", "calendarYear": "2016", "period": "Q2", "revenue": 1212629000, "costOfRevenue": 69033000, "grossProfit": 1143596000, "grossProfitRatio": 0.9430716237, "researchAndDevelopmentExpenses": 559930000, "generalAndAdministrativeExpenses": 292038000, "sellingAndMarketingExpenses": 0, "sellingGeneralAndAdministrativeExpenses": 292038000, "otherExpenses": 0, "operatingExpenses": 851968000, "costAndExpenses": 921001000, "interestIncome": 0, "interestExpense": 2173000, "depreciationAndAmortization": 25029000, "ebitda": 316657000, "ebitdaratio": 0.26113263, "operatingIncome": 291628000, "operatingIncomeRatio": 0.2404923517, "totalOtherIncomeExpensesNet": 628000, "incomeBeforeTax": 292256000, "incomeBeforeTaxRatio": 0.2410102348, "incomeTaxExpense": 96038000, "netIncome": 196218000, "netIncomeRatio": 0.1618120629, "eps": 1.88, "epsdiluted": 1.69, "weightedAverageShsOut": 116105325, "weightedAverageShsOutDil": 116231000, "link": "https://www.sec.gov/Archives/edgar/data/872589/000153217616000067/0001532176-16-000067-index.htm", "finalLink": "https://www.sec.gov/Archives/edgar/data/872589/000153217616000067/regn-063016x10q.htm"}, {"date": "2016-03-31", "symbol": "REGN", "reportedCurrency": "USD", "cik": "0000872589", "fillingDate": "2016-05-05", "acceptedDate": "2016-05-05 07:35:22", "calendarYear": "2016", "period": "Q1", "revenue": 1200849000, "costOfRevenue": 111752000, "grossProfit": 1089097000, "grossProfitRatio": 0.9069391739, "researchAndDevelopmentExpenses": 470112000, "generalAndAdministrativeExpenses": 289677000, "sellingAndMarketingExpenses": 0, "sellingGeneralAndAdministrativeExpenses": 289677000, "otherExpenses": 0, "operatingExpenses": 759789000, "costAndExpenses": 871541000, "interestIncome": 0, "interestExpense": 1406000, "depreciationAndAmortization": 22977000, "ebitda": 352285000, "ebitdaratio": 0.2933632788, "operatingIncome": 329308000, "operatingIncomeRatio": 0.2742293161, "totalOtherIncomeExpensesNet": 843000, "incomeBeforeTax": 330151000, "incomeBeforeTaxRatio": 0.2749313194, "incomeTaxExpense": 164415000, "netIncome": 165736000, "netIncomeRatio": 0.1380156872, "eps": 1.74, "epsdiluted": 1.59, "weightedAverageShsOut": 114192809, "weightedAverageShsOutDil": 114228000, "link": "https://www.sec.gov/Archives/edgar/data/872589/000153217616000055/0001532176-16-000055-index.htm", "finalLink": "https://www.sec.gov/Archives/edgar/data/872589/000153217616000055/regn-033116x10q.htm"}, {"date": "2015-12-31", "symbol": "REGN", "reportedCurrency": "USD", "cik": "0000872589", "fillingDate": "2016-02-11", "acceptedDate": "2016-02-11 16:45:24", "calendarYear": "2015", "period": "Q4", "revenue": 1098077000, "costOfRevenue": 110831000, "grossProfit": 987246000, "grossProfitRatio": 0.8990680981, "researchAndDevelopmentExpenses": 461210000, "generalAndAdministrativeExpenses": 294954000, "sellingAndMarketingExpenses": 0, "sellingGeneralAndAdministrativeExpenses": 294954000, "otherExpenses": 0, "operatingExpenses": 756164000, "costAndExpenses": 866995000, "interestIncome": 0, "interestExpense": 3609000, "depreciationAndAmortization": 22910000, "ebitda": 253992000, "ebitdaratio": 0.2313061834, "operatingIncome": 231082000, "operatingIncomeRatio": 0.2104424371, "totalOtherIncomeExpensesNet": -3793000, "incomeBeforeTax": 227289000, "incomeBeforeTaxRatio": 0.2069882167, "incomeTaxExpense": 72295000, "netIncome": 154994000, "netIncomeRatio": 0.1411503929, "eps": 1.49, "epsdiluted": 1.34, "weightedAverageShsOut": 115496000, "weightedAverageShsOutDil": 115664919, "link": "https://www.sec.gov/Archives/edgar/data/872589/000153217616000045/0001532176-16-000045-index.htm", "finalLink": "https://www.sec.gov/Archives/edgar/data/872589/000153217616000045/regn-123115x10k.htm"}, {"date": "2015-09-30", "symbol": "REGN", "reportedCurrency": "USD", "cik": "0000872589", "fillingDate": "2015-11-04", "acceptedDate": "2015-11-04 07:24:05", "calendarYear": "2015", "period": "Q3", "revenue": 1137422000, "costOfRevenue": 109083000, "grossProfit": 1028339000, "grossProfitRatio": 0.9040962809, "researchAndDevelopmentExpenses": 425924000, "generalAndAdministrativeExpenses": 209993000, "sellingAndMarketingExpenses": 0, "sellingGeneralAndAdministrativeExpenses": 209993000, "otherExpenses": 0, "operatingExpenses": 635917000, "costAndExpenses": 745000000, "interestIncome": 0, "interestExpense": 1715000, "depreciationAndAmortization": 20674000, "ebitda": 413096000, "ebitdaratio": 0.3631862229, "operatingIncome": 392422000, "operatingIncomeRatio": 0.3450100315, "totalOtherIncomeExpensesNet": 867000, "incomeBeforeTax": 393289000, "incomeBeforeTaxRatio": 0.3457722815, "incomeTaxExpense": 182891000, "netIncome": 210398000, "netIncomeRatio": 0.1849779589, "eps": 2.04, "epsdiluted": 1.82, "weightedAverageShsOut": 115864182, "weightedAverageShsOutDil": 115944000, "link": "https://www.sec.gov/Archives/edgar/data/872589/000153217615000037/0001532176-15-000037-index.htm", "finalLink": "https://www.sec.gov/Archives/edgar/data/872589/000153217615000037/regn-093015x10q.htm"}, {"date": "2015-06-30", "symbol": "REGN", "reportedCurrency": "USD", "cik": "0000872589", "fillingDate": "2015-08-04", "acceptedDate": "2015-08-04 07:21:24", "calendarYear": "2015", "period": "Q2", "revenue": 998617000, "costOfRevenue": 88840000, "grossProfit": 909777000, "grossProfitRatio": 0.9110369641, "researchAndDevelopmentExpenses": 390330000, "generalAndAdministrativeExpenses": 174588000, "sellingAndMarketingExpenses": 0, "sellingGeneralAndAdministrativeExpenses": 174588000, "otherExpenses": 0, "operatingExpenses": 564918000, "costAndExpenses": 653758000, "interestIncome": 0, "interestExpense": 2748000, "depreciationAndAmortization": 15298000, "ebitda": 360157000, "ebitdaratio": 0.360655787, "operatingIncome": 344859000, "operatingIncomeRatio": 0.3453366005, "totalOtherIncomeExpensesNet": -16863000, "incomeBeforeTax": 327996000, "incomeBeforeTaxRatio": 0.3284502467, "incomeTaxExpense": 133353000, "netIncome": 194643000, "netIncomeRatio": 0.1949125641, "eps": 1.89, "epsdiluted": 1.69, "weightedAverageShsOut": 115173372, "weightedAverageShsOutDil": 115259000, "link": "https://www.sec.gov/Archives/edgar/data/872589/000153217615000029/0001532176-15-000029-index.htm", "finalLink": "https://www.sec.gov/Archives/edgar/data/872589/000153217615000029/regn-063015x10q.htm"}, {"date": "2015-03-31", "symbol": "REGN", "reportedCurrency": "USD", "cik": "0000872589", "fillingDate": "2015-05-07", "acceptedDate": "2015-05-07 07:30:44", "calendarYear": "2015", "period": "Q1", "revenue": 869612000, "costOfRevenue": 83955000, "grossProfit": 785657000, "grossProfitRatio": 0.903456944, "researchAndDevelopmentExpenses": 343113000, "generalAndAdministrativeExpenses": 158991000, "sellingAndMarketingExpenses": 0, "sellingGeneralAndAdministrativeExpenses": 158991000, "otherExpenses": 0, "operatingExpenses": 502104000, "costAndExpenses": 586059000, "interestIncome": 0, "interestExpense": 6169000, "depreciationAndAmortization": 16027000, "ebitda": 299580000, "ebitdaratio": 0.344498466, "operatingIncome": 283553000, "operatingIncomeRatio": 0.3260684075, "totalOtherIncomeExpensesNet": -7030000, "incomeBeforeTax": 276523000, "incomeBeforeTaxRatio": 0.3179843424, "incomeTaxExpense": 200502000, "netIncome": 76021000, "netIncomeRatio": 0.0874194468, "eps": 0.74, "epsdiluted": 0.66, "weightedAverageShsOut": 114519000, "weightedAverageShsOutDil": 115183333, "link": "https://www.sec.gov/Archives/edgar/data/872589/000153217615000020/0001532176-15-000020-index.htm", "finalLink": "https://www.sec.gov/Archives/edgar/data/872589/000153217615000020/regn-033115x10q.htm"}, {"date": "2014-12-31", "symbol": "REGN", "reportedCurrency": "USD", "cik": "0000872589", "fillingDate": "2015-02-12", "acceptedDate": "2015-02-12 16:39:16", "calendarYear": "2014", "period": "Q4", "revenue": 802329000, "costOfRevenue": 59474000, "grossProfit": 742855000, "grossProfitRatio": 0.9258733014, "researchAndDevelopmentExpenses": 351745000, "generalAndAdministrativeExpenses": 143743000, "sellingAndMarketingExpenses": 0, "sellingGeneralAndAdministrativeExpenses": 143743000, "otherExpenses": 0, "operatingExpenses": 495488000, "costAndExpenses": 554962000, "interestIncome": 0, "interestExpense": 6350000, "depreciationAndAmortization": 14135000, "ebitda": 229938000, "ebitdaratio": 0.2865881702, "operatingIncome": 247367000, "operatingIncomeRatio": 0.3083111791, "totalOtherIncomeExpensesNet": -26080000, "incomeBeforeTax": 221287000, "incomeBeforeTaxRatio": 0.2758058103, "incomeTaxExpense": 111111000, "netIncome": 110176000, "netIncomeRatio": 0.1373202265, "eps": 0.89, "epsdiluted": 0.79, "weightedAverageShsOut": 114246000, "weightedAverageShsOutDil": 114295319, "link": "https://www.sec.gov/Archives/edgar/data/872589/000153217615000008/0001532176-15-000008-index.htm", "finalLink": "https://www.sec.gov/Archives/edgar/data/872589/000153217615000008/regn-123114x10k.htm"}, {"date": "2014-09-30", "symbol": "REGN", "reportedCurrency": "USD", "cik": "0000872589", "fillingDate": "2014-11-04", "acceptedDate": "2014-11-04 07:06:24", "calendarYear": "2014", "period": "Q3", "revenue": 725788000, "costOfRevenue": 55593000, "grossProfit": 670195000, "grossProfitRatio": 0.9234032527, "researchAndDevelopmentExpenses": 337728000, "generalAndAdministrativeExpenses": 149748000, "sellingAndMarketingExpenses": 0, "sellingGeneralAndAdministrativeExpenses": 149748000, "otherExpenses": -343473000, "operatingExpenses": 487476000, "costAndExpenses": 543069000, "interestIncome": 0, "interestExpense": 9232000, "depreciationAndAmortization": 14005000, "ebitda": 196724000, "ebitdaratio": 0.2710488462, "operatingIncome": 188464000, "operatingIncomeRatio": 0.2596681125, "totalOtherIncomeExpensesNet": -6641000, "incomeBeforeTax": 176078000, "incomeBeforeTaxRatio": 0.2426025231, "incomeTaxExpense": 96358000, "netIncome": 79720000, "netIncomeRatio": 0.1098392368, "eps": 0.83, "epsdiluted": 0.73, "weightedAverageShsOut": 113603847, "weightedAverageShsOutDil": 117423000, "link": "https://www.sec.gov/Archives/edgar/data/872589/000153217614000046/0001532176-14-000046-index.htm", "finalLink": "https://www.sec.gov/Archives/edgar/data/872589/000153217614000046/regn-093014x10q.htm"}, {"date": "2014-06-30", "symbol": "REGN", "reportedCurrency": "USD", "cik": "0000872589", "fillingDate": "2014-08-05", "acceptedDate": "2014-08-05 06:52:44", "calendarYear": "2014", "period": "Q2", "revenue": 665700000, "costOfRevenue": 46379000, "grossProfit": 619321000, "grossProfitRatio": 0.9303304792, "researchAndDevelopmentExpenses": 294501000, "generalAndAdministrativeExpenses": 102414000, "sellingAndMarketingExpenses": 0, "sellingGeneralAndAdministrativeExpenses": 102414000, "otherExpenses": -300185000, "operatingExpenses": 396915000, "costAndExpenses": 443294000, "interestIncome": 0, "interestExpense": 10177000, "depreciationAndAmortization": 13016000, "ebitda": 235422000, "ebitdaratio": 0.3536457864, "operatingIncome": 228090000, "operatingIncomeRatio": 0.3426318161, "totalOtherIncomeExpensesNet": -19287000, "incomeBeforeTax": 203119000, "incomeBeforeTaxRatio": 0.3051209253, "incomeTaxExpense": 110384000, "netIncome": 92735000, "netIncomeRatio": 0.1393044915, "eps": 0.96, "epsdiluted": 0.85, "weightedAverageShsOut": 113032000, "weightedAverageShsOutDil": 113354117, "link": "https://www.sec.gov/Archives/edgar/data/872589/000153217614000035/0001532176-14-000035-index.htm", "finalLink": "https://www.sec.gov/Archives/edgar/data/872589/000153217614000035/regn-063014x10q.htm"}, {"date": "2014-03-31", "symbol": "REGN", "reportedCurrency": "USD", "cik": "0000872589", "fillingDate": "2014-05-08", "acceptedDate": "2014-05-08 06:57:11", "calendarYear": "2014", "period": "Q1", "revenue": 625740000, "costOfRevenue": 43572000, "grossProfit": 582168000, "grossProfitRatio": 0.9303672452, "researchAndDevelopmentExpenses": 287379000, "generalAndAdministrativeExpenses": 108850000, "sellingAndMarketingExpenses": 0, "sellingGeneralAndAdministrativeExpenses": 108850000, "otherExpenses": -293002000, "operatingExpenses": 396229000, "costAndExpenses": 439801000, "interestIncome": 0, "interestExpense": 11613000, "depreciationAndAmortization": 11530000, "ebitda": 197469000, "ebitdaratio": 0.3155767571, "operatingIncome": 191562000, "operatingIncomeRatio": 0.3061367341, "totalOtherIncomeExpensesNet": -10676000, "incomeBeforeTax": 175263000, "incomeBeforeTaxRatio": 0.2800891744, "incomeTaxExpense": 109820000, "netIncome": 65443000, "netIncomeRatio": 0.1045849714, "eps": 0.69, "epsdiluted": 0.61, "weightedAverageShsOut": 111975409, "weightedAverageShsOutDil": 112151000, "link": "https://www.sec.gov/Archives/edgar/data/872589/000153217614000022/0001532176-14-000022-index.htm", "finalLink": "https://www.sec.gov/Archives/edgar/data/872589/000153217614000022/regn-033114x10q.htm"}, {"date": "2013-12-31", "symbol": "REGN", "reportedCurrency": "USD", "cik": "0000872589", "fillingDate": "2014-02-13", "acceptedDate": "2014-02-13 16:07:14", "calendarYear": "2013", "period": "Q4", "revenue": 610412000, "costOfRevenue": 48114000, "grossProfit": 562298000, "grossProfitRatio": 0.9211778274, "researchAndDevelopmentExpenses": 268140000, "generalAndAdministrativeExpenses": 82085000, "sellingAndMarketingExpenses": 0, "sellingGeneralAndAdministrativeExpenses": 82085000, "otherExpenses": 0, "operatingExpenses": 350225000, "costAndExpenses": 398339000, "interestIncome": 0, "interestExpense": 11661000, "depreciationAndAmortization": 11292000, "ebitda": 223365000, "ebitdaratio": 0.3659249818, "operatingIncome": 212073000, "operatingIncomeRatio": 0.3474260008, "totalOtherIncomeExpensesNet": -13920000, "incomeBeforeTax": 198153000, "incomeBeforeTaxRatio": 0.3246217309, "incomeTaxExpense": 101347000, "netIncome": 96806000, "netIncomeRatio": 0.1585912466, "eps": 0.98, "epsdiluted": 0.73, "weightedAverageShsOut": 131912185, "weightedAverageShsOutDil": 112557000, "link": "https://www.sec.gov/Archives/edgar/data/872589/000153217614000008/0001532176-14-000008-index.htm", "finalLink": "https://www.sec.gov/Archives/edgar/data/872589/000153217614000008/regn-123113x10k.htm"}, {"date": "2013-09-30", "symbol": "REGN", "reportedCurrency": "USD", "cik": "0000872589", "fillingDate": "2013-11-05", "acceptedDate": "2013-11-05 07:14:08", "calendarYear": "2013", "period": "Q3", "revenue": 597027000, "costOfRevenue": 38573000, "grossProfit": 558454000, "grossProfitRatio": 0.9353915317, "researchAndDevelopmentExpenses": 224045000, "generalAndAdministrativeExpenses": 97607000, "sellingAndMarketingExpenses": 0, "sellingGeneralAndAdministrativeExpenses": 97607000, "otherExpenses": 0, "operatingExpenses": 321652000, "costAndExpenses": 360225000, "interestIncome": 0, "interestExpense": 11736000, "depreciationAndAmortization": 10803000, "ebitda": 247605000, "ebitdaratio": 0.4147299871, "operatingIncome": 236802000, "operatingIncomeRatio": 0.3966353281, "totalOtherIncomeExpensesNet": -11118000, "incomeBeforeTax": 225684000, "incomeBeforeTaxRatio": 0.3780130547, "incomeTaxExpense": 84378000, "netIncome": 141306000, "netIncomeRatio": 0.2366827631, "eps": 1.44, "epsdiluted": 1.25, "weightedAverageShsOut": 112973039, "weightedAverageShsOutDil": 116713000, "link": "https://www.sec.gov/Archives/edgar/data/872589/000153217613000030/0001532176-13-000030-index.htm", "finalLink": "https://www.sec.gov/Archives/edgar/data/872589/000153217613000030/regn-93013x10q.htm"}, {"date": "2013-06-30", "symbol": "REGN", "reportedCurrency": "USD", "cik": "0000872589", "fillingDate": "2013-08-06", "acceptedDate": "2013-08-06 07:10:00", "calendarYear": "2013", "period": "Q2", "revenue": 457642000, "costOfRevenue": 39613000, "grossProfit": 418029000, "grossProfitRatio": 0.913441074, "researchAndDevelopmentExpenses": 187463000, "generalAndAdministrativeExpenses": 72463000, "sellingAndMarketingExpenses": 0, "sellingGeneralAndAdministrativeExpenses": 72463000, "otherExpenses": 0, "operatingExpenses": 259926000, "costAndExpenses": 299539000, "interestIncome": 0, "interestExpense": 11365000, "depreciationAndAmortization": 9702000, "ebitda": 168759000, "ebitdaratio": 0.3687576752, "operatingIncome": 158103000, "operatingIncomeRatio": 0.3454730991, "totalOtherIncomeExpensesNet": -10411000, "incomeBeforeTax": 147692000, "incomeBeforeTaxRatio": 0.3227238759, "incomeTaxExpense": 60316000, "netIncome": 87376000, "netIncomeRatio": 0.1909265321, "eps": 0.89, "epsdiluted": 0.79, "weightedAverageShsOut": 110602531, "weightedAverageShsOutDil": 111060000, "link": "https://www.sec.gov/Archives/edgar/data/872589/000153217613000022/0001532176-13-000022-index.htm", "finalLink": "https://www.sec.gov/Archives/edgar/data/872589/000153217613000022/regn-63013x10q.htm"}, {"date": "2013-03-31", "symbol": "REGN", "reportedCurrency": "USD", "cik": "0000872589", "fillingDate": "2013-05-03", "acceptedDate": "2013-05-03 10:20:35", "calendarYear": "2013", "period": "Q1", "revenue": 439664000, "costOfRevenue": 29055000, "grossProfit": 410609000, "grossProfitRatio": 0.9339154445, "researchAndDevelopmentExpenses": 180299000, "generalAndAdministrativeExpenses": 77260000, "sellingAndMarketingExpenses": 0, "sellingGeneralAndAdministrativeExpenses": 77260000, "otherExpenses": 0, "operatingExpenses": 257559000, "costAndExpenses": 286614000, "interestIncome": 0, "interestExpense": 11675000, "depreciationAndAmortization": 9407000, "ebitda": 162913000, "ebitdaratio": 0.3705397758, "operatingIncome": 153050000, "operatingIncomeRatio": 0.3481067361, "totalOtherIncomeExpensesNet": -11219000, "incomeBeforeTax": 141831000, "incomeBeforeTaxRatio": 0.3225895229, "incomeTaxExpense": 42957000, "netIncome": 98874000, "netIncomeRatio": 0.224885367, "eps": 1.02, "epsdiluted": 0.9, "weightedAverageShsOut": 109369000, "weightedAverageShsOutDil": 109860000, "link": "https://www.sec.gov/Archives/edgar/data/872589/000153217613000008/0001532176-13-000008-index.htm", "finalLink": "https://www.sec.gov/Archives/edgar/data/872589/000153217613000008/regn-33113x10q.htm"}, {"date": "2012-12-31", "symbol": "REGN", "reportedCurrency": "USD", "cik": "0000872589", "fillingDate": "2013-02-15", "acceptedDate": "2013-02-15 16:13:21", "calendarYear": "2012", "period": "Q4", "revenue": 414602000, "costOfRevenue": 30169000, "grossProfit": 384433000, "grossProfitRatio": 0.9272338291, "researchAndDevelopmentExpenses": 181024000, "generalAndAdministrativeExpenses": 57739000, "sellingAndMarketingExpenses": 0, "sellingGeneralAndAdministrativeExpenses": 57739000, "otherExpenses": 0, "operatingExpenses": 238763000, "costAndExpenses": 268932000, "interestIncome": 0, "interestExpense": 11495000, "depreciationAndAmortization": 9778000, "ebitda": 155832000, "ebitdaratio": 0.3758592578, "operatingIncome": 145670000, "operatingIncomeRatio": 0.3513490046, "totalOtherIncomeExpensesNet": -11111000, "incomeBeforeTax": 134559000, "incomeBeforeTaxRatio": 0.3245498092, "incomeTaxExpense": -335848000, "netIncome": 470407000, "netIncomeRatio": 1.1345989648, "eps": 4.92, "epsdiluted": 4.26, "weightedAverageShsOut": 110418346, "weightedAverageShsOutDil": 117237000, "link": "https://www.sec.gov/Archives/edgar/data/872589/000153217613000004/0001532176-13-000004-index.htm", "finalLink": "https://www.sec.gov/Archives/edgar/data/872589/000153217613000004/regn-123112x10k.htm"}, {"date": "2012-09-30", "symbol": "REGN", "reportedCurrency": "USD", "cik": "0000872589", "fillingDate": "2012-10-24", "acceptedDate": "2012-10-24 07:29:40", "calendarYear": "2012", "period": "Q3", "revenue": 427687000, "costOfRevenue": 20145000, "grossProfit": 407542000, "grossProfitRatio": 0.9528977968, "researchAndDevelopmentExpenses": 158295000, "generalAndAdministrativeExpenses": 46883000, "sellingAndMarketingExpenses": 0, "sellingGeneralAndAdministrativeExpenses": 46883000, "otherExpenses": 0, "operatingExpenses": 205178000, "costAndExpenses": 225323000, "interestIncome": 0, "interestExpense": 11413000, "depreciationAndAmortization": 9329000, "ebitda": 212210000, "ebitdaratio": 0.4961806181, "operatingIncome": 202364000, "operatingIncomeRatio": 0.4731591093, "totalOtherIncomeExpensesNet": -10896000, "incomeBeforeTax": 191468000, "incomeBeforeTaxRatio": 0.4476825342, "incomeTaxExpense": -517000, "netIncome": 191468000, "netIncomeRatio": 0.4476825342, "eps": 2.02, "epsdiluted": 1.72, "weightedAverageShsOut": 111534540, "weightedAverageShsOutDil": 115830000, "link": "https://www.sec.gov/Archives/edgar/data/872589/000153217612000004/0001532176-12-000004-index.htm", "finalLink": "https://www.sec.gov/Archives/edgar/data/872589/000153217612000004/regn-93012x10q.htm"}, {"date": "2012-06-30", "symbol": "REGN", "reportedCurrency": "USD", "cik": "0000872589", "fillingDate": "2012-07-25", "acceptedDate": "2012-07-25 07:00:24", "calendarYear": "2012", "period": "Q2", "revenue": 304399000, "costOfRevenue": 21843000, "grossProfit": 282556000, "grossProfitRatio": 0.9282422084, "researchAndDevelopmentExpenses": 147373000, "generalAndAdministrativeExpenses": 47705000, "sellingAndMarketingExpenses": 0, "sellingGeneralAndAdministrativeExpenses": 47705000, "otherExpenses": 0, "operatingExpenses": 195078000, "costAndExpenses": 216921000, "interestIncome": 0, "interestExpense": 11236000, "depreciationAndAmortization": 9417000, "ebitda": 97396000, "ebitdaratio": 0.3199616293, "operatingIncome": 90278000, "operatingIncomeRatio": 0.2965778468, "totalOtherIncomeExpensesNet": -13535000, "incomeBeforeTax": 76743000, "incomeBeforeTaxRatio": 0.2521131804, "incomeTaxExpense": -501000, "netIncome": 76743000, "netIncomeRatio": 0.2521131804, "eps": 0.81, "epsdiluted": 0.7, "weightedAverageShsOut": 94589001, "weightedAverageShsOutDil": 110167002, "link": "https://www.sec.gov/Archives/edgar/data/872589/000120677412003062/0001206774-12-003062-index.htm", "finalLink": "https://www.sec.gov/Archives/edgar/data/872589/000120677412003062/regeneron_10q.htm"}, {"date": "2012-03-31", "symbol": "REGN", "reportedCurrency": "USD", "cik": "0000872589", "fillingDate": "2012-04-26", "acceptedDate": "2012-04-26 07:31:17", "calendarYear": "2012", "period": "Q1", "revenue": 231789000, "costOfRevenue": 12298000, "grossProfit": 219491000, "grossProfitRatio": 0.946943125, "researchAndDevelopmentExpenses": 138862000, "generalAndAdministrativeExpenses": 58428000, "sellingAndMarketingExpenses": 0, "sellingGeneralAndAdministrativeExpenses": 58428000, "otherExpenses": 0, "operatingExpenses": 197290000, "costAndExpenses": 209588000, "interestIncome": 0, "interestExpense": 11160000, "depreciationAndAmortization": 8416000, "ebitda": 31227000, "ebitdaratio": 0.134721665, "operatingIncome": 22201000, "operatingIncomeRatio": 0.0957810768, "totalOtherIncomeExpensesNet": -10550000, "incomeBeforeTax": 11651000, "incomeBeforeTaxRatio": 0.0502655432, "incomeTaxExpense": 0, "netIncome": 11651000, "netIncomeRatio": 0.0502655432, "eps": 0.12, "epsdiluted": 0.11, "weightedAverageShsOut": 93446001, "weightedAverageShsOutDil": 107734002, "link": "https://www.sec.gov/Archives/edgar/data/872589/000120677412001689/0001206774-12-001689-index.htm", "finalLink": "https://www.sec.gov/Archives/edgar/data/872589/000120677412001689/regeneron_10q.htm"}, {"date": "2011-12-31", "symbol": "REGN", "reportedCurrency": "USD", "cik": "0000872589", "fillingDate": "2012-02-21", "acceptedDate": "2012-02-21 07:31:08", "calendarYear": "2011", "period": "Q4", "revenue": 122977000, "costOfRevenue": 2989000, "grossProfit": 119988000, "grossProfitRatio": 0.9756946421, "researchAndDevelopmentExpenses": 129041000, "generalAndAdministrativeExpenses": 36349000, "sellingAndMarketingExpenses": 0, "sellingGeneralAndAdministrativeExpenses": 36349000, "otherExpenses": 0, "operatingExpenses": 165390000, "costAndExpenses": 168379000, "interestIncome": 0, "interestExpense": 9455000, "depreciationAndAmortization": 7926000, "ebitda": -36677000, "ebitdaratio": -0.2982427608, "operatingIncome": -45402000, "operatingIncomeRatio": -0.3691909869, "totalOtherIncomeExpensesNet": -8656000, "incomeBeforeTax": -54058000, "incomeBeforeTaxRatio": -0.4395781325, "incomeTaxExpense": -615000, "netIncome": -53443000, "netIncomeRatio": -0.4345771974, "eps": -0.58, "epsdiluted": -0.57, "weightedAverageShsOut": 91795001, "weightedAverageShsOutDil": 93446000, "link": "https://www.sec.gov/Archives/edgar/data/872589/000120677412000709/0001206774-12-000709-index.htm", "finalLink": "https://www.sec.gov/Archives/edgar/data/872589/000120677412000709/regeneron_10k.htm"}, {"date": "2011-09-30", "symbol": "REGN", "reportedCurrency": "USD", "cik": "0000872589", "fillingDate": "2011-10-27", "acceptedDate": "2011-10-27 07:31:02", "calendarYear": "2011", "period": "Q3", "revenue": 102833000, "costOfRevenue": 450000, "grossProfit": 102383000, "grossProfitRatio": 0.9956239728, "researchAndDevelopmentExpenses": 127924000, "generalAndAdministrativeExpenses": 32916000, "sellingAndMarketingExpenses": 0, "sellingGeneralAndAdministrativeExpenses": 32916000, "otherExpenses": 0, "operatingExpenses": 160840000, "costAndExpenses": 161290000, "interestIncome": 0, "interestExpense": 4061000, "depreciationAndAmortization": 8276000, "ebitda": -49466000, "ebitdaratio": -0.4810323534, "operatingIncome": -58457000, "operatingIncomeRatio": -0.5684653759, "totalOtherIncomeExpensesNet": -3346000, "incomeBeforeTax": -61803000, "incomeBeforeTaxRatio": -0.6010035689, "incomeTaxExpense": 562000, "netIncome": -62365000, "netIncomeRatio": -0.6064687406, "eps": -0.68, "epsdiluted": -0.68, "weightedAverageShsOut": 91046001, "weightedAverageShsOutDil": 91046001, "link": "https://www.sec.gov/Archives/edgar/data/872589/000120677411002300/0001206774-11-002300-index.htm", "finalLink": "https://www.sec.gov/Archives/edgar/data/872589/000120677411002300/regeneron_10q.htm"}, {"date": "2011-06-30", "symbol": "REGN", "reportedCurrency": "USD", "cik": "0000872589", "fillingDate": "2011-07-28", "acceptedDate": "2011-07-28 07:30:53", "calendarYear": "2011", "period": "Q2", "revenue": 107810000, "costOfRevenue": 395000, "grossProfit": 107415000, "grossProfitRatio": 0.9963361469, "researchAndDevelopmentExpenses": 143149000, "generalAndAdministrativeExpenses": 24585000, "sellingAndMarketingExpenses": 0, "sellingGeneralAndAdministrativeExpenses": 24585000, "otherExpenses": 0, "operatingExpenses": 167734000, "costAndExpenses": 168129000, "interestIncome": 0, "interestExpense": 4047000, "depreciationAndAmortization": 7902000, "ebitda": -51419000, "ebitdaratio": -0.4769409146, "operatingIncome": -60319000, "operatingIncomeRatio": -0.5594935535, "totalOtherIncomeExpensesNet": -3049000, "incomeBeforeTax": -63368000, "incomeBeforeTaxRatio": -0.587774789, "incomeTaxExpense": -863000, "netIncome": -62505000, "netIncomeRatio": -0.5797699657, "eps": -0.69, "epsdiluted": -0.69, "weightedAverageShsOut": 90436001, "weightedAverageShsOutDil": 90436001, "link": "https://www.sec.gov/Archives/edgar/data/872589/000120677411001639/0001206774-11-001639-index.htm", "finalLink": "https://www.sec.gov/Archives/edgar/data/872589/000120677411001639/regeneron_10q.htm"}, {"date": "2011-03-31", "symbol": "REGN", "reportedCurrency": "USD", "cik": "0000872589", "fillingDate": "2011-05-03", "acceptedDate": "2011-05-03 07:30:45", "calendarYear": "2011", "period": "Q1", "revenue": 112204000, "costOfRevenue": 382000, "grossProfit": 111822000, "grossProfitRatio": 0.9965954868, "researchAndDevelopmentExpenses": 129392000, "generalAndAdministrativeExpenses": 23411000, "sellingAndMarketingExpenses": 0, "sellingGeneralAndAdministrativeExpenses": 23411000, "otherExpenses": 0, "operatingExpenses": 152803000, "costAndExpenses": 153185000, "interestIncome": 0, "interestExpense": 3719000, "depreciationAndAmortization": 6978000, "ebitda": -32966000, "ebitdaratio": -0.2938041425, "operatingIncome": -40981000, "operatingIncomeRatio": -0.3652365335, "totalOtherIncomeExpensesNet": -2682000, "incomeBeforeTax": -43663000, "incomeBeforeTaxRatio": -0.3891394246, "incomeTaxExpense": -216000, "netIncome": -43447000, "netIncomeRatio": -0.3872143596, "eps": -0.49, "epsdiluted": -0.49, "weightedAverageShsOut": 89162001, "weightedAverageShsOutDil": 89162001, "link": "https://www.sec.gov/Archives/edgar/data/872589/000120677411001105/0001206774-11-001105-index.htm", "finalLink": "https://www.sec.gov/Archives/edgar/data/872589/000120677411001105/regeneron_10q.htm"}, {"date": "2010-12-31", "symbol": "REGN", "reportedCurrency": "USD", "cik": "0000872589", "fillingDate": "2011-02-17", "acceptedDate": "2011-02-17 07:30:53", "calendarYear": "2010", "period": "Q4", "revenue": 133675000, "costOfRevenue": 599000, "grossProfit": 133076000, "grossProfitRatio": 0.9955189826, "researchAndDevelopmentExpenses": 125212000, "generalAndAdministrativeExpenses": 20641000, "sellingAndMarketingExpenses": 0, "sellingGeneralAndAdministrativeExpenses": 20641000, "otherExpenses": 0, "operatingExpenses": 145853000, "costAndExpenses": 146452000, "interestIncome": 0, "interestExpense": 2458000, "depreciationAndAmortization": 6086000, "ebitda": -4569000, "ebitdaratio": -0.034179914, "operatingIncome": 10374000, "operatingIncomeRatio": 0.0776061343, "totalOtherIncomeExpensesNet": 2751000, "incomeBeforeTax": -14597000, "incomeBeforeTaxRatio": -0.1091976809, "incomeTaxExpense": 846000, "netIncome": -14597000, "netIncomeRatio": -0.1091976809, "eps": -0.17, "epsdiluted": -0.17, "weightedAverageShsOut": 87405001, "weightedAverageShsOutDil": 87405001, "link": "https://www.sec.gov/Archives/edgar/data/872589/000120677411000263/0001206774-11-000263-index.htm", "finalLink": "https://www.sec.gov/Archives/edgar/data/872589/000120677411000263/regeneron_10k.htm"}, {"date": "2010-09-30", "symbol": "REGN", "reportedCurrency": "USD", "cik": "0000872589", "fillingDate": "2010-10-28", "acceptedDate": "2010-10-28 07:33:17", "calendarYear": "2010", "period": "Q3", "revenue": 105979000, "costOfRevenue": 372000, "grossProfit": 105607000, "grossProfitRatio": 0.9964898706, "researchAndDevelopmentExpenses": 122043000, "generalAndAdministrativeExpenses": 15658000, "sellingAndMarketingExpenses": 0, "sellingGeneralAndAdministrativeExpenses": 15658000, "otherExpenses": 0, "operatingExpenses": 137701000, "costAndExpenses": 138073000, "interestIncome": 0, "interestExpense": 2234000, "depreciationAndAmortization": 4894000, "ebitda": -26747000, "ebitdaratio": -0.2523801885, "operatingIncome": -32094000, "operatingIncomeRatio": -0.3028335802, "totalOtherIncomeExpensesNet": -1781000, "incomeBeforeTax": -31641000, "incomeBeforeTaxRatio": -0.2985591485, "incomeTaxExpense": -906000, "netIncome": -33875000, "netIncomeRatio": -0.3196387964, "eps": -0.41, "epsdiluted": -0.41, "weightedAverageShsOut": 81638001, "weightedAverageShsOutDil": 81638001, "link": "https://www.sec.gov/Archives/edgar/data/872589/000120677410002228/0001206774-10-002228-index.htm", "finalLink": "https://www.sec.gov/Archives/edgar/data/872589/000120677410002228/regeneron_10q.htm"}]