[{"date": "2024-01-31", "symbol": "SPLK", "reportedCurrency": "USD", "cik": "0001353283", "fillingDate": "2024-02-27", "acceptedDate": "2024-02-27 16:06:21", "calendarYear": "2024", "period": "Q4", "revenue": 1486147000, "costOfRevenue": 225033000, "grossProfit": 1261114000, "grossProfitRatio": 0.848579582, "researchAndDevelopmentExpenses": 226883000, "generalAndAdministrativeExpenses": 156062000, "sellingAndMarketingExpenses": 439378000, "sellingGeneralAndAdministrativeExpenses": 549144000, "otherExpenses": 0, "operatingExpenses": 776027000, "costAndExpenses": 1001060000, "interestIncome": 23912000, "interestExpense": 9860000, "depreciationAndAmortization": -564000, "ebitda": 504752000, "ebitdaratio": 0.3396380035, "operatingIncome": 485087000, "operatingIncomeRatio": 0.3264057997, "totalOtherIncomeExpensesNet": -42904000, "incomeBeforeTax": 442183000, "incomeBeforeTaxRatio": 0.2975365156, "incomeTaxExpense": 15634000, "netIncome": 426549000, "netIncomeRatio": 0.2870166948, "eps": 2.52, "epsdiluted": 2.52, "weightedAverageShsOut": 169092000, "weightedAverageShsOutDil": 169092000, "link": "https://www.sec.gov/Archives/edgar/data/1353283/000135328324000004/0001353283-24-000004-index.htm", "finalLink": "https://www.sec.gov/Archives/edgar/data/1353283/000135328324000004/a1312024ex-991.htm"}, {"date": "2023-10-31", "symbol": "SPLK", "reportedCurrency": "USD", "cik": "0001353283", "fillingDate": "2023-11-28", "acceptedDate": "2023-11-28 16:12:26", "calendarYear": "2024", "period": "Q3", "revenue": 1067355000, "costOfRevenue": 209973000, "grossProfit": 857382000, "grossProfitRatio": 0.8032772601, "researchAndDevelopmentExpenses": 232541000, "generalAndAdministrativeExpenses": 138490000, "sellingAndMarketingExpenses": 403584000, "sellingGeneralAndAdministrativeExpenses": 542074000, "otherExpenses": 0, "operatingExpenses": 774615000, "costAndExpenses": 984588000, "interestIncome": 26719000, "interestExpense": 10544000, "depreciationAndAmortization": 22065000, "ebitda": 135985000, "ebitdaratio": 0.1274037223, "operatingIncome": 82767000, "operatingIncomeRatio": 0.0775440224, "totalOtherIncomeExpensesNet": 20609000, "incomeBeforeTax": 103376000, "incomeBeforeTaxRatio": 0.0968524999, "incomeTaxExpense": 6523000, "netIncome": 96853000, "netIncomeRatio": 0.0907411311, "eps": 0.58, "epsdiluted": 0.55, "weightedAverageShsOut": 167894000, "weightedAverageShsOutDil": 185982000, "link": "https://www.sec.gov/Archives/edgar/data/1353283/000135328323000043/0001353283-23-000043-index.htm", "finalLink": "https://www.sec.gov/Archives/edgar/data/1353283/000135328323000043/splk-20231031.htm"}, {"date": "2023-07-31", "symbol": "SPLK", "reportedCurrency": "USD", "cik": "0001353283", "fillingDate": "2023-08-24", "acceptedDate": "2023-08-24 16:06:47", "calendarYear": "2024", "period": "Q2", "revenue": 910585000, "costOfRevenue": 211903000, "grossProfit": 698682000, "grossProfitRatio": 0.7672891603, "researchAndDevelopmentExpenses": 239099000, "generalAndAdministrativeExpenses": 106469000, "sellingAndMarketingExpenses": 421635000, "sellingGeneralAndAdministrativeExpenses": 528104000, "otherExpenses": 0, "operatingExpenses": 767203000, "costAndExpenses": 979106000, "interestIncome": 28686000, "interestExpense": 11243000, "depreciationAndAmortization": 22268000, "ebitda": -23007000, "ebitdaratio": -0.025266175, "operatingIncome": -68521000, "operatingIncomeRatio": -0.0752494276, "totalOtherIncomeExpensesNet": 12003000, "incomeBeforeTax": -56518000, "incomeBeforeTaxRatio": -0.0620677916, "incomeTaxExpense": 6730000, "netIncome": -63248000, "netIncomeRatio": -0.0694586447, "eps": -0.38, "epsdiluted": -0.38, "weightedAverageShsOut": 166459000, "weightedAverageShsOutDil": 166459000, "link": "https://www.sec.gov/Archives/edgar/data/1353283/000135328323000034/0001353283-23-000034-index.htm", "finalLink": "https://www.sec.gov/Archives/edgar/data/1353283/000135328323000034/splk-20230731.htm"}, {"date": "2023-04-30", "symbol": "SPLK", "reportedCurrency": "USD", "cik": "0001353283", "fillingDate": "2023-05-25", "acceptedDate": "2023-05-25 15:35:43", "calendarYear": "2024", "period": "Q1", "revenue": 751508000, "costOfRevenue": 207235000, "grossProfit": 544273000, "grossProfitRatio": 0.7242411258, "researchAndDevelopmentExpenses": 236952000, "generalAndAdministrativeExpenses": 107372000, "sellingAndMarketingExpenses": 406505000, "sellingGeneralAndAdministrativeExpenses": 513877000, "otherExpenses": 0, "operatingExpenses": 750829000, "costAndExpenses": 958064000, "interestIncome": 23938000, "interestExpense": 10858000, "depreciationAndAmortization": 24677000, "ebitda": -156335000, "ebitdaratio": -0.2080283909, "operatingIncome": -206556000, "operatingIncomeRatio": -0.2748553575, "totalOtherIncomeExpensesNet": 14686000, "incomeBeforeTax": -191870000, "incomeBeforeTaxRatio": -0.2553133167, "incomeTaxExpense": 4550000, "netIncome": -196420000, "netIncomeRatio": -0.2613678098, "eps": -1.19, "epsdiluted": -1.19, "weightedAverageShsOut": 164991000, "weightedAverageShsOutDil": 164991000, "link": "https://www.sec.gov/Archives/edgar/data/1353283/000135328323000025/0001353283-23-000025-index.htm", "finalLink": "https://www.sec.gov/Archives/edgar/data/1353283/000135328323000025/splk-20230430.htm"}, {"date": "2023-01-31", "symbol": "SPLK", "reportedCurrency": "USD", "cik": "0001353283", "fillingDate": "2023-03-23", "acceptedDate": "2023-03-23 16:13:18", "calendarYear": "2023", "period": "Q4", "revenue": 1251105000, "costOfRevenue": 205283000, "grossProfit": 1045822000, "grossProfitRatio": 0.8359186479, "researchAndDevelopmentExpenses": 243027000, "generalAndAdministrativeExpenses": 109135000, "sellingAndMarketingExpenses": 427589000, "sellingGeneralAndAdministrativeExpenses": 536724000, "otherExpenses": 0, "operatingExpenses": 779751000, "costAndExpenses": 985034000, "interestIncome": 12482000, "interestExpense": 11230000, "depreciationAndAmortization": 26024000, "ebitda": 302805000, "ebitdaratio": 0.2420300454, "operatingIncome": 266071000, "operatingIncomeRatio": 0.2126688008, "totalOtherIncomeExpensesNet": -520000, "incomeBeforeTax": 265551000, "incomeBeforeTaxRatio": 0.2122531682, "incomeTaxExpense": -3241000, "netIncome": 268792000, "netIncomeRatio": 0.2148436782, "eps": 1.64, "epsdiluted": 1.44, "weightedAverageShsOut": 164262000, "weightedAverageShsOutDil": 187002000, "link": "https://www.sec.gov/Archives/edgar/data/1353283/000135328323000011/0001353283-23-000011-index.htm", "finalLink": "https://www.sec.gov/Archives/edgar/data/1353283/000135328323000011/splk-20230131.htm"}, {"date": "2022-10-31", "symbol": "SPLK", "reportedCurrency": "USD", "cik": "0001353283", "fillingDate": "2022-12-01", "acceptedDate": "2022-12-01 15:21:02", "calendarYear": "2023", "period": "Q3", "revenue": 929769000, "costOfRevenue": 201765000, "grossProfit": 728004000, "grossProfitRatio": 0.7829944857, "researchAndDevelopmentExpenses": 241395000, "generalAndAdministrativeExpenses": 118307000, "sellingAndMarketingExpenses": 388094000, "sellingGeneralAndAdministrativeExpenses": 506401000, "otherExpenses": 0, "operatingExpenses": 747796000, "costAndExpenses": 949561000, "interestIncome": 6700000, "interestExpense": 11228000, "depreciationAndAmortization": 25494000, "ebitda": 8457000, "ebitdaratio": 0.0090958077, "operatingIncome": -19792000, "operatingIncomeRatio": -0.0212870078, "totalOtherIncomeExpensesNet": -8473000, "incomeBeforeTax": -28265000, "incomeBeforeTaxRatio": -0.0304000241, "incomeTaxExpense": 4355000, "netIncome": -32620000, "netIncomeRatio": -0.0350839832, "eps": -0.2, "epsdiluted": -0.2, "weightedAverageShsOut": 163044000, "weightedAverageShsOutDil": 163044000, "link": "https://www.sec.gov/Archives/edgar/data/1353283/000135328322000040/0001353283-22-000040-index.htm", "finalLink": "https://www.sec.gov/Archives/edgar/data/1353283/000135328322000040/splk-20221031.htm"}, {"date": "2022-07-31", "symbol": "SPLK", "reportedCurrency": "USD", "cik": "0001353283", "fillingDate": "2022-08-25", "acceptedDate": "2022-08-25 16:03:25", "calendarYear": "2023", "period": "Q2", "revenue": 798753000, "costOfRevenue": 206791000, "grossProfit": 591962000, "grossProfitRatio": 0.7411077016, "researchAndDevelopmentExpenses": 257057000, "generalAndAdministrativeExpenses": 114381000, "sellingAndMarketingExpenses": 410622000, "sellingGeneralAndAdministrativeExpenses": 525003000, "otherExpenses": 0, "operatingExpenses": 782060000, "costAndExpenses": 988851000, "interestIncome": 4847000, "interestExpense": 12905000, "depreciationAndAmortization": 24631000, "ebitda": -164233000, "ebitdaratio": -0.2056117473, "operatingIncome": -190098000, "operatingIncomeRatio": -0.2379934723, "totalOtherIncomeExpensesNet": -11671000, "incomeBeforeTax": -201769000, "incomeBeforeTaxRatio": -0.252604998, "incomeTaxExpense": 7943000, "netIncome": -209712000, "netIncomeRatio": -0.2625492486, "eps": -1.3, "epsdiluted": -1.3, "weightedAverageShsOut": 161070000, "weightedAverageShsOutDil": 161787000, "link": "https://www.sec.gov/Archives/edgar/data/1353283/000135328322000030/0001353283-22-000030-index.htm", "finalLink": "https://www.sec.gov/Archives/edgar/data/1353283/000135328322000030/splk-20220731.htm"}, {"date": "2022-04-30", "symbol": "SPLK", "reportedCurrency": "USD", "cik": "0001353283", "fillingDate": "2022-05-26", "acceptedDate": "2022-05-26 15:25:58", "calendarYear": "2023", "period": "Q1", "revenue": 674081000, "costOfRevenue": 202156000, "grossProfit": 471925000, "grossProfitRatio": 0.7001013231, "researchAndDevelopmentExpenses": 255691000, "generalAndAdministrativeExpenses": 112708000, "sellingAndMarketingExpenses": 395213000, "sellingGeneralAndAdministrativeExpenses": 507921000, "otherExpenses": 0, "operatingExpenses": 763612000, "costAndExpenses": 965768000, "interestIncome": 1372000, "interestExpense": 10663000, "depreciationAndAmortization": 23300000, "ebitda": -266984000, "ebitdaratio": -0.3960710953, "operatingIncome": -291687000, "operatingIncomeRatio": -0.4327180265, "totalOtherIncomeExpensesNet": -9281000, "incomeBeforeTax": -300968000, "incomeBeforeTaxRatio": -0.4464864015, "incomeTaxExpense": 3354000, "netIncome": -304322000, "netIncomeRatio": -0.4514620646, "eps": -1.9, "epsdiluted": -1.9, "weightedAverageShsOut": 160339000, "weightedAverageShsOutDil": 160339000, "link": "https://www.sec.gov/Archives/edgar/data/1353283/000135328322000020/0001353283-22-000020-index.htm", "finalLink": "https://www.sec.gov/Archives/edgar/data/1353283/000135328322000020/splk-20220430.htm"}, {"date": "2022-01-31", "symbol": "SPLK", "reportedCurrency": "USD", "cik": "0001353283", "fillingDate": "2022-03-24", "acceptedDate": "2022-03-24 16:30:31", "calendarYear": "2022", "period": "Q4", "revenue": 901119000, "costOfRevenue": 190366000, "grossProfit": 710753000, "grossProfitRatio": 0.7887448828, "researchAndDevelopmentExpenses": 257522000, "generalAndAdministrativeExpenses": 122486000, "sellingAndMarketingExpenses": 409431000, "sellingGeneralAndAdministrativeExpenses": 531917000, "otherExpenses": 0, "operatingExpenses": 789439000, "costAndExpenses": 979805000, "interestIncome": 809000, "interestExpense": 51272000, "depreciationAndAmortization": 24520000, "ebitda": -55630000, "ebitdaratio": -0.0617343547, "operatingIncome": -78686000, "operatingIncomeRatio": -0.0873203206, "totalOtherIncomeExpensesNet": -52736000, "incomeBeforeTax": -131422000, "incomeBeforeTaxRatio": -0.1458431128, "incomeTaxExpense": 9401000, "netIncome": -140823000, "netIncomeRatio": -0.1562756972, "eps": -0.88, "epsdiluted": -0.88, "weightedAverageShsOut": 159217024, "weightedAverageShsOutDil": 159217000, "link": "https://www.sec.gov/Archives/edgar/data/1353283/000135328322000011/0001353283-22-000011-index.htm", "finalLink": "https://www.sec.gov/Archives/edgar/data/1353283/000135328322000011/splk-20220131.htm"}, {"date": "2021-10-31", "symbol": "SPLK", "reportedCurrency": "USD", "cik": "0001353283", "fillingDate": "2021-12-02", "acceptedDate": "2021-12-02 16:27:28", "calendarYear": "2022", "period": "Q3", "revenue": 664751000, "costOfRevenue": 188290000, "grossProfit": 476461000, "grossProfitRatio": 0.7167510842, "researchAndDevelopmentExpenses": 265145000, "generalAndAdministrativeExpenses": 112750000, "sellingAndMarketingExpenses": 386932000, "sellingGeneralAndAdministrativeExpenses": 499682000, "otherExpenses": 0, "operatingExpenses": 764827000, "costAndExpenses": 953117000, "interestIncome": 888000, "interestExpense": 50723000, "depreciationAndAmortization": 24000000, "ebitda": -263067000, "ebitdaratio": -0.3957376521, "operatingIncome": -288366000, "operatingIncomeRatio": -0.4337955114, "totalOtherIncomeExpensesNet": -49424000, "incomeBeforeTax": -337790000, "incomeBeforeTaxRatio": -0.5081451551, "incomeTaxExpense": 5532000, "netIncome": -343322000, "netIncomeRatio": -0.5164670681, "eps": -2.14, "epsdiluted": -2.14, "weightedAverageShsOut": 160202000, "weightedAverageShsOutDil": 160202000, "link": "https://www.sec.gov/Archives/edgar/data/1353283/000135328321000036/0001353283-21-000036-index.htm", "finalLink": "https://www.sec.gov/Archives/edgar/data/1353283/000135328321000036/splk-20211031.htm"}, {"date": "2021-07-31", "symbol": "SPLK", "reportedCurrency": "USD", "cik": "0001353283", "fillingDate": "2021-09-08", "acceptedDate": "2021-09-08 14:52:18", "calendarYear": "2022", "period": "Q2", "revenue": 605743000, "costOfRevenue": 183407000, "grossProfit": 422336000, "grossProfitRatio": 0.697219778, "researchAndDevelopmentExpenses": 259709000, "generalAndAdministrativeExpenses": 124928000, "sellingAndMarketingExpenses": 382129000, "sellingGeneralAndAdministrativeExpenses": 507057000, "otherExpenses": 0, "operatingExpenses": 766766000, "costAndExpenses": 950173000, "interestIncome": 507000, "interestExpense": 39013000, "depreciationAndAmortization": 24829000, "ebitda": -317948000, "ebitdaratio": -0.5248892682, "operatingIncome": -344430000, "operatingIncomeRatio": -0.5686074787, "totalOtherIncomeExpensesNet": -37360000, "incomeBeforeTax": -381790000, "incomeBeforeTaxRatio": -0.6302838002, "incomeTaxExpense": 2161000, "netIncome": -383951000, "netIncomeRatio": -0.6338513198, "eps": -2.34, "epsdiluted": -2.34, "weightedAverageShsOut": 164018000, "weightedAverageShsOutDil": 164018000, "link": "https://www.sec.gov/Archives/edgar/data/1353283/000135328321000026/0001353283-21-000026-index.htm", "finalLink": "https://www.sec.gov/Archives/edgar/data/1353283/000135328321000026/splk-20210731.htm"}, {"date": "2021-04-30", "symbol": "SPLK", "reportedCurrency": "USD", "cik": "0001353283", "fillingDate": "2021-06-09", "acceptedDate": "2021-06-09 15:34:43", "calendarYear": "2022", "period": "Q1", "revenue": 502051000, "costOfRevenue": 171906000, "grossProfit": 330145000, "grossProfitRatio": 0.6575925553, "researchAndDevelopmentExpenses": 247198000, "generalAndAdministrativeExpenses": 162186000, "sellingAndMarketingExpenses": 356108000, "sellingGeneralAndAdministrativeExpenses": 518294000, "otherExpenses": 0, "operatingExpenses": 765492000, "costAndExpenses": 937398000, "interestIncome": 379000, "interestExpense": 33590000, "depreciationAndAmortization": 25796000, "ebitda": -410395000, "ebitdaratio": -0.8174368739, "operatingIncome": -435347000, "operatingIncomeRatio": -0.867137004, "totalOtherIncomeExpensesNet": -34434000, "incomeBeforeTax": -469781000, "incomeBeforeTaxRatio": -0.9357236615, "incomeTaxExpense": 1220000, "netIncome": -471001000, "netIncomeRatio": -0.9381536935, "eps": -2.89, "epsdiluted": -2.89, "weightedAverageShsOut": 163169000, "weightedAverageShsOutDil": 163169000, "link": "https://www.sec.gov/Archives/edgar/data/1353283/000135328321000019/0001353283-21-000019-index.htm", "finalLink": "https://www.sec.gov/Archives/edgar/data/1353283/000135328321000019/splk-20210430.htm"}, {"date": "2021-01-31", "symbol": "SPLK", "reportedCurrency": "USD", "cik": "0001353283", "fillingDate": "2021-03-31", "acceptedDate": "2021-03-31 16:11:12", "calendarYear": "2021", "period": "Q4", "revenue": 745078000, "costOfRevenue": 149896000, "grossProfit": 595182000, "grossProfitRatio": 0.7988183787, "researchAndDevelopmentExpenses": 211383000, "generalAndAdministrativeExpenses": 100398000, "sellingAndMarketingExpenses": 369999000, "sellingGeneralAndAdministrativeExpenses": 470397000, "otherExpenses": 0, "operatingExpenses": 681780000, "costAndExpenses": 831676000, "interestIncome": 1412000, "interestExpense": 34519000, "depreciationAndAmortization": 26397000, "ebitda": -74958000, "ebitdaratio": -0.100604232, "operatingIncome": -86598000, "operatingIncomeRatio": -0.1162267575, "totalOtherIncomeExpensesNet": -49276000, "incomeBeforeTax": -135874000, "incomeBeforeTaxRatio": -0.1823621151, "incomeTaxExpense": 3674000, "netIncome": -139548000, "netIncomeRatio": -0.1872931425, "eps": -0.86, "epsdiluted": -0.86, "weightedAverageShsOut": 162009104, "weightedAverageShsOutDil": 162009000, "link": "https://www.sec.gov/Archives/edgar/data/1353283/000135328321000009/0001353283-21-000009-index.htm", "finalLink": "https://www.sec.gov/Archives/edgar/data/1353283/000135328321000009/splk-20210131.htm"}, {"date": "2020-10-31", "symbol": "SPLK", "reportedCurrency": "USD", "cik": "0001353283", "fillingDate": "2020-12-10", "acceptedDate": "2020-12-10 16:41:21", "calendarYear": "2021", "period": "Q3", "revenue": 558572000, "costOfRevenue": 136780000, "grossProfit": 421792000, "grossProfitRatio": 0.7551255702, "researchAndDevelopmentExpenses": 190222000, "generalAndAdministrativeExpenses": 73941000, "sellingAndMarketingExpenses": 323146000, "sellingGeneralAndAdministrativeExpenses": 397087000, "otherExpenses": 0, "operatingExpenses": 587309000, "costAndExpenses": 724089000, "interestIncome": 2382000, "interestExpense": 33972000, "depreciationAndAmortization": 24584000, "ebitda": -139261000, "ebitdaratio": -0.2493161132, "operatingIncome": -165517000, "operatingIncomeRatio": -0.2963216917, "totalOtherIncomeExpensesNet": -32300000, "incomeBeforeTax": -197817000, "incomeBeforeTaxRatio": -0.3541477195, "incomeTaxExpense": 3714000, "netIncome": -201531000, "netIncomeRatio": -0.3607968176, "eps": -1.26, "epsdiluted": -1.26, "weightedAverageShsOut": 160515000, "weightedAverageShsOutDil": 160515000, "link": "https://www.sec.gov/Archives/edgar/data/1353283/000135328320000037/0001353283-20-000037-index.htm", "finalLink": "https://www.sec.gov/Archives/edgar/data/1353283/000135328320000037/splk-20201031.htm"}, {"date": "2020-07-31", "symbol": "SPLK", "reportedCurrency": "USD", "cik": "0001353283", "fillingDate": "2020-09-03", "acceptedDate": "2020-09-03 16:38:19", "calendarYear": "2021", "period": "Q2", "revenue": 491658000, "costOfRevenue": 132052000, "grossProfit": 359606000, "grossProfitRatio": 0.7314149266, "researchAndDevelopmentExpenses": 197297000, "generalAndAdministrativeExpenses": 78081000, "sellingAndMarketingExpenses": 323687000, "sellingGeneralAndAdministrativeExpenses": 401768000, "otherExpenses": 0, "operatingExpenses": 599065000, "costAndExpenses": 731117000, "interestIncome": 3581000, "interestExpense": 30148000, "depreciationAndAmortization": 22191000, "ebitda": -207770000, "ebitdaratio": -0.4225904999, "operatingIncome": -239459000, "operatingIncomeRatio": -0.4870438394, "totalOtherIncomeExpensesNet": -20650000, "incomeBeforeTax": -260109000, "incomeBeforeTaxRatio": -0.5290445798, "incomeTaxExpense": 1213000, "netIncome": -261322000, "netIncomeRatio": -0.5315117419, "eps": -1.64, "epsdiluted": -1.64, "weightedAverageShsOut": 158952000, "weightedAverageShsOutDil": 158952000, "link": "https://www.sec.gov/Archives/edgar/data/1353283/000135328320000032/0001353283-20-000032-index.htm", "finalLink": "https://www.sec.gov/Archives/edgar/data/1353283/000135328320000032/splk-20200731.htm"}, {"date": "2020-04-30", "symbol": "SPLK", "reportedCurrency": "USD", "cik": "0001353283", "fillingDate": "2020-06-01", "acceptedDate": "2020-06-01 16:02:00", "calendarYear": "2021", "period": "Q1", "revenue": 434077000, "costOfRevenue": 128617000, "grossProfit": 305460000, "grossProfitRatio": 0.7037000348, "researchAndDevelopmentExpenses": 192124000, "generalAndAdministrativeExpenses": 82724000, "sellingAndMarketingExpenses": 319224000, "sellingGeneralAndAdministrativeExpenses": 401948000, "otherExpenses": 0, "operatingExpenses": 594072000, "costAndExpenses": 722689000, "interestIncome": 6475000, "interestExpense": 24437000, "depreciationAndAmortization": 20494000, "ebitda": -262317000, "ebitdaratio": -0.6043098344, "operatingIncome": -288612000, "operatingIncomeRatio": -0.6648866445, "totalOtherIncomeExpensesNet": -18636000, "incomeBeforeTax": -307248000, "incomeBeforeTaxRatio": -0.7078191196, "incomeTaxExpense": -1669000, "netIncome": -305579000, "netIncomeRatio": -0.7039741797, "eps": -1.94, "epsdiluted": -1.94, "weightedAverageShsOut": 157534000, "weightedAverageShsOutDil": 157534000, "link": "https://www.sec.gov/Archives/edgar/data/1353283/000135328320000024/0001353283-20-000024-index.htm", "finalLink": "https://www.sec.gov/Archives/edgar/data/1353283/000135328320000024/splk-20200430.htm"}, {"date": "2020-01-31", "symbol": "SPLK", "reportedCurrency": "USD", "cik": "0001353283", "fillingDate": "2020-03-26", "acceptedDate": "2020-03-26 17:21:49", "calendarYear": "2020", "period": "Q4", "revenue": 791182000, "costOfRevenue": 127838000, "grossProfit": 663344000, "grossProfitRatio": 0.838421501, "researchAndDevelopmentExpenses": 197513000, "generalAndAdministrativeExpenses": 106484000, "sellingAndMarketingExpenses": 367116000, "sellingGeneralAndAdministrativeExpenses": 473600000, "otherExpenses": 0, "operatingExpenses": 671113000, "costAndExpenses": 798951000, "interestIncome": 8769000, "interestExpense": 24722000, "depreciationAndAmortization": 21582000, "ebitda": 29923000, "ebitdaratio": 0.0378206279, "operatingIncome": -7769000, "operatingIncomeRatio": -0.0098194853, "totalOtherIncomeExpensesNet": -16952000, "incomeBeforeTax": -24721000, "incomeBeforeTaxRatio": -0.0312456552, "incomeTaxExpense": -1993000, "netIncome": -22728000, "netIncomeRatio": -0.0287266394, "eps": -0.15, "epsdiluted": -0.15, "weightedAverageShsOut": 151949000, "weightedAverageShsOutDil": 151949000, "link": "https://www.sec.gov/Archives/edgar/data/1353283/000135328320000008/0001353283-20-000008-index.htm", "finalLink": "https://www.sec.gov/Archives/edgar/data/1353283/000135328320000008/a01312010k.htm"}, {"date": "2019-10-31", "symbol": "SPLK", "reportedCurrency": "USD", "cik": "0001353283", "fillingDate": "2019-12-04", "acceptedDate": "2019-12-04 17:14:28", "calendarYear": "2020", "period": "Q3", "revenue": 626336000, "costOfRevenue": 107819000, "grossProfit": 518517000, "grossProfitRatio": 0.8278575717, "researchAndDevelopmentExpenses": 158887000, "generalAndAdministrativeExpenses": 88092000, "sellingAndMarketingExpenses": 319023000, "sellingGeneralAndAdministrativeExpenses": 407115000, "otherExpenses": 0, "operatingExpenses": 566002000, "costAndExpenses": 673821000, "interestIncome": 12612000, "interestExpense": 24406000, "depreciationAndAmortization": 18938000, "ebitda": -16150000, "ebitdaratio": -0.0257848822, "operatingIncome": -47485000, "operatingIncomeRatio": -0.0758139401, "totalOtherIncomeExpensesNet": -12009000, "incomeBeforeTax": -59494000, "incomeBeforeTaxRatio": -0.094987355, "incomeTaxExpense": -1855000, "netIncome": -57639000, "netIncomeRatio": -0.0920256859, "eps": -0.38, "epsdiluted": -0.38, "weightedAverageShsOut": 152404000, "weightedAverageShsOutDil": 152404000, "link": "https://www.sec.gov/Archives/edgar/data/1353283/000135328319000027/0001353283-19-000027-index.htm", "finalLink": "https://www.sec.gov/Archives/edgar/data/1353283/000135328319000027/a1031201910q.htm"}, {"date": "2019-07-31", "symbol": "SPLK", "reportedCurrency": "USD", "cik": "0001353283", "fillingDate": "2019-09-05", "acceptedDate": "2019-09-05 17:18:00", "calendarYear": "2020", "period": "Q2", "revenue": 516558000, "costOfRevenue": 98308000, "grossProfit": 418250000, "grossProfitRatio": 0.8096864244, "researchAndDevelopmentExpenses": 134110000, "generalAndAdministrativeExpenses": 72264000, "sellingAndMarketingExpenses": 298773000, "sellingGeneralAndAdministrativeExpenses": 371037000, "otherExpenses": 0, "operatingExpenses": 505147000, "costAndExpenses": 603455000, "interestIncome": 16415000, "interestExpense": 24104000, "depreciationAndAmortization": 13726000, "ebitda": -57410000, "ebitdaratio": -0.1111395042, "operatingIncome": -86897000, "operatingIncomeRatio": -0.1682231231, "totalOtherIncomeExpensesNet": -8343000, "incomeBeforeTax": -95240000, "incomeBeforeTaxRatio": -0.1843742619, "incomeTaxExpense": 5632000, "netIncome": -100872000, "netIncomeRatio": -0.1952772002, "eps": -0.67, "epsdiluted": -0.67, "weightedAverageShsOut": 150306000, "weightedAverageShsOutDil": 150306000, "link": "https://www.sec.gov/Archives/edgar/data/1353283/000135328319000018/0001353283-19-000018-index.htm", "finalLink": "https://www.sec.gov/Archives/edgar/data/1353283/000135328319000018/a731201910q.htm"}, {"date": "2019-04-30", "symbol": "SPLK", "reportedCurrency": "USD", "cik": "0001353283", "fillingDate": "2019-06-06", "acceptedDate": "2019-06-06 16:34:16", "calendarYear": "2020", "period": "Q1", "revenue": 424850000, "costOfRevenue": 95823000, "grossProfit": 329027000, "grossProfitRatio": 0.7744545134, "researchAndDevelopmentExpenses": 129290000, "generalAndAdministrativeExpenses": 65762000, "sellingAndMarketingExpenses": 278961000, "sellingGeneralAndAdministrativeExpenses": 344723000, "otherExpenses": 0, "operatingExpenses": 474013000, "costAndExpenses": 569836000, "interestIncome": 16346000, "interestExpense": 23017000, "depreciationAndAmortization": 13415000, "ebitda": -115764000, "ebitdaratio": -0.2724820525, "operatingIncome": -144986000, "operatingIncomeRatio": -0.3412639755, "totalOtherIncomeExpensesNet": -7210000, "incomeBeforeTax": -152196000, "incomeBeforeTaxRatio": -0.3582346711, "incomeTaxExpense": 3233000, "netIncome": -155429000, "netIncomeRatio": -0.3658444157, "eps": -1.04, "epsdiluted": -1.04, "weightedAverageShsOut": 149060000, "weightedAverageShsOutDil": 149060000, "link": "https://www.sec.gov/Archives/edgar/data/1353283/000135328319000012/0001353283-19-000012-index.htm", "finalLink": "https://www.sec.gov/Archives/edgar/data/1353283/000135328319000012/a430201910q.htm"}, {"date": "2019-01-31", "symbol": "SPLK", "reportedCurrency": "USD", "cik": "0001353283", "fillingDate": "2019-03-27", "acceptedDate": "2019-03-27 16:54:38", "calendarYear": "2019", "period": "Q4", "revenue": 622085000, "costOfRevenue": 93733000, "grossProfit": 528352000, "grossProfitRatio": 0.8493244492, "researchAndDevelopmentExpenses": 131151000, "generalAndAdministrativeExpenses": 69183000, "sellingAndMarketingExpenses": 303861000, "sellingGeneralAndAdministrativeExpenses": 373044000, "otherExpenses": 0, "operatingExpenses": 504195000, "costAndExpenses": 597928000, "interestIncome": 16136000, "interestExpense": 25562000, "depreciationAndAmortization": 14484000, "ebitda": 53921000, "ebitdaratio": 0.0866778656, "operatingIncome": 24157000, "operatingIncomeRatio": 0.0388323139, "totalOtherIncomeExpensesNet": -10282000, "incomeBeforeTax": 13875000, "incomeBeforeTaxRatio": 0.022304026, "incomeTaxExpense": 11749000, "netIncome": 2126000, "netIncomeRatio": 0.0034175394, "eps": 0.01, "epsdiluted": 0.01, "weightedAverageShsOut": 153335737, "weightedAverageShsOutDil": 153325000, "link": "https://www.sec.gov/Archives/edgar/data/1353283/000135328319000005/0001353283-19-000005-index.htm", "finalLink": "https://www.sec.gov/Archives/edgar/data/1353283/000135328319000005/a01311910k.htm"}, {"date": "2018-10-31", "symbol": "SPLK", "reportedCurrency": "USD", "cik": "0001353283", "fillingDate": "2018-12-07", "acceptedDate": "2018-12-07 16:40:42", "calendarYear": "2019", "period": "Q3", "revenue": 480983000, "costOfRevenue": 89225000, "grossProfit": 391758000, "grossProfitRatio": 0.8144944832, "researchAndDevelopmentExpenses": 117722000, "generalAndAdministrativeExpenses": 59819000, "sellingAndMarketingExpenses": 264223000, "sellingGeneralAndAdministrativeExpenses": 324042000, "otherExpenses": 0, "operatingExpenses": 441764000, "costAndExpenses": 530989000, "interestIncome": 8571000, "interestExpense": 12270000, "depreciationAndAmortization": 13779000, "ebitda": -27842000, "ebitdaratio": -0.0578856217, "operatingIncome": -50006000, "operatingIncomeRatio": -0.1039662524, "totalOtherIncomeExpensesNet": -3885000, "incomeBeforeTax": -53891000, "incomeBeforeTaxRatio": -0.112043461, "incomeTaxExpense": 1814000, "netIncome": -55705000, "netIncomeRatio": -0.1158149041, "eps": -0.38, "epsdiluted": -0.38, "weightedAverageShsOut": 146391000, "weightedAverageShsOutDil": 146391000, "link": "https://www.sec.gov/Archives/edgar/data/1353283/000135328318000019/0001353283-18-000019-index.htm", "finalLink": "https://www.sec.gov/Archives/edgar/data/1353283/000135328318000019/a1031201810q.htm"}, {"date": "2018-07-31", "symbol": "SPLK", "reportedCurrency": "USD", "cik": "0001353283", "fillingDate": "2018-09-05", "acceptedDate": "2018-09-05 17:24:18", "calendarYear": "2019", "period": "Q2", "revenue": 388303000, "costOfRevenue": 83748000, "grossProfit": 304555000, "grossProfitRatio": 0.7843230673, "researchAndDevelopmentExpenses": 106739000, "generalAndAdministrativeExpenses": 57844000, "sellingAndMarketingExpenses": 243830000, "sellingGeneralAndAdministrativeExpenses": 301674000, "otherExpenses": 0, "operatingExpenses": 408413000, "costAndExpenses": 492161000, "interestIncome": 1170000, "interestExpense": 1506000, "depreciationAndAmortization": 12751000, "ebitda": -88377000, "ebitdaratio": -0.2275980356, "operatingIncome": -103858000, "operatingIncomeRatio": -0.2674663858, "totalOtherIncomeExpensesNet": 1170000, "incomeBeforeTax": -102688000, "incomeBeforeTaxRatio": -0.2644532749, "incomeTaxExpense": 811000, "netIncome": -103499000, "netIncomeRatio": -0.2665418501, "eps": -0.71, "epsdiluted": -0.71, "weightedAverageShsOut": 145030000, "weightedAverageShsOutDil": 145030000, "link": "https://www.sec.gov/Archives/edgar/data/1353283/000135328318000014/0001353283-18-000014-index.htm", "finalLink": "https://www.sec.gov/Archives/edgar/data/1353283/000135328318000014/a731201810q.htm"}, {"date": "2018-04-30", "symbol": "SPLK", "reportedCurrency": "USD", "cik": "0001353283", "fillingDate": "2018-06-08", "acceptedDate": "2018-06-08 09:16:18", "calendarYear": "2019", "period": "Q1", "revenue": 311639000, "costOfRevenue": 77970000, "grossProfit": 233669000, "grossProfitRatio": 0.7498066673, "researchAndDevelopmentExpenses": 86357000, "generalAndAdministrativeExpenses": 50742000, "sellingAndMarketingExpenses": 218036000, "sellingGeneralAndAdministrativeExpenses": 268778000, "otherExpenses": 0, "operatingExpenses": 355135000, "costAndExpenses": 433105000, "interestIncome": 979000, "interestExpense": 1114000, "depreciationAndAmortization": 11416000, "ebitda": -110050000, "ebitdaratio": -0.3531329519, "operatingIncome": -121466000, "operatingIncomeRatio": -0.3897650808, "totalOtherIncomeExpensesNet": 979000, "incomeBeforeTax": -120487000, "incomeBeforeTaxRatio": -0.3866236254, "incomeTaxExpense": -1988000, "netIncome": -118499000, "netIncomeRatio": -0.3802444495, "eps": -0.83, "epsdiluted": -0.83, "weightedAverageShsOut": 143548000, "weightedAverageShsOutDil": 143548000, "link": "https://www.sec.gov/Archives/edgar/data/1353283/000135328318000007/0001353283-18-000007-index.htm", "finalLink": "https://www.sec.gov/Archives/edgar/data/1353283/000135328318000007/a430201810q.htm"}, {"date": "2018-01-31", "symbol": "SPLK", "reportedCurrency": "USD", "cik": "0001353283", "fillingDate": "2018-03-30", "acceptedDate": "2018-03-30 17:21:46", "calendarYear": "2018", "period": "Q4", "revenue": 459651000, "costOfRevenue": 74203000, "grossProfit": 385448000, "grossProfitRatio": 0.8385666517, "researchAndDevelopmentExpenses": 83962000, "generalAndAdministrativeExpenses": 47651000, "sellingAndMarketingExpenses": 219512000, "sellingGeneralAndAdministrativeExpenses": 267163000, "otherExpenses": 0, "operatingExpenses": 352954000, "costAndExpenses": 427157000, "interestIncome": 0, "interestExpense": 0, "depreciationAndAmortization": 10902000, "ebitda": 45225000, "ebitdaratio": 0.0983898654, "operatingIncome": 34323000, "operatingIncomeRatio": 0.0746718706, "totalOtherIncomeExpensesNet": -1258000, "incomeBeforeTax": 33065000, "incomeBeforeTaxRatio": 0.0719350116, "incomeTaxExpense": -102000, "netIncome": 33167000, "netIncomeRatio": 0.0721569191, "eps": 0.23, "epsdiluted": 0.23, "weightedAverageShsOut": 142131087, "weightedAverageShsOutDil": 142131000, "link": "https://www.sec.gov/Archives/edgar/data/1353283/000135328318000004/0001353283-18-000004-index.htm", "finalLink": "https://www.sec.gov/Archives/edgar/data/1353283/000135328318000004/a01311810k.htm"}, {"date": "2017-10-31", "symbol": "SPLK", "reportedCurrency": "USD", "cik": "0001353283", "fillingDate": "2017-12-06", "acceptedDate": "2017-12-06 16:12:24", "calendarYear": "2018", "period": "Q3", "revenue": 328653000, "costOfRevenue": 64167000, "grossProfit": 264486000, "grossProfitRatio": 0.8047576015, "researchAndDevelopmentExpenses": 74080000, "generalAndAdministrativeExpenses": 35857000, "sellingAndMarketingExpenses": 205364000, "sellingGeneralAndAdministrativeExpenses": 241221000, "otherExpenses": 0, "operatingExpenses": 315301000, "costAndExpenses": 379468000, "interestIncome": 0, "interestExpense": 0, "depreciationAndAmortization": 10123000, "ebitda": -40692000, "ebitdaratio": -0.1238144791, "operatingIncome": -50815000, "operatingIncomeRatio": -0.1546159627, "totalOtherIncomeExpensesNet": -19000, "incomeBeforeTax": -50834000, "incomeBeforeTaxRatio": -0.1546737745, "incomeTaxExpense": -232000, "netIncome": -50602000, "netIncomeRatio": -0.1539678628, "eps": -0.36, "epsdiluted": -0.36, "weightedAverageShsOut": 140413000, "weightedAverageShsOutDil": 140413000, "link": "https://www.sec.gov/Archives/edgar/data/1353283/000135328317000027/0001353283-17-000027-index.htm", "finalLink": "https://www.sec.gov/Archives/edgar/data/1353283/000135328317000027/a1031201710q.htm"}, {"date": "2017-07-31", "symbol": "SPLK", "reportedCurrency": "USD", "cik": "0001353283", "fillingDate": "2017-09-06", "acceptedDate": "2017-09-06 17:03:40", "calendarYear": "2018", "period": "Q2", "revenue": 279964000, "costOfRevenue": 59876000, "grossProfit": 220088000, "grossProfitRatio": 0.7861296452, "researchAndDevelopmentExpenses": 71774000, "generalAndAdministrativeExpenses": 39139000, "sellingAndMarketingExpenses": 191284000, "sellingGeneralAndAdministrativeExpenses": 230423000, "otherExpenses": 0, "operatingExpenses": 302197000, "costAndExpenses": 362073000, "interestIncome": 0, "interestExpense": 0, "depreciationAndAmortization": 10813000, "ebitda": -71296000, "ebitdaratio": -0.2546613136, "operatingIncome": -82109000, "operatingIncomeRatio": -0.2932841365, "totalOtherIncomeExpensesNet": -1038000, "incomeBeforeTax": -83147000, "incomeBeforeTaxRatio": -0.2969917561, "incomeTaxExpense": 353000, "netIncome": -83500000, "netIncomeRatio": -0.2982526325, "eps": -0.6, "epsdiluted": -0.6, "weightedAverageShsOut": 139063000, "weightedAverageShsOutDil": 139063000, "link": "https://www.sec.gov/Archives/edgar/data/1353283/000135328317000021/0001353283-17-000021-index.htm", "finalLink": "https://www.sec.gov/Archives/edgar/data/1353283/000135328317000021/a731201710q.htm"}, {"date": "2017-04-30", "symbol": "SPLK", "reportedCurrency": "USD", "cik": "0001353283", "fillingDate": "2017-06-08", "acceptedDate": "2017-06-08 16:53:16", "calendarYear": "2018", "period": "Q1", "revenue": 242448000, "costOfRevenue": 58163000, "grossProfit": 184285000, "grossProfitRatio": 0.7601011351, "researchAndDevelopmentExpenses": 71298000, "generalAndAdministrativeExpenses": 36496000, "sellingAndMarketingExpenses": 173948000, "sellingGeneralAndAdministrativeExpenses": 210444000, "otherExpenses": 0, "operatingExpenses": 281742000, "costAndExpenses": 339905000, "interestIncome": 0, "interestExpense": 0, "depreciationAndAmortization": 9103000, "ebitda": -88354000, "ebitdaratio": -0.3644245364, "operatingIncome": -97457000, "operatingIncomeRatio": -0.4019707319, "totalOtherIncomeExpensesNet": -1136000, "incomeBeforeTax": -98593000, "incomeBeforeTaxRatio": -0.4066562727, "incomeTaxExpense": 1338000, "netIncome": -99931000, "netIncomeRatio": -0.4121749819, "eps": -0.73, "epsdiluted": -0.73, "weightedAverageShsOut": 137785000, "weightedAverageShsOutDil": 137785000, "link": "https://www.sec.gov/Archives/edgar/data/1353283/000135328317000015/0001353283-17-000015-index.htm", "finalLink": "https://www.sec.gov/Archives/edgar/data/1353283/000135328317000015/a430201710q.htm"}, {"date": "2017-01-31", "symbol": "SPLK", "reportedCurrency": "USD", "cik": "0001353283", "fillingDate": "2017-03-29", "acceptedDate": "2017-03-29 17:04:42", "calendarYear": "2017", "period": "Q4", "revenue": 306461000, "costOfRevenue": 58263000, "grossProfit": 248198000, "grossProfitRatio": 0.8098844551, "researchAndDevelopmentExpenses": 75596000, "generalAndAdministrativeExpenses": 52895000, "sellingAndMarketingExpenses": 190815000, "sellingGeneralAndAdministrativeExpenses": 243710000, "otherExpenses": 0, "operatingExpenses": 319306000, "costAndExpenses": 377569000, "interestIncome": 0, "interestExpense": 0, "depreciationAndAmortization": 9199000, "ebitda": -61909000, "ebitdaratio": -0.2020126541, "operatingIncome": -71108000, "operatingIncomeRatio": -0.2320295241, "totalOtherIncomeExpensesNet": -1292000, "incomeBeforeTax": -72400000, "incomeBeforeTaxRatio": -0.236245395, "incomeTaxExpense": 1805000, "netIncome": -74205000, "netIncomeRatio": -0.2421352146, "eps": -0.54, "epsdiluted": -0.54, "weightedAverageShsOut": 136230202, "weightedAverageShsOutDil": 136230000, "link": "https://www.sec.gov/Archives/edgar/data/1353283/000135328317000008/0001353283-17-000008-index.htm", "finalLink": "https://www.sec.gov/Archives/edgar/data/1353283/000135328317000008/a01311710k.htm"}, {"date": "2016-10-31", "symbol": "SPLK", "reportedCurrency": "USD", "cik": "0001353283", "fillingDate": "2016-12-09", "acceptedDate": "2016-12-09 16:15:30", "calendarYear": "2017", "period": "Q3", "revenue": 244789000, "costOfRevenue": 48674000, "grossProfit": 196115000, "grossProfitRatio": 0.8011593658, "researchAndDevelopmentExpenses": 85659000, "generalAndAdministrativeExpenses": 34079000, "sellingAndMarketingExpenses": 167330000, "sellingGeneralAndAdministrativeExpenses": 201409000, "otherExpenses": 0, "operatingExpenses": 287068000, "costAndExpenses": 335742000, "interestIncome": 0, "interestExpense": 0, "depreciationAndAmortization": 8279000, "ebitda": -82674000, "ebitdaratio": -0.3377357643, "operatingIncome": -90953000, "operatingIncomeRatio": -0.3715567284, "totalOtherIncomeExpensesNet": -1171000, "incomeBeforeTax": -92124000, "incomeBeforeTaxRatio": -0.3763404401, "incomeTaxExpense": 1367000, "netIncome": -93491000, "netIncomeRatio": -0.3819248414, "eps": -0.69, "epsdiluted": -0.69, "weightedAverageShsOut": 134677000, "weightedAverageShsOutDil": 134677000, "link": "https://www.sec.gov/Archives/edgar/data/1353283/000135328316000053/0001353283-16-000053-index.htm", "finalLink": "https://www.sec.gov/Archives/edgar/data/1353283/000135328316000053/a1031201610q.htm"}, {"date": "2016-07-31", "symbol": "SPLK", "reportedCurrency": "USD", "cik": "0001353283", "fillingDate": "2016-09-08", "acceptedDate": "2016-09-08 17:14:57", "calendarYear": "2017", "period": "Q2", "revenue": 212753000, "costOfRevenue": 44616000, "grossProfit": 168137000, "grossProfitRatio": 0.7902920288, "researchAndDevelopmentExpenses": 67224000, "generalAndAdministrativeExpenses": 34312000, "sellingAndMarketingExpenses": 150228000, "sellingGeneralAndAdministrativeExpenses": 184540000, "otherExpenses": 0, "operatingExpenses": 251764000, "costAndExpenses": 296380000, "interestIncome": 0, "interestExpense": 0, "depreciationAndAmortization": 8174000, "ebitda": -75453000, "ebitdaratio": -0.3546506982, "operatingIncome": -83627000, "operatingIncomeRatio": -0.393070838, "totalOtherIncomeExpensesNet": -1860000, "incomeBeforeTax": -85487000, "incomeBeforeTaxRatio": -0.4018133704, "incomeTaxExpense": 1110000, "netIncome": -86597000, "netIncomeRatio": -0.4070306882, "eps": -0.65, "epsdiluted": -0.65, "weightedAverageShsOut": 133041000, "weightedAverageShsOutDil": 133041000, "link": "https://www.sec.gov/Archives/edgar/data/1353283/000135328316000047/0001353283-16-000047-index.htm", "finalLink": "https://www.sec.gov/Archives/edgar/data/1353283/000135328316000047/a731201610q.htm"}, {"date": "2016-04-30", "symbol": "SPLK", "reportedCurrency": "USD", "cik": "0001353283", "fillingDate": "2016-06-09", "acceptedDate": "2016-06-09 17:19:32", "calendarYear": "2017", "period": "Q1", "revenue": 185952000, "costOfRevenue": 39500000, "grossProfit": 146452000, "grossProfitRatio": 0.7875795904, "researchAndDevelopmentExpenses": 67371000, "generalAndAdministrativeExpenses": 32073000, "sellingAndMarketingExpenses": 145151000, "sellingGeneralAndAdministrativeExpenses": 177224000, "otherExpenses": 0, "operatingExpenses": 244595000, "costAndExpenses": 284095000, "interestIncome": 0, "interestExpense": 0, "depreciationAndAmortization": 6461000, "ebitda": -91682000, "ebitdaratio": -0.4930412149, "operatingIncome": -98143000, "operatingIncomeRatio": -0.5277867407, "totalOtherIncomeExpensesNet": -1528000, "incomeBeforeTax": -99671000, "incomeBeforeTaxRatio": -0.536003915, "incomeTaxExpense": 1225000, "netIncome": -100896000, "netIncomeRatio": -0.5425916366, "eps": -0.77, "epsdiluted": -0.77, "weightedAverageShsOut": 131494000, "weightedAverageShsOutDil": 131494000, "link": "https://www.sec.gov/Archives/edgar/data/1353283/000135328316000040/0001353283-16-000040-index.htm", "finalLink": "https://www.sec.gov/Archives/edgar/data/1353283/000135328316000040/a430201610q.htm"}, {"date": "2016-01-31", "symbol": "SPLK", "reportedCurrency": "USD", "cik": "0001353283", "fillingDate": "2016-03-30", "acceptedDate": "2016-03-30 16:41:26", "calendarYear": "2016", "period": "Q4", "revenue": 220024000, "costOfRevenue": 35406000, "grossProfit": 184618000, "grossProfitRatio": 0.8390811911, "researchAndDevelopmentExpenses": 66117000, "generalAndAdministrativeExpenses": 36090000, "sellingAndMarketingExpenses": 161442000, "sellingGeneralAndAdministrativeExpenses": 197532000, "otherExpenses": 0, "operatingExpenses": 263649000, "costAndExpenses": 299055000, "interestIncome": 0, "interestExpense": 0, "depreciationAndAmortization": 6024000, "ebitda": -73007000, "ebitdaratio": -0.3318138021, "operatingIncome": -79031000, "operatingIncomeRatio": -0.3591926335, "totalOtherIncomeExpensesNet": 594000, "incomeBeforeTax": -78437000, "incomeBeforeTaxRatio": -0.356492928, "incomeTaxExpense": 886000, "netIncome": -79323000, "netIncomeRatio": -0.3605197615, "eps": -0.61, "epsdiluted": -0.61, "weightedAverageShsOut": 130020013, "weightedAverageShsOutDil": 130020000, "link": "https://www.sec.gov/Archives/edgar/data/1353283/000135328316000033/0001353283-16-000033-index.htm", "finalLink": "https://www.sec.gov/Archives/edgar/data/1353283/000135328316000033/a01311610k.htm"}, {"date": "2015-10-31", "symbol": "SPLK", "reportedCurrency": "USD", "cik": "0001353283", "fillingDate": "2015-12-10", "acceptedDate": "2015-12-10 17:15:10", "calendarYear": "2016", "period": "Q3", "revenue": 174420000, "costOfRevenue": 30591000, "grossProfit": 143829000, "grossProfitRatio": 0.8246130031, "researchAndDevelopmentExpenses": 56186000, "generalAndAdministrativeExpenses": 29857000, "sellingAndMarketingExpenses": 130131000, "sellingGeneralAndAdministrativeExpenses": 159988000, "otherExpenses": 0, "operatingExpenses": 216174000, "costAndExpenses": 246765000, "interestIncome": 0, "interestExpense": 106000, "depreciationAndAmortization": 5691000, "ebitda": -66654000, "ebitdaratio": -0.3821465428, "operatingIncome": -72345000, "operatingIncomeRatio": -0.4147746818, "totalOtherIncomeExpensesNet": 106000, "incomeBeforeTax": -72239000, "incomeBeforeTaxRatio": -0.4141669533, "incomeTaxExpense": 735000, "netIncome": -72974000, "netIncomeRatio": -0.4183809196, "eps": -0.57, "epsdiluted": -0.57, "weightedAverageShsOut": 128368000, "weightedAverageShsOutDil": 128368000, "link": "https://www.sec.gov/Archives/edgar/data/1353283/000135328315000027/0001353283-15-000027-index.htm", "finalLink": "https://www.sec.gov/Archives/edgar/data/1353283/000135328315000027/a1031201510q.htm"}, {"date": "2015-07-31", "symbol": "SPLK", "reportedCurrency": "USD", "cik": "0001353283", "fillingDate": "2015-09-09", "acceptedDate": "2015-09-09 17:13:18", "calendarYear": "2016", "period": "Q2", "revenue": 148326000, "costOfRevenue": 25040000, "grossProfit": 123286000, "grossProfitRatio": 0.8311826652, "researchAndDevelopmentExpenses": 48308000, "generalAndAdministrativeExpenses": 28760000, "sellingAndMarketingExpenses": 111786000, "sellingGeneralAndAdministrativeExpenses": 140546000, "otherExpenses": 0, "operatingExpenses": 188854000, "costAndExpenses": 213894000, "interestIncome": 0, "interestExpense": 130000, "depreciationAndAmortization": 4310000, "ebitda": -61258000, "ebitdaratio": -0.4129956987, "operatingIncome": -65568000, "operatingIncomeRatio": -0.442053315, "totalOtherIncomeExpensesNet": 130000, "incomeBeforeTax": -65438000, "incomeBeforeTaxRatio": -0.4411768672, "incomeTaxExpense": -10149000, "netIncome": -55289000, "netIncomeRatio": -0.3727532597, "eps": -0.44, "epsdiluted": -0.44, "weightedAverageShsOut": 126621000, "weightedAverageShsOutDil": 126621000, "link": "https://www.sec.gov/Archives/edgar/data/1353283/000135328315000020/0001353283-15-000020-index.htm", "finalLink": "https://www.sec.gov/Archives/edgar/data/1353283/000135328315000020/a731201510q.htm"}, {"date": "2015-04-30", "symbol": "SPLK", "reportedCurrency": "USD", "cik": "0001353283", "fillingDate": "2015-06-09", "acceptedDate": "2015-06-09 17:27:32", "calendarYear": "2016", "period": "Q1", "revenue": 125665000, "costOfRevenue": 23085000, "grossProfit": 102580000, "grossProfitRatio": 0.8162972984, "researchAndDevelopmentExpenses": 44698000, "generalAndAdministrativeExpenses": 26872000, "sellingAndMarketingExpenses": 101989000, "sellingGeneralAndAdministrativeExpenses": 128861000, "otherExpenses": 0, "operatingExpenses": 173559000, "costAndExpenses": 196644000, "interestIncome": 0, "interestExpense": 449000, "depreciationAndAmortization": 3466000, "ebitda": -67513000, "ebitdaratio": -0.5372458521, "operatingIncome": -70979000, "operatingIncomeRatio": -0.5648271197, "totalOtherIncomeExpensesNet": 449000, "incomeBeforeTax": -70530000, "incomeBeforeTaxRatio": -0.561254128, "incomeTaxExpense": 656000, "netIncome": -71186000, "netIncomeRatio": -0.5664743564, "eps": -0.57, "epsdiluted": -0.57, "weightedAverageShsOut": 124548000, "weightedAverageShsOutDil": 124548000, "link": "https://www.sec.gov/Archives/edgar/data/1353283/000135328315000013/0001353283-15-000013-index.htm", "finalLink": "https://www.sec.gov/Archives/edgar/data/1353283/000135328315000013/a430201510q.htm"}, {"date": "2015-01-31", "symbol": "SPLK", "reportedCurrency": "USD", "cik": "0001353283", "fillingDate": "2015-03-31", "acceptedDate": "2015-03-31 16:50:53", "calendarYear": "2015", "period": "Q4", "revenue": 147392000, "costOfRevenue": 21540000, "grossProfit": 125852000, "grossProfitRatio": 0.8538590968, "researchAndDevelopmentExpenses": 47335000, "generalAndAdministrativeExpenses": 27921000, "sellingAndMarketingExpenses": 107695000, "sellingGeneralAndAdministrativeExpenses": 135616000, "otherExpenses": 0, "operatingExpenses": 182951000, "costAndExpenses": 204491000, "interestIncome": 0, "interestExpense": 0, "depreciationAndAmortization": 3526000, "ebitda": -53573000, "ebitdaratio": -0.3634729158, "operatingIncome": -57099000, "operatingIncomeRatio": -0.3873955167, "totalOtherIncomeExpensesNet": 804000, "incomeBeforeTax": -56295000, "incomeBeforeTaxRatio": -0.3819406752, "incomeTaxExpense": 733000, "netIncome": -57028000, "netIncomeRatio": -0.3869138081, "eps": -0.47, "epsdiluted": -0.47, "weightedAverageShsOut": 122385000, "weightedAverageShsOutDil": 122385000, "link": "https://www.sec.gov/Archives/edgar/data/1353283/000135328315000006/0001353283-15-000006-index.htm", "finalLink": "https://www.sec.gov/Archives/edgar/data/1353283/000135328315000006/a01311510k.htm"}, {"date": "2014-10-31", "symbol": "SPLK", "reportedCurrency": "USD", "cik": "0001353283", "fillingDate": "2014-12-10", "acceptedDate": "2014-12-10 17:17:17", "calendarYear": "2015", "period": "Q3", "revenue": 116029000, "costOfRevenue": 17580000, "grossProfit": 98449000, "grossProfitRatio": 0.8484861543, "researchAndDevelopmentExpenses": 39534000, "generalAndAdministrativeExpenses": 21446000, "sellingAndMarketingExpenses": 85720000, "sellingGeneralAndAdministrativeExpenses": 107166000, "otherExpenses": 0, "operatingExpenses": 146700000, "costAndExpenses": 164280000, "interestIncome": 0, "interestExpense": 147000, "depreciationAndAmortization": 3430000, "ebitda": -44821000, "ebitdaratio": -0.3862913582, "operatingIncome": -48251000, "operatingIncomeRatio": -0.4158529333, "totalOtherIncomeExpensesNet": 147000, "incomeBeforeTax": -48104000, "incomeBeforeTaxRatio": -0.4145860087, "incomeTaxExpense": 447000, "netIncome": -48551000, "netIncomeRatio": -0.4184384938, "eps": -0.4, "epsdiluted": -0.4, "weightedAverageShsOut": 120331000, "weightedAverageShsOutDil": 120331000, "link": "https://www.sec.gov/Archives/edgar/data/1353283/000135328314000027/0001353283-14-000027-index.htm", "finalLink": "https://www.sec.gov/Archives/edgar/data/1353283/000135328314000027/a1031201410q.htm"}, {"date": "2014-07-31", "symbol": "SPLK", "reportedCurrency": "USD", "cik": "0001353283", "fillingDate": "2014-09-09", "acceptedDate": "2014-09-09 17:27:21", "calendarYear": "2015", "period": "Q2", "revenue": 101547000, "costOfRevenue": 15071000, "grossProfit": 86476000, "grossProfitRatio": 0.8515859651, "researchAndDevelopmentExpenses": 34179000, "generalAndAdministrativeExpenses": 32676000, "sellingAndMarketingExpenses": 79978000, "sellingGeneralAndAdministrativeExpenses": 112654000, "otherExpenses": 0, "operatingExpenses": 146833000, "costAndExpenses": 161904000, "interestIncome": 0, "interestExpense": 109000, "depreciationAndAmortization": 2887000, "ebitda": -57470000, "ebitdaratio": -0.5659448334, "operatingIncome": -60357000, "operatingIncomeRatio": -0.5943750185, "totalOtherIncomeExpensesNet": 109000, "incomeBeforeTax": -60248000, "incomeBeforeTaxRatio": -0.5933016239, "incomeTaxExpense": 534000, "netIncome": -60782000, "netIncomeRatio": -0.5985602726, "eps": -0.51, "epsdiluted": -0.51, "weightedAverageShsOut": 119012000, "weightedAverageShsOutDil": 119012000, "link": "https://www.sec.gov/Archives/edgar/data/1353283/000135328314000020/0001353283-14-000020-index.htm", "finalLink": "https://www.sec.gov/Archives/edgar/data/1353283/000135328314000020/a731201410q.htm"}, {"date": "2014-04-30", "symbol": "SPLK", "reportedCurrency": "USD", "cik": "0001353283", "fillingDate": "2014-06-09", "acceptedDate": "2014-06-09 17:13:44", "calendarYear": "2015", "period": "Q1", "revenue": 85907000, "costOfRevenue": 14187000, "grossProfit": 71720000, "grossProfitRatio": 0.8348562981, "researchAndDevelopmentExpenses": 29742000, "generalAndAdministrativeExpenses": 21003000, "sellingAndMarketingExpenses": 71078000, "sellingGeneralAndAdministrativeExpenses": 92081000, "otherExpenses": 0, "operatingExpenses": 121823000, "costAndExpenses": 136010000, "interestIncome": 130000, "interestExpense": 0, "depreciationAndAmortization": 2651000, "ebitda": -47452000, "ebitdaratio": -0.5523647665, "operatingIncome": -50103000, "operatingIncomeRatio": -0.5832237187, "totalOtherIncomeExpensesNet": -90000, "incomeBeforeTax": -50193000, "incomeBeforeTaxRatio": -0.5842713632, "incomeTaxExpense": 562000, "netIncome": -50755000, "netIncomeRatio": -0.5908133214, "eps": -0.43, "epsdiluted": -0.43, "weightedAverageShsOut": 117290000, "weightedAverageShsOutDil": 117290000, "link": "https://www.sec.gov/Archives/edgar/data/1353283/000135328314000013/0001353283-14-000013-index.htm", "finalLink": "https://www.sec.gov/Archives/edgar/data/1353283/000135328314000013/a430201410q.htm"}, {"date": "2014-01-31", "symbol": "SPLK", "reportedCurrency": "USD", "cik": "0001353283", "fillingDate": "2014-03-31", "acceptedDate": "2014-03-31 16:22:00", "calendarYear": "2014", "period": "Q4", "revenue": 99910000, "costOfRevenue": 11198000, "grossProfit": 88712000, "grossProfitRatio": 0.8879191272, "researchAndDevelopmentExpenses": 26260000, "generalAndAdministrativeExpenses": 18600000, "sellingAndMarketingExpenses": 76336000, "sellingGeneralAndAdministrativeExpenses": 94936000, "otherExpenses": 0, "operatingExpenses": 121196000, "costAndExpenses": 132394000, "interestIncome": 0, "interestExpense": 0, "depreciationAndAmortization": 2192000, "ebitda": -30292000, "ebitdaratio": -0.3031928736, "operatingIncome": -32484000, "operatingIncomeRatio": -0.3251326194, "totalOtherIncomeExpensesNet": -410000, "incomeBeforeTax": -32894000, "incomeBeforeTaxRatio": -0.3292363127, "incomeTaxExpense": -263000, "netIncome": -32631000, "netIncomeRatio": -0.3266039435, "eps": -0.3, "epsdiluted": -0.3, "weightedAverageShsOut": 108047164, "weightedAverageShsOutDil": 108047000, "link": "https://www.sec.gov/Archives/edgar/data/1353283/000135328314000007/0001353283-14-000007-index.htm", "finalLink": "https://www.sec.gov/Archives/edgar/data/1353283/000135328314000007/a01311410k.htm"}, {"date": "2013-10-31", "symbol": "SPLK", "reportedCurrency": "USD", "cik": "0001353283", "fillingDate": "2013-12-13", "acceptedDate": "2013-12-13 17:18:33", "calendarYear": "2014", "period": "Q3", "revenue": 78633000, "costOfRevenue": 10525000, "grossProfit": 68108000, "grossProfitRatio": 0.866150344, "researchAndDevelopmentExpenses": 18961000, "generalAndAdministrativeExpenses": 12917000, "sellingAndMarketingExpenses": 53052000, "sellingGeneralAndAdministrativeExpenses": 65969000, "otherExpenses": 0, "operatingExpenses": 84930000, "costAndExpenses": 95455000, "interestIncome": 55000, "interestExpense": 0, "depreciationAndAmortization": 1620000, "ebitda": -15202000, "ebitdaratio": -0.1933285008, "operatingIncome": -16822000, "operatingIncomeRatio": -0.2139305381, "totalOtherIncomeExpensesNet": -228000, "incomeBeforeTax": -17050000, "incomeBeforeTaxRatio": -0.2168300841, "incomeTaxExpense": -500000, "netIncome": -16550000, "netIncomeRatio": -0.2104714306, "eps": -0.16, "epsdiluted": -0.16, "weightedAverageShsOut": 106008000, "weightedAverageShsOutDil": 106008000, "link": "https://www.sec.gov/Archives/edgar/data/1353283/000135328313000015/0001353283-13-000015-index.htm", "finalLink": "https://www.sec.gov/Archives/edgar/data/1353283/000135328313000015/a1031201310q.htm"}, {"date": "2013-07-31", "symbol": "SPLK", "reportedCurrency": "USD", "cik": "0001353283", "fillingDate": "2013-09-13", "acceptedDate": "2013-09-13 16:27:07", "calendarYear": "2014", "period": "Q2", "revenue": 66873000, "costOfRevenue": 7421000, "grossProfit": 59452000, "grossProfitRatio": 0.8890284569, "researchAndDevelopmentExpenses": 16210000, "generalAndAdministrativeExpenses": 11912000, "sellingAndMarketingExpenses": 44634000, "sellingGeneralAndAdministrativeExpenses": 56546000, "otherExpenses": 0, "operatingExpenses": 72756000, "costAndExpenses": 80177000, "interestIncome": 0, "interestExpense": 0, "depreciationAndAmortization": 1455000, "ebitda": -11849000, "ebitdaratio": -0.1771866074, "operatingIncome": -13304000, "operatingIncomeRatio": -0.1989442675, "totalOtherIncomeExpensesNet": -24000, "incomeBeforeTax": -13328000, "incomeBeforeTaxRatio": -0.1993031567, "incomeTaxExpense": 365000, "netIncome": -13693000, "netIncomeRatio": -0.2047612639, "eps": -0.13, "epsdiluted": -0.13, "weightedAverageShsOut": 104100000, "weightedAverageShsOutDil": 104100000, "link": "https://www.sec.gov/Archives/edgar/data/1353283/000135328313000008/0001353283-13-000008-index.htm", "finalLink": "https://www.sec.gov/Archives/edgar/data/1353283/000135328313000008/a731201310q.htm"}, {"date": "2013-04-30", "symbol": "SPLK", "reportedCurrency": "USD", "cik": "0001353283", "fillingDate": "2013-06-13", "acceptedDate": "2013-06-13 17:28:30", "calendarYear": "2014", "period": "Q1", "revenue": 57207000, "costOfRevenue": 6681000, "grossProfit": 50526000, "grossProfitRatio": 0.8832135927, "researchAndDevelopmentExpenses": 14464000, "generalAndAdministrativeExpenses": 10446000, "sellingAndMarketingExpenses": 41313000, "sellingGeneralAndAdministrativeExpenses": 51759000, "otherExpenses": 0, "operatingExpenses": 66223000, "costAndExpenses": 72904000, "interestIncome": 0, "interestExpense": 0, "depreciationAndAmortization": 1425000, "ebitda": -14272000, "ebitdaratio": -0.2494799587, "operatingIncome": -15697000, "operatingIncomeRatio": -0.2743894978, "totalOtherIncomeExpensesNet": -33000, "incomeBeforeTax": -15730000, "incomeBeforeTaxRatio": -0.2749663503, "incomeTaxExpense": 404000, "netIncome": -16134000, "netIncomeRatio": -0.2820284231, "eps": -0.16, "epsdiluted": -0.16, "weightedAverageShsOut": 102015000, "weightedAverageShsOutDil": 102015000, "link": "https://www.sec.gov/Archives/edgar/data/1353283/000144530513001482/0001445305-13-001482-index.htm", "finalLink": "https://www.sec.gov/Archives/edgar/data/1353283/000144530513001482/a430201310q.htm"}, {"date": "2013-01-31", "symbol": "SPLK", "reportedCurrency": "USD", "cik": "0001353283", "fillingDate": "2013-04-01", "acceptedDate": "2013-04-01 17:03:54", "calendarYear": "2013", "period": "Q4", "revenue": 65225000, "costOfRevenue": 6635000, "grossProfit": 58590000, "grossProfitRatio": 0.8982752012, "researchAndDevelopmentExpenses": 13285000, "generalAndAdministrativeExpenses": 10884000, "sellingAndMarketingExpenses": 40345000, "sellingGeneralAndAdministrativeExpenses": 51229000, "otherExpenses": 0, "operatingExpenses": 64514000, "costAndExpenses": 71149000, "interestIncome": 0, "interestExpense": 0, "depreciationAndAmortization": 1317000, "ebitda": -4607000, "ebitdaratio": -0.0706324262, "operatingIncome": -5924000, "operatingIncomeRatio": -0.0908240705, "totalOtherIncomeExpensesNet": 37000, "incomeBeforeTax": -5887000, "incomeBeforeTaxRatio": -0.0902568034, "incomeTaxExpense": 275000, "netIncome": -6162000, "netIncomeRatio": -0.0944729782, "eps": -0.0622, "epsdiluted": -0.0622, "weightedAverageShsOut": 98997493, "weightedAverageShsOutDil": 98996000, "link": "https://www.sec.gov/Archives/edgar/data/1353283/000104746913003746/0001047469-13-003746-index.htm", "finalLink": "https://www.sec.gov/Archives/edgar/data/1353283/000104746913003746/a2213946z10-k.htm"}, {"date": "2012-10-31", "symbol": "SPLK", "reportedCurrency": "USD", "cik": "0001353283", "fillingDate": "2012-12-13", "acceptedDate": "2012-12-13 17:20:17", "calendarYear": "2013", "period": "Q3", "revenue": 52045000, "costOfRevenue": 5879000, "grossProfit": 46166000, "grossProfitRatio": 0.8870400615, "researchAndDevelopmentExpenses": 11074000, "generalAndAdministrativeExpenses": 7625000, "sellingAndMarketingExpenses": 32847000, "sellingGeneralAndAdministrativeExpenses": 40472000, "otherExpenses": 0, "operatingExpenses": 51546000, "costAndExpenses": 57425000, "interestIncome": 0, "interestExpense": 31000, "depreciationAndAmortization": 1208000, "ebitda": -4172000, "ebitdaratio": -0.0801613988, "operatingIncome": -5380000, "operatingIncomeRatio": -0.1033720819, "totalOtherIncomeExpensesNet": 31000, "incomeBeforeTax": -5349000, "incomeBeforeTaxRatio": -0.1027764435, "incomeTaxExpense": 125000, "netIncome": -5474000, "netIncomeRatio": -0.1051782112, "eps": -0.0566, "epsdiluted": -0.0566, "weightedAverageShsOut": 96671000, "weightedAverageShsOutDil": 96671000, "link": "https://www.sec.gov/Archives/edgar/data/1353283/000110465912083984/0001104659-12-083984-index.htm", "finalLink": "https://www.sec.gov/Archives/edgar/data/1353283/000110465912083984/a12-25265_110q.htm"}, {"date": "2012-07-31", "symbol": "SPLK", "reportedCurrency": "USD", "cik": "0001353283", "fillingDate": "2012-09-13", "acceptedDate": "2012-09-13 17:16:00", "calendarYear": "2013", "period": "Q2", "revenue": 44483000, "costOfRevenue": 4645000, "grossProfit": 39838000, "grossProfitRatio": 0.895578086, "researchAndDevelopmentExpenses": 9391000, "generalAndAdministrativeExpenses": 7247000, "sellingAndMarketingExpenses": 27740000, "sellingGeneralAndAdministrativeExpenses": 34987000, "otherExpenses": 0, "operatingExpenses": 44378000, "costAndExpenses": 49023000, "interestIncome": 0, "interestExpense": 101000, "depreciationAndAmortization": -202000, "ebitda": -4540000, "ebitdaratio": -0.1020614617, "operatingIncome": -4540000, "operatingIncomeRatio": -0.1020614617, "totalOtherIncomeExpensesNet": 101000, "incomeBeforeTax": -4439000, "incomeBeforeTaxRatio": -0.0997909314, "incomeTaxExpense": 136000, "netIncome": -4575000, "netIncomeRatio": -0.1028482791, "eps": -0.0479, "epsdiluted": -0.0479, "weightedAverageShsOut": 95518000, "weightedAverageShsOutDil": 95518000, "link": "https://www.sec.gov/Archives/edgar/data/1353283/000110465912063326/0001104659-12-063326-index.htm", "finalLink": "https://www.sec.gov/Archives/edgar/data/1353283/000110465912063326/a12-16095_110q.htm"}, {"date": "2012-04-30", "symbol": "SPLK", "reportedCurrency": "USD", "cik": "0001353283", "fillingDate": "2012-06-13", "acceptedDate": "2012-06-12 21:19:15", "calendarYear": "2013", "period": "Q1", "revenue": 37191000, "costOfRevenue": 4265000, "grossProfit": 32926000, "grossProfitRatio": 0.8853217176, "researchAndDevelopmentExpenses": 8103000, "generalAndAdministrativeExpenses": 6846000, "sellingAndMarketingExpenses": 24166000, "sellingGeneralAndAdministrativeExpenses": 31012000, "otherExpenses": 0, "operatingExpenses": 39115000, "costAndExpenses": 43380000, "interestIncome": 0, "interestExpense": 17000, "depreciationAndAmortization": 931000, "ebitda": -6189000, "ebitdaratio": -0.1664112285, "operatingIncome": -6189000, "operatingIncomeRatio": -0.1664112285, "totalOtherIncomeExpensesNet": -14104000, "incomeBeforeTax": -20293000, "incomeBeforeTaxRatio": -0.545642763, "incomeTaxExpense": 177000, "netIncome": -20470000, "netIncomeRatio": -0.550401979, "eps": -0.71, "epsdiluted": -0.71, "weightedAverageShsOut": 28679000, "weightedAverageShsOutDil": 28679000, "link": "https://www.sec.gov/Archives/edgar/data/1353283/000110465912043118/0001104659-12-043118-index.htm", "finalLink": "https://www.sec.gov/Archives/edgar/data/1353283/000110465912043118/a12-13443_110q.htm"}, {"date": "2012-01-31", "symbol": "SPLK", "reportedCurrency": "USD", "cik": "0001353283", "fillingDate": "2012-01-31", "acceptedDate": "2012-01-31 00:00:00", "calendarYear": "2012", "period": "Q4", "revenue": 43199000, "costOfRevenue": 3435000, "grossProfit": 39764000, "grossProfitRatio": 0.9204842705, "researchAndDevelopmentExpenses": 7334000, "generalAndAdministrativeExpenses": 6590000, "sellingAndMarketingExpenses": 26445000, "sellingGeneralAndAdministrativeExpenses": 33035000, "otherExpenses": 0, "operatingExpenses": 40369000, "costAndExpenses": 43804000, "interestIncome": 0, "interestExpense": 0, "depreciationAndAmortization": 691000, "ebitda": 629000, "ebitdaratio": 0.0145605222, "operatingIncome": -605000, "operatingIncomeRatio": -0.0140049538, "totalOtherIncomeExpensesNet": -543000, "incomeBeforeTax": -1148000, "incomeBeforeTaxRatio": -0.0265746892, "incomeTaxExpense": 128000, "netIncome": -1276000, "netIncomeRatio": -0.0295377208, "eps": -0.0138, "epsdiluted": -0.0138, "weightedAverageShsOut": 20646000, "weightedAverageShsOutDil": 20646000, "link": null, "finalLink": null}, {"date": "2011-10-31", "symbol": "SPLK", "reportedCurrency": "USD", "cik": "0001353283", "fillingDate": "2011-10-31", "acceptedDate": "2011-10-31 00:00:00", "calendarYear": "2012", "period": "Q3", "revenue": 31173000, "costOfRevenue": 3193000, "grossProfit": 27980000, "grossProfitRatio": 0.8975716165, "researchAndDevelopmentExpenses": 6475000, "generalAndAdministrativeExpenses": 5370000, "sellingAndMarketingExpenses": 19179000, "sellingGeneralAndAdministrativeExpenses": 24549000, "otherExpenses": 0, "operatingExpenses": 31024000, "costAndExpenses": 34217000, "interestIncome": 0, "interestExpense": 0, "depreciationAndAmortization": 584000, "ebitda": -2021000, "ebitdaratio": -0.0648317454, "operatingIncome": -3044000, "operatingIncomeRatio": -0.0976486062, "totalOtherIncomeExpensesNet": -466000, "incomeBeforeTax": -3510000, "incomeBeforeTaxRatio": -0.1125974401, "incomeTaxExpense": 50000, "netIncome": -3560000, "netIncomeRatio": -0.1142013922, "eps": -0.17, "epsdiluted": -0.17, "weightedAverageShsOut": 21220000, "weightedAverageShsOutDil": 21220000, "link": null, "finalLink": null}, {"date": "2011-07-31", "symbol": "SPLK", "reportedCurrency": "USD", "cik": "0001353283", "fillingDate": "2011-07-31", "acceptedDate": "2011-07-31 00:00:00", "calendarYear": "2012", "period": "Q2", "revenue": 25949000, "costOfRevenue": 2973000, "grossProfit": 22976000, "grossProfitRatio": 0.8854291109, "researchAndDevelopmentExpenses": 5414000, "generalAndAdministrativeExpenses": 4446000, "sellingAndMarketingExpenses": 16390000, "sellingGeneralAndAdministrativeExpenses": 20836000, "otherExpenses": 0, "operatingExpenses": 26250000, "costAndExpenses": 29223000, "interestIncome": 0, "interestExpense": 0, "depreciationAndAmortization": 497000, "ebitda": -2174000, "ebitdaratio": -0.0837797218, "operatingIncome": -3274000, "operatingIncomeRatio": -0.1261705653, "totalOtherIncomeExpensesNet": -636000, "incomeBeforeTax": -3910000, "incomeBeforeTaxRatio": -0.1506801804, "incomeTaxExpense": 0, "netIncome": -3910000, "netIncomeRatio": -0.1506801804, "eps": -0.2, "epsdiluted": -0.2, "weightedAverageShsOut": 19784000, "weightedAverageShsOutDil": 19784000, "link": null, "finalLink": null}, {"date": "2011-04-30", "symbol": "SPLK", "reportedCurrency": "USD", "cik": "0001353283", "fillingDate": "2011-04-30", "acceptedDate": "2011-04-30 00:00:00", "calendarYear": "2012", "period": "Q1", "revenue": 20639000, "costOfRevenue": 2004000, "grossProfit": 18635000, "grossProfitRatio": 0.9029022724, "researchAndDevelopmentExpenses": 4338000, "generalAndAdministrativeExpenses": 3292000, "sellingAndMarketingExpenses": 12768000, "sellingGeneralAndAdministrativeExpenses": 16060000, "otherExpenses": 0, "operatingExpenses": 20398000, "costAndExpenses": 22402000, "interestIncome": 0, "interestExpense": 10000, "depreciationAndAmortization": 348000, "ebitda": -1415000, "ebitdaratio": -0.0685595232, "operatingIncome": -1763000, "operatingIncomeRatio": -0.0854208053, "totalOtherIncomeExpensesNet": -483000, "incomeBeforeTax": -2246000, "incomeBeforeTaxRatio": -0.1088231019, "incomeTaxExpense": 0, "netIncome": -2246000, "netIncomeRatio": -0.1088231019, "eps": -0.12, "epsdiluted": -0.12, "weightedAverageShsOut": 19185000, "weightedAverageShsOutDil": 19185000, "link": null, "finalLink": null}, {"date": "2011-01-31", "symbol": "SPLK", "reportedCurrency": "USD", "cik": "0001353283", "fillingDate": "2011-01-31", "acceptedDate": "2011-01-31 00:00:00", "calendarYear": "2011", "period": "Q4", "revenue": 22781000, "costOfRevenue": 2319000, "grossProfit": 20462000, "grossProfitRatio": 0.8982046442, "researchAndDevelopmentExpenses": 4844000, "generalAndAdministrativeExpenses": 2688000, "sellingAndMarketingExpenses": 14246000, "sellingGeneralAndAdministrativeExpenses": 16934000, "otherExpenses": 0, "operatingExpenses": 21778000, "costAndExpenses": 24097000, "interestIncome": 0, "interestExpense": 0, "depreciationAndAmortization": 273000, "ebitda": -624000, "ebitdaratio": -0.0273912471, "operatingIncome": -1316000, "operatingIncomeRatio": -0.0577674378, "totalOtherIncomeExpensesNet": -419000, "incomeBeforeTax": -1735000, "incomeBeforeTaxRatio": -0.0761599579, "incomeTaxExpense": 45000, "netIncome": -1780000, "netIncomeRatio": -0.0781352882, "eps": -0.0862, "epsdiluted": -0.0862, "weightedAverageShsOut": 20646000, "weightedAverageShsOutDil": 20646000, "link": null, "finalLink": null}]