[{"date": "2025-06-30", "symbol": "NTES", "reportedCurrency": "CNY", "cik": "0001110646", "fillingDate": "2025-08-14", "acceptedDate": "2025-08-14 06:01:18", "calendarYear": "2025", "period": "Q2", "revenue": 27891664000, "costOfRevenue": 9839182000, "grossProfit": 18052482000, "grossProfitRatio": 0.6472357476, "researchAndDevelopmentExpenses": 4356646000, "generalAndAdministrativeExpenses": 1056578000, "sellingAndMarketingExpenses": 3578174000, "sellingGeneralAndAdministrativeExpenses": 4634752000, "otherExpenses": 0, "operatingExpenses": 8991398000, "costAndExpenses": 18830580000, "interestIncome": 953490000, "interestExpense": 0, "depreciationAndAmortization": 428427000, "ebitda": 9489511000, "ebitdaratio": 0.3402274959, "operatingIncome": 9061084000, "operatingIncomeRatio": 0.3248671001, "totalOtherIncomeExpensesNet": 1588138000, "incomeBeforeTax": 10649222000, "incomeBeforeTaxRatio": 0.3818066215, "incomeTaxExpense": 1560757000, "netIncome": 8601010000, "netIncomeRatio": 0.3083720641, "eps": 13.5, "epsdiluted": 13.35, "weightedAverageShsOut": 637726800, "weightedAverageShsOutDil": 642936200, "link": "https://www.sec.gov/Archives/edgar/data/1110646/000110465925077838/0001104659-25-077838-index.htm", "finalLink": "https://www.sec.gov/Archives/edgar/data/1110646/000110465925077838/tm2522950d2_ex99-1.htm"}, {"date": "2025-03-31", "symbol": "NTES", "reportedCurrency": "CNY", "cik": "0001110646", "fillingDate": "2025-05-15", "acceptedDate": "2025-05-15 06:02:31", "calendarYear": "2025", "period": "Q1", "revenue": 28828545000, "costOfRevenue": 10349139000, "grossProfit": 18479406000, "grossProfitRatio": 0.6410107066, "researchAndDevelopmentExpenses": 4386313000, "generalAndAdministrativeExpenses": 956337000, "sellingAndMarketingExpenses": 2695597000, "sellingGeneralAndAdministrativeExpenses": 3651934000, "otherExpenses": 0, "operatingExpenses": 8038247000, "costAndExpenses": 18387386000, "interestIncome": 1060886000, "interestExpense": 0, "depreciationAndAmortization": 480761000, "ebitda": 10921920000, "ebitdaratio": 0.37885783, "operatingIncome": 10441159000, "operatingIncomeRatio": 0.3621812686, "totalOtherIncomeExpensesNet": 2010755000, "incomeBeforeTax": 12451914000, "incomeBeforeTaxRatio": 0.4319300194, "incomeTaxExpense": 1905143000, "netIncome": 10301157000, "netIncomeRatio": 0.3573249014, "eps": 16.25, "epsdiluted": 16.05, "weightedAverageShsOut": 634779800, "weightedAverageShsOutDil": 641272400, "link": "https://www.sec.gov/Archives/edgar/data/1110646/000110465925048779/0001104659-25-048779-index.htm", "finalLink": "https://www.sec.gov/Archives/edgar/data/1110646/000110465925048779/tm2514907d1_ex99-1.htm"}, {"date": "2024-12-31", "symbol": "NTES", "reportedCurrency": "CNY", "cik": "0001110646", "fillingDate": "2025-04-15", "acceptedDate": "2025-04-15 06:03:35", "calendarYear": "2024", "period": "Q4", "revenue": 26747811000, "costOfRevenue": 10475470000, "grossProfit": 16272341000, "grossProfitRatio": 0.6083615964, "researchAndDevelopmentExpenses": 4469868000, "generalAndAdministrativeExpenses": 1162381000, "sellingAndMarketingExpenses": 2818645000, "sellingGeneralAndAdministrativeExpenses": 3981026000, "otherExpenses": 0, "operatingExpenses": 8450894000, "costAndExpenses": 18926364000, "interestIncome": 1174333000, "interestExpense": 0, "depreciationAndAmortization": 697447000, "ebitda": 8518894000, "ebitdaratio": 0.3184893897, "operatingIncome": 7821447000, "operatingIncomeRatio": 0.2924144709, "totalOtherIncomeExpensesNet": 2482520000, "incomeBeforeTax": 10303967000, "incomeBeforeTaxRatio": 0.3852265518, "incomeTaxExpense": 1385014000, "netIncome": 8766479000, "netIncomeRatio": 0.3277456611, "eps": 13.8, "epsdiluted": 13.65, "weightedAverageShsOut": 642232800, "weightedAverageShsOutDil": 641220000, "link": "https://www.sec.gov/Archives/edgar/data/1110646/000141057825000728/0001410578-25-000728-index.htm", "finalLink": "https://www.sec.gov/Archives/edgar/data/1110646/000141057825000728/ntes-20241231x20f.htm"}, {"date": "2024-09-30", "symbol": "NTES", "reportedCurrency": "CNY", "cik": "0001110646", "fillingDate": "2024-11-14", "acceptedDate": "2024-11-14 06:01:29", "calendarYear": "2024", "period": "Q3", "revenue": 26209879000, "costOfRevenue": 9733274000, "grossProfit": 16476605000, "grossProfitRatio": 0.6286410174, "researchAndDevelopmentExpenses": 4424469000, "generalAndAdministrativeExpenses": 1100328000, "sellingAndMarketingExpenses": 3805071000, "sellingGeneralAndAdministrativeExpenses": 4905399000, "otherExpenses": 0, "operatingExpenses": 9329868000, "costAndExpenses": 19063142000, "interestIncome": 1282766000, "interestExpense": 0, "depreciationAndAmortization": 520567000, "ebitda": 7667304000, "ebitdaratio": 0.2925348873, "operatingIncome": 7146737000, "operatingIncomeRatio": 0.2726734068, "totalOtherIncomeExpensesNet": 849246000, "incomeBeforeTax": 7995983000, "incomeBeforeTaxRatio": 0.3050751589, "incomeTaxExpense": 1289545000, "netIncome": 6538435000, "netIncomeRatio": 0.2494645244, "eps": 10.15, "epsdiluted": 10.15, "weightedAverageShsOut": 644216600, "weightedAverageShsOutDil": 651302200, "link": "https://www.sec.gov/Archives/edgar/data/1110646/000110465924118003/0001104659-24-118003-index.htm", "finalLink": "https://www.sec.gov/Archives/edgar/data/1110646/000110465924118003/tm2428037d1_ex99-1.htm"}, {"date": "2024-06-30", "symbol": "NTES", "reportedCurrency": "CNY", "cik": "0001110646", "fillingDate": "2024-08-22", "acceptedDate": "2024-08-22 06:01:44", "calendarYear": "2024", "period": "Q2", "revenue": 25485805000, "costOfRevenue": 9443587000, "grossProfit": 16042218000, "grossProfitRatio": 0.629456986, "researchAndDevelopmentExpenses": 4455717000, "generalAndAdministrativeExpenses": 1091441000, "sellingAndMarketingExpenses": 3501737000, "sellingGeneralAndAdministrativeExpenses": 4593178000, "otherExpenses": 0, "operatingExpenses": 9048895000, "costAndExpenses": 18492482000, "interestIncome": 1186219000, "interestExpense": 0, "depreciationAndAmortization": 631957000, "ebitda": 7625280000, "ebitdaratio": 0.2991971413, "operatingIncome": 6993323000, "operatingIncomeRatio": 0.2744007105, "totalOtherIncomeExpensesNet": 1136212000, "incomeBeforeTax": 8129535000, "incomeBeforeTaxRatio": 0.3189828612, "incomeTaxExpense": 1300939000, "netIncome": 6758749000, "netIncomeRatio": 0.2651966065, "eps": 10.49, "epsdiluted": 10.38, "weightedAverageShsOut": 644216600, "weightedAverageShsOutDil": 651302200, "link": "https://www.sec.gov/Archives/edgar/data/1110646/000110465924091756/0001104659-24-091756-index.htm", "finalLink": "https://www.sec.gov/Archives/edgar/data/1110646/000110465924091756/tm2421988d1_ex99-1.htm"}, {"date": "2024-03-31", "symbol": "NTES", "reportedCurrency": "CNY", "cik": "0001110646", "fillingDate": "2024-05-23", "acceptedDate": "2024-05-23 06:02:17", "calendarYear": "2024", "period": "Q1", "revenue": 26851741000, "costOfRevenue": 9835821000, "grossProfit": 17015920000, "grossProfitRatio": 0.6336989471, "researchAndDevelopmentExpenses": 4174758000, "generalAndAdministrativeExpenses": 1196475000, "sellingAndMarketingExpenses": 4022204000, "sellingGeneralAndAdministrativeExpenses": 5218679000, "otherExpenses": 0, "operatingExpenses": 9393437000, "costAndExpenses": 19229258000, "interestIncome": 1277597000, "interestExpense": 0, "depreciationAndAmortization": 567923000, "ebitda": 8190406000, "ebitdaratio": 0.3050232758, "operatingIncome": 7622483000, "operatingIncomeRatio": 0.2838729526, "totalOtherIncomeExpensesNet": 1665787000, "incomeBeforeTax": 9288270000, "incomeBeforeTaxRatio": 0.3459094142, "incomeTaxExpense": 1485910000, "netIncome": 7633946000, "netIncomeRatio": 0.2842998523, "eps": 11.9, "epsdiluted": 11.75, "weightedAverageShsOut": 642333000, "weightedAverageShsOutDil": 649890400, "link": "https://www.sec.gov/Archives/edgar/data/1110646/000110465924064431/0001104659-24-064431-index.htm", "finalLink": "https://www.sec.gov/Archives/edgar/data/1110646/000110465924064431/tm2414824d1_ex99-1.htm"}, {"date": "2023-12-31", "symbol": "NTES", "reportedCurrency": "CNY", "cik": "0001110646", "fillingDate": "2024-02-29", "acceptedDate": "2024-02-29 06:02:54", "calendarYear": "2023", "period": "Q4", "revenue": 27140165000, "costOfRevenue": 10315030000, "grossProfit": 16825135000, "grossProfitRatio": 0.6199348825, "researchAndDevelopmentExpenses": 4479219000, "generalAndAdministrativeExpenses": 1251869000, "sellingAndMarketingExpenses": 4225556000, "sellingGeneralAndAdministrativeExpenses": 5477425000, "otherExpenses": 0, "operatingExpenses": 9956644000, "costAndExpenses": 20271674000, "interestIncome": 1261583000, "interestExpense": 0, "depreciationAndAmortization": 659772000, "ebitda": 7528263000, "ebitdaratio": 0.2773845701, "operatingIncome": 6868491000, "operatingIncomeRatio": 0.2530747694, "totalOtherIncomeExpensesNet": 876498000, "incomeBeforeTax": 7744989000, "incomeBeforeTaxRatio": 0.2853700042, "incomeTaxExpense": 1068657000, "netIncome": 6582263000, "netIncomeRatio": 0.2425284813, "eps": 10.25, "epsdiluted": 10.1, "weightedAverageShsOut": 651709207, "weightedAverageShsOutDil": 650633200, "link": "https://www.sec.gov/Archives/edgar/data/1110646/000110465924028971/0001104659-24-028971-index.htm", "finalLink": "https://www.sec.gov/Archives/edgar/data/1110646/000110465924028971/tm247104d1_ex99-1.htm"}, {"date": "2023-09-30", "symbol": "NTES", "reportedCurrency": "CNY", "cik": "0001110646", "fillingDate": "2023-11-16", "acceptedDate": "2023-11-16 06:02:05", "calendarYear": "2023", "period": "Q3", "revenue": 27270406000, "costOfRevenue": 10304106000, "grossProfit": 16966300000, "grossProfitRatio": 0.62215062, "researchAndDevelopmentExpenses": 4347052000, "generalAndAdministrativeExpenses": 1494186000, "sellingAndMarketingExpenses": 3567153000, "sellingGeneralAndAdministrativeExpenses": 5061339000, "otherExpenses": 0, "operatingExpenses": 9408391000, "costAndExpenses": 19712497000, "interestIncome": 1147227000, "interestExpense": 0, "depreciationAndAmortization": 651856000, "ebitda": 8209765000, "ebitdaratio": 0.3010503401, "operatingIncome": 7557909000, "operatingIncomeRatio": 0.2771469189, "totalOtherIncomeExpensesNet": 1543371000, "incomeBeforeTax": 9101280000, "incomeBeforeTaxRatio": 0.3337420059, "incomeTaxExpense": 1290398000, "netIncome": 7836888000, "netIncomeRatio": 0.2873770196, "eps": 12.2, "epsdiluted": 12.05, "weightedAverageShsOut": 642766800, "weightedAverageShsOutDil": 649929800, "link": "https://www.sec.gov/Archives/edgar/data/1110646/000110465923118864/0001104659-23-118864-index.htm", "finalLink": "https://www.sec.gov/Archives/edgar/data/1110646/000110465923118864/tm2330428d1_ex99-1.htm"}, {"date": "2023-06-30", "symbol": "NTES", "reportedCurrency": "CNY", "cik": "0001110646", "fillingDate": "2023-08-24", "acceptedDate": "2023-08-24 06:14:59", "calendarYear": "2023", "period": "Q2", "revenue": 24011301000, "costOfRevenue": 9635888000, "grossProfit": 14375413000, "grossProfitRatio": 0.5986936318, "researchAndDevelopmentExpenses": 3908907000, "generalAndAdministrativeExpenses": 1163216000, "sellingAndMarketingExpenses": 3240636000, "sellingGeneralAndAdministrativeExpenses": 4403852000, "otherExpenses": 0, "operatingExpenses": 8312759000, "costAndExpenses": 17948647000, "interestIncome": 935578000, "interestExpense": 0, "depreciationAndAmortization": 661363000, "ebitda": 6724017000, "ebitdaratio": 0.2800355133, "operatingIncome": 6062654000, "operatingIncomeRatio": 0.2524916913, "totalOtherIncomeExpensesNet": 2809051000, "incomeBeforeTax": 8871705000, "incomeBeforeTaxRatio": 0.3694803959, "incomeTaxExpense": 712090000, "netIncome": 8242767000, "netIncomeRatio": 0.3432869797, "eps": 12.8, "epsdiluted": 12.7, "weightedAverageShsOut": 643756600, "weightedAverageShsOutDil": 649783200, "link": "https://www.sec.gov/Archives/edgar/data/1110646/000110465923094676/0001104659-23-094676-index.htm", "finalLink": "https://www.sec.gov/Archives/edgar/data/1110646/000110465923094676/tm2324237d1_ex99-1.htm"}, {"date": "2023-03-31", "symbol": "NTES", "reportedCurrency": "CNY", "cik": "0001110646", "fillingDate": "2023-05-25", "acceptedDate": "2023-05-25 06:06:22", "calendarYear": "2023", "period": "Q1", "revenue": 25046287000, "costOfRevenue": 10149741000, "grossProfit": 14896546000, "grossProfitRatio": 0.5947606525, "researchAndDevelopmentExpenses": 3749732000, "generalAndAdministrativeExpenses": 1021678000, "sellingAndMarketingExpenses": 2905046000, "sellingGeneralAndAdministrativeExpenses": 3926724000, "otherExpenses": 0, "operatingExpenses": 7676456000, "costAndExpenses": 17826197000, "interestIncome": 776030000, "interestExpense": 0, "depreciationAndAmortization": 1082269000, "ebitda": 8302359000, "ebitdaratio": 0.3314806302, "operatingIncome": 7220090000, "operatingIncomeRatio": 0.2882698741, "totalOtherIncomeExpensesNet": 1118863000, "incomeBeforeTax": 8338953000, "incomeBeforeTaxRatio": 0.3329416851, "incomeTaxExpense": 1628559000, "netIncome": 6754634000, "netIncomeRatio": 0.2696860417, "eps": 10.5, "epsdiluted": 10.35, "weightedAverageShsOut": 644216600, "weightedAverageShsOutDil": 651302200, "link": "https://www.sec.gov/Archives/edgar/data/1110646/000110465923064290/0001104659-23-064290-index.htm", "finalLink": "https://www.sec.gov/Archives/edgar/data/1110646/000110465923064290/tm2316665d1_ex99-1.htm"}, {"date": "2022-12-31", "symbol": "NTES", "reportedCurrency": "CNY", "cik": "0001110646", "fillingDate": "2023-02-23", "acceptedDate": "2023-02-23 06:01:29", "calendarYear": "2022", "period": "Q4", "revenue": 25354129000, "costOfRevenue": 12109765000, "grossProfit": 13244364000, "grossProfitRatio": 0.5223750341, "researchAndDevelopmentExpenses": 4090076000, "generalAndAdministrativeExpenses": 1302932000, "sellingAndMarketingExpenses": 3417909000, "sellingGeneralAndAdministrativeExpenses": 4720841000, "otherExpenses": 0, "operatingExpenses": 8810917000, "costAndExpenses": 20920682000, "interestIncome": 629290000, "interestExpense": 629290000, "depreciationAndAmortization": 769141000, "ebitda": 5202588000, "ebitdaratio": 0.2051968735, "operatingIncome": 4433447000, "operatingIncomeRatio": 0.1748609467, "totalOtherIncomeExpensesNet": 342822000, "incomeBeforeTax": 4776269000, "incomeBeforeTaxRatio": 0.1883822947, "incomeTaxExpense": 966574000, "netIncome": 3952737000, "netIncomeRatio": 0.1559011158, "eps": 6.1, "epsdiluted": 6.05, "weightedAverageShsOut": 647856400, "weightedAverageShsOutDil": 653816400, "link": "https://www.sec.gov/Archives/edgar/data/1110646/000110465923024438/0001104659-23-024438-index.htm", "finalLink": "https://www.sec.gov/Archives/edgar/data/1110646/000110465923024438/tm237341d1_ex99-1.htm"}, {"date": "2022-09-30", "symbol": "NTES", "reportedCurrency": "CNY", "cik": "0001110646", "fillingDate": "2022-11-17", "acceptedDate": "2022-11-17 06:06:47", "calendarYear": "2022", "period": "Q3", "revenue": 24426760000, "costOfRevenue": 10682868000, "grossProfit": 13743892000, "grossProfitRatio": 0.5626571842, "researchAndDevelopmentExpenses": 3969156000, "generalAndAdministrativeExpenses": 1264342000, "sellingAndMarketingExpenses": 3768618000, "sellingGeneralAndAdministrativeExpenses": 5032960000, "otherExpenses": 0, "operatingExpenses": 9002116000, "costAndExpenses": 19684984000, "interestIncome": 556148000, "interestExpense": 556148000, "depreciationAndAmortization": 713852000, "ebitda": 2710314000, "ebitdaratio": 0.110956754, "operatingIncome": 1996462000, "operatingIncomeRatio": 0.0817325753, "totalOtherIncomeExpensesNet": 6211211000, "incomeBeforeTax": 8207673000, "incomeBeforeTaxRatio": 0.33601153, "incomeTaxExpense": 1586673000, "netIncome": 6699364000, "netIncomeRatio": 0.2742633079, "eps": 10.27, "epsdiluted": 10.17, "weightedAverageShsOut": 652597800, "weightedAverageShsOutDil": 658753200, "link": "https://www.sec.gov/Archives/edgar/data/1110646/000110465922119692/0001104659-22-119692-index.htm", "finalLink": "https://www.sec.gov/Archives/edgar/data/1110646/000110465922119692/tm2230439d1_ex99-1.htm"}, {"date": "2022-06-30", "symbol": "NTES", "reportedCurrency": "CNY", "cik": "0001110646", "fillingDate": "2022-08-18", "acceptedDate": "2022-08-18 06:06:26", "calendarYear": "2022", "period": "Q2", "revenue": 23159078000, "costOfRevenue": 10217587000, "grossProfit": 12941491000, "grossProfitRatio": 0.5588085588, "researchAndDevelopmentExpenses": 3581700000, "generalAndAdministrativeExpenses": 1112755000, "sellingAndMarketingExpenses": 3300705000, "sellingGeneralAndAdministrativeExpenses": 4413460000, "otherExpenses": 0, "operatingExpenses": 7995160000, "costAndExpenses": 18212747000, "interestIncome": 505991000, "interestExpense": 0, "depreciationAndAmortization": 609036000, "ebitda": 5555367000, "ebitdaratio": 0.239878591, "operatingIncome": 4946331000, "operatingIncomeRatio": 0.2135806529, "totalOtherIncomeExpensesNet": 784960000, "incomeBeforeTax": 5731291000, "incomeBeforeTaxRatio": 0.2474749211, "incomeTaxExpense": 1259320000, "netIncome": 5291476000, "netIncomeRatio": 0.2284838801, "eps": 8.08, "epsdiluted": 8, "weightedAverageShsOut": 654939000, "weightedAverageShsOutDil": 661100800, "link": "https://www.sec.gov/Archives/edgar/data/1110646/000110465922092337/0001104659-22-092337-index.htm", "finalLink": "https://www.sec.gov/Archives/edgar/data/1110646/000110465922092337/tm2223583d1_ex99-1.htm"}, {"date": "2022-03-31", "symbol": "NTES", "reportedCurrency": "CNY", "cik": "0001110646", "fillingDate": "2022-05-24", "acceptedDate": "2022-05-24 06:38:25", "calendarYear": "2022", "period": "Q1", "revenue": 23555842000, "costOfRevenue": 10719463000, "grossProfit": 12836379000, "grossProfitRatio": 0.5449339913, "researchAndDevelopmentExpenses": 3398082000, "generalAndAdministrativeExpenses": 1015769000, "sellingAndMarketingExpenses": 2915489000, "sellingGeneralAndAdministrativeExpenses": 3931258000, "otherExpenses": 0, "operatingExpenses": 7329340000, "costAndExpenses": 18048803000, "interestIncome": 458244000, "interestExpense": 0, "depreciationAndAmortization": 766180000, "ebitda": 6273219000, "ebitdaratio": 0.2663126625, "operatingIncome": 5507039000, "operatingIncomeRatio": 0.2337865486, "totalOtherIncomeExpensesNet": 27992000, "incomeBeforeTax": 5535031000, "incomeBeforeTaxRatio": 0.2349748737, "incomeTaxExpense": 1219271000, "netIncome": 4394023000, "netIncomeRatio": 0.1865364439, "eps": 6.7, "epsdiluted": 6.63, "weightedAverageShsOut": 655456000, "weightedAverageShsOutDil": 663225800, "link": "https://www.sec.gov/Archives/edgar/data/1110646/000110465922064080/0001104659-22-064080-index.htm", "finalLink": "https://www.sec.gov/Archives/edgar/data/1110646/000110465922064080/tm2216581d1_ex99-1.htm"}, {"date": "2021-12-31", "symbol": "NTES", "reportedCurrency": "CNY", "cik": "0001110646", "fillingDate": "2022-02-24", "acceptedDate": "2022-02-24 06:03:38", "calendarYear": "2021", "period": "Q4", "revenue": 24373565000, "costOfRevenue": 11455785000, "grossProfit": 12917780000, "grossProfitRatio": 0.5299914067, "researchAndDevelopmentExpenses": 3847704000, "generalAndAdministrativeExpenses": 1161876000, "sellingAndMarketingExpenses": 3300032000, "sellingGeneralAndAdministrativeExpenses": 4461908000, "otherExpenses": 0, "operatingExpenses": 8309612000, "costAndExpenses": 19765397000, "interestIncome": 395029000, "interestExpense": 395029000, "depreciationAndAmortization": 836042000, "ebitda": 5444210000, "ebitdaratio": 0.223365355, "operatingIncome": 4608168000, "operatingIncomeRatio": 0.1890641767, "totalOtherIncomeExpensesNet": 1988525000, "incomeBeforeTax": 6596693000, "incomeBeforeTaxRatio": 0.2706494926, "incomeTaxExpense": 933985000, "netIncome": 5694154000, "netIncomeRatio": 0.2336200716, "eps": 8.7, "epsdiluted": 8.55, "weightedAverageShsOut": 656234400, "weightedAverageShsOutDil": 664600800, "link": "https://www.sec.gov/Archives/edgar/data/1110646/000110465922026296/0001104659-22-026296-index.htm", "finalLink": "https://www.sec.gov/Archives/edgar/data/1110646/000110465922026296/tm227291d1_ex99-1.htm"}, {"date": "2021-09-30", "symbol": "NTES", "reportedCurrency": "CNY", "cik": "0001110646", "fillingDate": "2021-11-16", "acceptedDate": "2021-11-16 06:00:57", "calendarYear": "2021", "period": "Q3", "revenue": 22190749000, "costOfRevenue": 10379981000, "grossProfit": 11810768000, "grossProfitRatio": 0.5322383665, "researchAndDevelopmentExpenses": 3761239000, "generalAndAdministrativeExpenses": 1140296000, "sellingAndMarketingExpenses": 3134030000, "sellingGeneralAndAdministrativeExpenses": 4274326000, "otherExpenses": 0, "operatingExpenses": 8035565000, "costAndExpenses": 18415546000, "interestIncome": 349550000, "interestExpense": 0, "depreciationAndAmortization": 805485000, "ebitda": 4580688000, "ebitdaratio": 0.2064233163, "operatingIncome": 3775203000, "operatingIncomeRatio": 0.1701250823, "totalOtherIncomeExpensesNet": 355885000, "incomeBeforeTax": 4131088000, "incomeBeforeTaxRatio": 0.1861626212, "incomeTaxExpense": 807648000, "netIncome": 3181782000, "netIncomeRatio": 0.143383263, "eps": 4.8, "epsdiluted": 4.75, "weightedAverageShsOut": 665178400, "weightedAverageShsOutDil": 672345400, "link": "https://www.sec.gov/Archives/edgar/data/1110646/000110465921139556/0001104659-21-139556-index.htm", "finalLink": "https://www.sec.gov/Archives/edgar/data/1110646/000110465921139556/tm2132661d1_ex99-1.htm"}, {"date": "2021-06-30", "symbol": "NTES", "reportedCurrency": "CNY", "cik": "0001110646", "fillingDate": "2021-06-30", "acceptedDate": "2021-06-30 00:00:00", "calendarYear": "2021", "period": "Q2", "revenue": 20524501000, "costOfRevenue": 9334887000, "grossProfit": 11189614000, "grossProfitRatio": 0.5451832422, "researchAndDevelopmentExpenses": 3406859000, "generalAndAdministrativeExpenses": 1011183000, "sellingAndMarketingExpenses": 3013447000, "sellingGeneralAndAdministrativeExpenses": 4024630000, "otherExpenses": 0, "operatingExpenses": 7431489000, "costAndExpenses": 16766376000, "interestIncome": 386207000, "interestExpense": 386207000, "depreciationAndAmortization": 814370000, "ebitda": 4572495000, "ebitdaratio": 0.2227822737, "operatingIncome": 3758125000, "operatingIncomeRatio": 0.1831043298, "totalOtherIncomeExpensesNet": 831467000, "incomeBeforeTax": 4589592000, "incomeBeforeTaxRatio": 0.2236152781, "incomeTaxExpense": 1113228000, "netIncome": 3541754000, "netIncomeRatio": 0.1725622465, "eps": 5.3, "epsdiluted": 5.25, "weightedAverageShsOut": 669501400, "weightedAverageShsOutDil": 677190600, "link": null, "finalLink": null}, {"date": "2021-03-31", "symbol": "NTES", "reportedCurrency": "CNY", "cik": "0001110646", "fillingDate": "2021-05-18", "acceptedDate": "2021-05-18 06:01:49", "calendarYear": "2021", "period": "Q1", "revenue": 20517211000, "costOfRevenue": 9464572000, "grossProfit": 11052639000, "grossProfitRatio": 0.5387008497, "researchAndDevelopmentExpenses": 3060189000, "generalAndAdministrativeExpenses": 950194000, "sellingAndMarketingExpenses": 2766682000, "sellingGeneralAndAdministrativeExpenses": 3716876000, "otherExpenses": 0, "operatingExpenses": 6777065000, "costAndExpenses": 16241637000, "interestIncome": 388928000, "interestExpense": 388928000, "depreciationAndAmortization": 819830000, "ebitda": 5095404000, "ebitdaratio": 0.2483477896, "operatingIncome": 4275574000, "operatingIncomeRatio": 0.2083896296, "totalOtherIncomeExpensesNet": 1511512000, "incomeBeforeTax": 5787086000, "incomeBeforeTaxRatio": 0.2820600714, "incomeTaxExpense": 1273408000, "netIncome": 4439152000, "netIncomeRatio": 0.2163623506, "eps": 6.65, "epsdiluted": 6.55, "weightedAverageShsOut": 669927600, "weightedAverageShsOutDil": 679996200, "link": "https://www.sec.gov/Archives/edgar/data/1110646/000110465921068473/0001104659-21-068473-index.htm", "finalLink": "https://www.sec.gov/Archives/edgar/data/1110646/000110465921068473/tm2116679d1_ex99-1.htm"}, {"date": "2020-12-31", "symbol": "NTES", "reportedCurrency": "CNY", "cik": "0001110646", "fillingDate": "2021-02-25", "acceptedDate": "2021-02-25 06:03:45", "calendarYear": "2020", "period": "Q4", "revenue": 19761738000, "costOfRevenue": 9833976000, "grossProfit": 9927762000, "grossProfitRatio": 0.5023729188, "researchAndDevelopmentExpenses": 3029376000, "generalAndAdministrativeExpenses": 809956000, "sellingAndMarketingExpenses": 3076499000, "sellingGeneralAndAdministrativeExpenses": 3886455000, "otherExpenses": 0, "operatingExpenses": 6915831000, "costAndExpenses": 16749807000, "interestIncome": 410001000, "interestExpense": 410001000, "depreciationAndAmortization": 962526000, "ebitda": 3974457000, "ebitdaratio": 0.2011187984, "operatingIncome": 3011931000, "operatingIncomeRatio": 0.1524122524, "totalOtherIncomeExpensesNet": -1524435000, "incomeBeforeTax": 1487496000, "incomeBeforeTaxRatio": 0.0752715171, "incomeTaxExpense": 552661000, "netIncome": 975702000, "netIncomeRatio": 0.0493732889, "eps": 1.45, "epsdiluted": 1.45, "weightedAverageShsOut": 672558600, "weightedAverageShsOutDil": 682233800, "link": "https://www.sec.gov/Archives/edgar/data/1110646/000110465921027746/0001104659-21-027746-index.htm", "finalLink": "https://www.sec.gov/Archives/edgar/data/1110646/000110465921027746/a21-7816_1ex99d1.htm"}, {"date": "2020-09-30", "symbol": "NTES", "reportedCurrency": "CNY", "cik": "0001110646", "fillingDate": "2020-11-19", "acceptedDate": "2020-11-19 06:23:57", "calendarYear": "2020", "period": "Q3", "revenue": 18658222000, "costOfRevenue": 8772379000, "grossProfit": 9885843000, "grossProfitRatio": 0.5298384273, "researchAndDevelopmentExpenses": 2789051000, "generalAndAdministrativeExpenses": 783815000, "sellingAndMarketingExpenses": 3442821000, "sellingGeneralAndAdministrativeExpenses": 4226636000, "otherExpenses": 0, "operatingExpenses": 7015687000, "costAndExpenses": 15788066000, "interestIncome": 446914000, "interestExpense": 446914000, "depreciationAndAmortization": 913049000, "ebitda": 3783205000, "ebitdaratio": 0.2027634252, "operatingIncome": 2870156000, "operatingIncomeRatio": 0.1538279478, "totalOtherIncomeExpensesNet": 266011000, "incomeBeforeTax": 3136167000, "incomeBeforeTaxRatio": 0.1680849869, "incomeTaxExpense": 342700000, "netIncome": 2998240000, "netIncomeRatio": 0.1606926962, "eps": 4.45, "epsdiluted": 4.35, "weightedAverageShsOut": 676810200, "weightedAverageShsOutDil": 686254800, "link": "https://www.sec.gov/Archives/edgar/data/1110646/000110465920127089/0001104659-20-127089-index.htm", "finalLink": "https://www.sec.gov/Archives/edgar/data/1110646/000110465920127089/a20-36341_1ex99d1.htm"}, {"date": "2020-06-30", "symbol": "NTES", "reportedCurrency": "CNY", "cik": "0001110646", "fillingDate": "2020-08-13", "acceptedDate": "2020-08-13 06:04:35", "calendarYear": "2020", "period": "Q2", "revenue": 18184806000, "costOfRevenue": 8392631000, "grossProfit": 9792175000, "grossProfitRatio": 0.5384811364, "researchAndDevelopmentExpenses": 2408306000, "generalAndAdministrativeExpenses": 892622000, "sellingAndMarketingExpenses": 2321397000, "sellingGeneralAndAdministrativeExpenses": 3214019000, "otherExpenses": 0, "operatingExpenses": 5622325000, "costAndExpenses": 14014956000, "interestIncome": 396519000, "interestExpense": 396519000, "depreciationAndAmortization": 892150000, "ebitda": 5062000000, "ebitdaratio": 0.2783642564, "operatingIncome": 4169850000, "operatingIncomeRatio": 0.2293040685, "totalOtherIncomeExpensesNet": 1545885000, "incomeBeforeTax": 5715735000, "incomeBeforeTaxRatio": 0.3143137738, "incomeTaxExpense": 1064455000, "netIncome": 4537806000, "netIncomeRatio": 0.2495383234, "eps": 7, "epsdiluted": 6.9, "weightedAverageShsOut": 648412200, "weightedAverageShsOutDil": 656220000, "link": "https://www.sec.gov/Archives/edgar/data/1110646/000110465920094271/0001104659-20-094271-index.htm", "finalLink": "https://www.sec.gov/Archives/edgar/data/1110646/000110465920094271/a20-27369_1ex99d1.htm"}, {"date": "2020-03-31", "symbol": "NTES", "reportedCurrency": "CNY", "cik": "0001110646", "fillingDate": "2020-05-20", "acceptedDate": "2020-05-20 06:18:28", "calendarYear": "2020", "period": "Q1", "revenue": 17062367000, "costOfRevenue": 7684745000, "grossProfit": 9377622000, "grossProfitRatio": 0.5496085039, "researchAndDevelopmentExpenses": 2142649000, "generalAndAdministrativeExpenses": 885434000, "sellingAndMarketingExpenses": 1863071000, "sellingGeneralAndAdministrativeExpenses": 2748505000, "otherExpenses": 0, "operatingExpenses": 4891154000, "costAndExpenses": 12575899000, "interestIncome": 345184000, "interestExpense": 0, "depreciationAndAmortization": 690057000, "ebitda": 5176525000, "ebitdaratio": 0.3033884455, "operatingIncome": 4486468000, "operatingIncomeRatio": 0.2629452291, "totalOtherIncomeExpensesNet": 546218000, "incomeBeforeTax": 5032686000, "incomeBeforeTaxRatio": 0.2949582552, "incomeTaxExpense": 1082033000, "netIncome": 3551006000, "netIncomeRatio": 0.20811919, "eps": 5.5, "epsdiluted": 5.4, "weightedAverageShsOut": 646279000, "weightedAverageShsOutDil": 654799800, "link": "https://www.sec.gov/Archives/edgar/data/1110646/000110465920063966/0001104659-20-063966-index.htm", "finalLink": "https://www.sec.gov/Archives/edgar/data/1110646/000110465920063966/a20-20050_1ex99d1.htm"}, {"date": "2019-12-31", "symbol": "NTES", "reportedCurrency": "CNY", "cik": "0001110646", "fillingDate": "2020-02-27", "acceptedDate": "2020-02-27 06:14:46", "calendarYear": "2019", "period": "Q4", "revenue": 15734804000, "costOfRevenue": 7524376000, "grossProfit": 8210428000, "grossProfitRatio": 0.5218004622, "researchAndDevelopmentExpenses": 2267488000, "generalAndAdministrativeExpenses": 812754000, "sellingAndMarketingExpenses": 2153743000, "sellingGeneralAndAdministrativeExpenses": 2966497000, "otherExpenses": 0, "operatingExpenses": 5233985000, "costAndExpenses": 12758361000, "interestIncome": 279546000, "interestExpense": 279546000, "depreciationAndAmortization": 695644000, "ebitda": 3672087000, "ebitdaratio": 0.2333735457, "operatingIncome": 2976443000, "operatingIncomeRatio": 0.1891630172, "totalOtherIncomeExpensesNet": 991856000, "incomeBeforeTax": 3968299000, "incomeBeforeTaxRatio": 0.2521988199, "incomeTaxExpense": 876329000, "netIncome": 3053732000, "netIncomeRatio": 0.1940749945, "eps": 4.75, "epsdiluted": 4.65, "weightedAverageShsOut": 645677400, "weightedAverageShsOutDil": 653317400, "link": "https://www.sec.gov/Archives/edgar/data/1110646/000110465920025639/0001104659-20-025639-index.htm", "finalLink": "https://www.sec.gov/Archives/edgar/data/1110646/000110465920025639/a20-11024_1ex99d1.htm"}, {"date": "2019-09-30", "symbol": "NTES", "reportedCurrency": "CNY", "cik": "0001110646", "fillingDate": "2019-11-21", "acceptedDate": "2019-11-21 06:01:40", "calendarYear": "2019", "period": "Q3", "revenue": 14635690000, "costOfRevenue": 6765340000, "grossProfit": 7870350000, "grossProfitRatio": 0.5377505263, "researchAndDevelopmentExpenses": 2162254000, "generalAndAdministrativeExpenses": 753794000, "sellingAndMarketingExpenses": 1619531000, "sellingGeneralAndAdministrativeExpenses": 2373325000, "otherExpenses": 0, "operatingExpenses": 4535579000, "costAndExpenses": 11300919000, "interestIncome": 184795000, "interestExpense": 184795000, "depreciationAndAmortization": 703387000, "ebitda": 4038158000, "ebitdaratio": 0.2759116926, "operatingIncome": 3334771000, "operatingIncomeRatio": 0.2278519837, "totalOtherIncomeExpensesNet": 915111000, "incomeBeforeTax": 14029743000, "incomeBeforeTaxRatio": 0.9585979889, "incomeTaxExpense": 1116653000, "netIncome": 12730299000, "netIncomeRatio": 0.8698120143, "eps": 19.75, "epsdiluted": 19.55, "weightedAverageShsOut": 645785941, "weightedAverageShsOutDil": 651504654, "link": "https://www.sec.gov/Archives/edgar/data/1110646/000110465919066003/0001104659-19-066003-index.htm", "finalLink": "https://www.sec.gov/Archives/edgar/data/1110646/000110465919066003/a19-23477_1ex99d1.htm"}, {"date": "2019-06-30", "symbol": "NTES", "reportedCurrency": "CNY", "cik": "0001110646", "fillingDate": "2019-08-08", "acceptedDate": "2019-08-08 06:03:07", "calendarYear": "2019", "period": "Q2", "revenue": 18768999000, "costOfRevenue": 10643230000, "grossProfit": 8125769000, "grossProfitRatio": 0.4329356616, "researchAndDevelopmentExpenses": 2062245000, "generalAndAdministrativeExpenses": 809992000, "sellingAndMarketingExpenses": 1767316000, "sellingGeneralAndAdministrativeExpenses": 2577308000, "otherExpenses": 0, "operatingExpenses": 4639553000, "costAndExpenses": 15282783000, "interestIncome": 187311000, "interestExpense": 187311000, "depreciationAndAmortization": 642417000, "ebitda": 4357971000, "ebitdaratio": 0.2321898467, "operatingIncome": 3486216000, "operatingIncomeRatio": 0.18574331, "totalOtherIncomeExpensesNet": 598222000, "incomeBeforeTax": 3803046000, "incomeBeforeTaxRatio": 0.2026238054, "incomeTaxExpense": 685178000, "netIncome": 3071367000, "netIncomeRatio": 0.1636404264, "eps": 4.75, "epsdiluted": 4.75, "weightedAverageShsOut": 644261200, "weightedAverageShsOutDil": 649481600, "link": "https://www.sec.gov/Archives/edgar/data/1110646/000110465919044672/0001104659-19-044672-index.htm", "finalLink": "https://www.sec.gov/Archives/edgar/data/1110646/000110465919044672/a19-16688_1ex99d1.htm"}, {"date": "2019-03-31", "symbol": "NTES", "reportedCurrency": "CNY", "cik": "0001110646", "fillingDate": "2019-05-16", "acceptedDate": "2019-05-16 06:04:59", "calendarYear": "2019", "period": "Q1", "revenue": 18356157000, "costOfRevenue": 10265194000, "grossProfit": 8090963000, "grossProfitRatio": 0.4407765198, "researchAndDevelopmentExpenses": 2166123000, "generalAndAdministrativeExpenses": 820120000, "sellingAndMarketingExpenses": 1695392000, "sellingGeneralAndAdministrativeExpenses": 2515512000, "otherExpenses": 38904000, "operatingExpenses": 4681635000, "costAndExpenses": 14946829000, "interestIncome": 173600000, "interestExpense": 173600000, "depreciationAndAmortization": 587342000, "ebitda": 4336217000, "ebitdaratio": 0.236226842, "operatingIncome": 3409328000, "operatingIncomeRatio": 0.1857321225, "totalOtherIncomeExpensesNet": 671386000, "incomeBeforeTax": 3732233000, "incomeBeforeTaxRatio": 0.2033232228, "incomeTaxExpense": 1268959000, "netIncome": 2382118000, "netIncomeRatio": 0.1297721522, "eps": 3.7, "epsdiluted": 3.7, "weightedAverageShsOut": 641238800, "weightedAverageShsOutDil": 646264200, "link": "https://www.sec.gov/Archives/edgar/data/1110646/000110465919029849/0001104659-19-029849-index.htm", "finalLink": "https://www.sec.gov/Archives/edgar/data/1110646/000110465919029849/a19-10087_1ex99d1.htm"}, {"date": "2018-12-31", "symbol": "NTES", "reportedCurrency": "CNY", "cik": "0001110646", "fillingDate": "2019-02-21", "acceptedDate": "2019-02-21 06:05:33", "calendarYear": "2018", "period": "Q4", "revenue": 19844275000, "costOfRevenue": 12186817000, "grossProfit": 7657458000, "grossProfitRatio": 0.3858774382, "researchAndDevelopmentExpenses": 2155409000, "generalAndAdministrativeExpenses": 851573000, "sellingAndMarketingExpenses": 2405349000, "sellingGeneralAndAdministrativeExpenses": 3256922000, "otherExpenses": 0, "operatingExpenses": 5412331000, "costAndExpenses": 17599148000, "interestIncome": 167296000, "interestExpense": 167296000, "depreciationAndAmortization": 676020000, "ebitda": 2921147000, "ebitdaratio": 0.1472035134, "operatingIncome": 2245127000, "operatingIncomeRatio": 0.113137265, "totalOtherIncomeExpensesNet": 463245000, "incomeBeforeTax": 2708372000, "incomeBeforeTaxRatio": 0.1364812773, "incomeTaxExpense": 919674000, "netIncome": 1697699000, "netIncomeRatio": 0.085551072, "eps": 2.65, "epsdiluted": 2.65, "weightedAverageShsOut": 639855400, "weightedAverageShsOutDil": 644144800, "link": "https://www.sec.gov/Archives/edgar/data/1110646/000110465919009698/0001104659-19-009698-index.htm", "finalLink": "https://www.sec.gov/Archives/edgar/data/1110646/000110465919009698/a19-5174_1ex99d1.htm"}, {"date": "2018-09-30", "symbol": "NTES", "reportedCurrency": "CNY", "cik": "0001110646", "fillingDate": "2018-11-15", "acceptedDate": "2018-11-15 06:21:29", "calendarYear": "2018", "period": "Q3", "revenue": 16855303000, "costOfRevenue": 9307955000, "grossProfit": 7547348000, "grossProfitRatio": 0.4477729057, "researchAndDevelopmentExpenses": 2260768000, "generalAndAdministrativeExpenses": 822292000, "sellingAndMarketingExpenses": 2357010000, "sellingGeneralAndAdministrativeExpenses": 3179302000, "otherExpenses": 0, "operatingExpenses": 5440070000, "costAndExpenses": 14748025000, "interestIncome": 113181000, "interestExpense": 0, "depreciationAndAmortization": 570232000, "ebitda": 3100227000, "ebitdaratio": 0.1839318463, "operatingIncome": 2107278000, "operatingIncomeRatio": 0.1250216623, "totalOtherIncomeExpensesNet": 822936000, "incomeBeforeTax": 2464656000, "incomeBeforeTaxRatio": 0.1462243663, "incomeTaxExpense": 843795000, "netIncome": 1596293000, "netIncomeRatio": 0.094705684, "eps": 2.5, "epsdiluted": 2.45, "weightedAverageShsOut": 642188000, "weightedAverageShsOutDil": 645352600, "link": "https://www.sec.gov/Archives/edgar/data/1110646/000110465918068630/0001104659-18-068630-index.htm", "finalLink": "https://www.sec.gov/Archives/edgar/data/1110646/000110465918068630/a18-40209_1ex99d1.htm"}, {"date": "2018-06-30", "symbol": "NTES", "reportedCurrency": "CNY", "cik": "0001110646", "fillingDate": "2018-06-30", "acceptedDate": "2018-06-30 00:00:00", "calendarYear": "2018", "period": "Q2", "revenue": 16283885000, "costOfRevenue": 9038773000, "grossProfit": 7245112000, "grossProfitRatio": 0.4449252743, "researchAndDevelopmentExpenses": 1917426000, "generalAndAdministrativeExpenses": 720852000, "sellingAndMarketingExpenses": 2273243000, "sellingGeneralAndAdministrativeExpenses": 2994095000, "otherExpenses": 0, "operatingExpenses": 4911521000, "costAndExpenses": 13950294000, "interestIncome": 141645000, "interestExpense": 0, "depreciationAndAmortization": 470813000, "ebitda": 2804404000, "ebitdaratio": 0.1722195901, "operatingIncome": 2333591000, "operatingIncomeRatio": 0.1433067723, "totalOtherIncomeExpensesNet": 349984000, "incomeBeforeTax": 2683575000, "incomeBeforeTaxRatio": 0.1647994321, "incomeTaxExpense": 420525000, "netIncome": 2106516000, "netIncomeRatio": 0.1293620042, "eps": 3.25, "epsdiluted": 3.25, "weightedAverageShsOut": 650089600, "weightedAverageShsOutDil": 652869200, "link": null, "finalLink": null}, {"date": "2018-03-31", "symbol": "NTES", "reportedCurrency": "CNY", "cik": "0001110646", "fillingDate": "2018-05-17", "acceptedDate": "2018-05-17 06:02:27", "calendarYear": "2018", "period": "Q1", "revenue": 14172990000, "costOfRevenue": 8219412000, "grossProfit": 5953578000, "grossProfitRatio": 0.4200650674, "researchAndDevelopmentExpenses": 1458947000, "generalAndAdministrativeExpenses": 796820000, "sellingAndMarketingExpenses": 2490868000, "sellingGeneralAndAdministrativeExpenses": 3287688000, "otherExpenses": 9416000, "operatingExpenses": 4746635000, "costAndExpenses": 12966047000, "interestIncome": 165459000, "interestExpense": 165459000, "depreciationAndAmortization": 366436000, "ebitda": 1573379000, "ebitdaratio": 0.1110124963, "operatingIncome": 1206943000, "operatingIncomeRatio": 0.085157966, "totalOtherIncomeExpensesNet": -119448000, "incomeBeforeTax": 1087495000, "incomeBeforeTaxRatio": 0.0767301042, "incomeTaxExpense": 282687000, "netIncome": 751899000, "netIncomeRatio": 0.0530515438, "eps": 1.15, "epsdiluted": 1.15, "weightedAverageShsOut": 656389600, "weightedAverageShsOutDil": 661648000, "link": "https://www.sec.gov/Archives/edgar/data/1110646/000110465918033924/0001104659-18-033924-index.htm", "finalLink": "https://www.sec.gov/Archives/edgar/data/1110646/000110465918033924/a18-13667_1ex99d1.htm"}, {"date": "2017-12-31", "symbol": "NTES", "reportedCurrency": "CNY", "cik": "0001110646", "fillingDate": "2018-02-08", "acceptedDate": "2018-02-08 06:06:54", "calendarYear": "2017", "period": "Q4", "revenue": 14607636000, "costOfRevenue": 8863025000, "grossProfit": 5744611000, "grossProfitRatio": 0.3932608261, "researchAndDevelopmentExpenses": 1242213000, "generalAndAdministrativeExpenses": 678370000, "sellingAndMarketingExpenses": 2397214000, "sellingGeneralAndAdministrativeExpenses": 3075584000, "otherExpenses": 37814000, "operatingExpenses": 4317797000, "costAndExpenses": 13180822000, "interestIncome": 190733000, "interestExpense": 190733000, "depreciationAndAmortization": 274298000, "ebitda": 1701112000, "ebitdaratio": 0.1164536137, "operatingIncome": 1426814000, "operatingIncomeRatio": 0.0976759005, "totalOtherIncomeExpensesNet": 165471000, "incomeBeforeTax": 1592285000, "incomeBeforeTaxRatio": 0.1090036061, "incomeTaxExpense": 290372000, "netIncome": 1285613000, "netIncomeRatio": 0.0880096547, "eps": 1.95, "epsdiluted": 1.95, "weightedAverageShsOut": 656805600, "weightedAverageShsOutDil": 662117200, "link": "https://www.sec.gov/Archives/edgar/data/1110646/000110465918007394/0001104659-18-007394-index.htm", "finalLink": "https://www.sec.gov/Archives/edgar/data/1110646/000110465918007394/a18-5563_1ex99d1.htm"}, {"date": "2017-09-30", "symbol": "NTES", "reportedCurrency": "CNY", "cik": "0001110646", "fillingDate": "2017-11-16", "acceptedDate": "2017-11-16 06:01:21", "calendarYear": "2017", "period": "Q3", "revenue": 12477789000, "costOfRevenue": 6530214000, "grossProfit": 5947575000, "grossProfitRatio": 0.4766529551, "researchAndDevelopmentExpenses": 1152941000, "generalAndAdministrativeExpenses": 599116000, "sellingAndMarketingExpenses": 1645829000, "sellingGeneralAndAdministrativeExpenses": 2244945000, "otherExpenses": 0, "operatingExpenses": 3397886000, "costAndExpenses": 9928100000, "interestIncome": 164684000, "interestExpense": 164684000, "depreciationAndAmortization": 210791000, "ebitda": 2760480000, "ebitdaratio": 0.2212315018, "operatingIncome": 2549689000, "operatingIncomeRatio": 0.2043382045, "totalOtherIncomeExpensesNet": 217415000, "incomeBeforeTax": 2767104000, "incomeBeforeTaxRatio": 0.2217623651, "incomeTaxExpense": 225494000, "netIncome": 2527449000, "netIncomeRatio": 0.2025558374, "eps": 3.85, "epsdiluted": 3.8, "weightedAverageShsOut": 658833400, "weightedAverageShsOutDil": 663474600, "link": "https://www.sec.gov/Archives/edgar/data/1110646/000110465917068956/0001104659-17-068956-index.htm", "finalLink": "https://www.sec.gov/Archives/edgar/data/1110646/000110465917068956/a17-27167_1ex99d1.htm"}, {"date": "2017-06-30", "symbol": "NTES", "reportedCurrency": "CNY", "cik": "0001110646", "fillingDate": "2017-06-30", "acceptedDate": "2017-06-30 00:00:00", "calendarYear": "2017", "period": "Q2", "revenue": 13376048000, "costOfRevenue": 6639158000, "grossProfit": 6736890000, "grossProfitRatio": 0.5036532465, "researchAndDevelopmentExpenses": 1051477000, "generalAndAdministrativeExpenses": 594344000, "sellingAndMarketingExpenses": 1685699000, "sellingGeneralAndAdministrativeExpenses": 2280043000, "otherExpenses": 0, "operatingExpenses": 3331520000, "costAndExpenses": 9970678000, "interestIncome": 162078000, "interestExpense": 162078000, "depreciationAndAmortization": 170571000, "ebitda": 3575941000, "ebitdaratio": 0.2673391274, "operatingIncome": 3405370000, "operatingIncomeRatio": 0.2545871546, "totalOtherIncomeExpensesNet": 292529000, "incomeBeforeTax": 3697899000, "incomeBeforeTaxRatio": 0.2764567681, "incomeTaxExpense": 703465000, "netIncome": 2972111000, "netIncomeRatio": 0.2221964963, "eps": 4.5, "epsdiluted": 4.5, "weightedAverageShsOut": 658990000, "weightedAverageShsOutDil": 663082000, "link": null, "finalLink": null}, {"date": "2017-03-31", "symbol": "NTES", "reportedCurrency": "CNY", "cik": "0001110646", "fillingDate": "2017-05-11", "acceptedDate": "2017-05-11 11:36:27", "calendarYear": "2017", "period": "Q1", "revenue": 13640546000, "costOfRevenue": 6156929000, "grossProfit": 7483617000, "grossProfitRatio": 0.5486303114, "researchAndDevelopmentExpenses": 924797000, "generalAndAdministrativeExpenses": 558028000, "sellingAndMarketingExpenses": 1228854000, "sellingGeneralAndAdministrativeExpenses": 1786882000, "otherExpenses": 0, "operatingExpenses": 2711679000, "costAndExpenses": 8868608000, "interestIncome": 149828000, "interestExpense": 149828000, "depreciationAndAmortization": 146144000, "ebitda": 4918082000, "ebitdaratio": 0.360548764, "operatingIncome": 4771938000, "operatingIncomeRatio": 0.3498348233, "totalOtherIncomeExpensesNet": 182274000, "incomeBeforeTax": 4954212000, "incomeBeforeTaxRatio": 0.3631974849, "incomeTaxExpense": 943032000, "netIncome": 3922766000, "netIncomeRatio": 0.2875813036, "eps": 5.95, "epsdiluted": 5.9, "weightedAverageShsOut": 657621000, "weightedAverageShsOutDil": 663709400, "link": "https://www.sec.gov/Archives/edgar/data/1110646/000110465917031811/0001104659-17-031811-index.htm", "finalLink": "https://www.sec.gov/Archives/edgar/data/1110646/000110465917031811/a17-12951_1ex99d1.htm"}, {"date": "2016-12-31", "symbol": "NTES", "reportedCurrency": "CNY", "cik": "0001110646", "fillingDate": "2017-02-16", "acceptedDate": "2017-02-16 06:00:59", "calendarYear": "2016", "period": "Q4", "revenue": 12099020000, "costOfRevenue": 5635741000, "grossProfit": 6463279000, "grossProfitRatio": 0.5341985549, "researchAndDevelopmentExpenses": 877119000, "generalAndAdministrativeExpenses": 464149000, "sellingAndMarketingExpenses": 1255331000, "sellingGeneralAndAdministrativeExpenses": 1719480000, "otherExpenses": 0, "operatingExpenses": 2596599000, "costAndExpenses": 8232340000, "interestIncome": 125335000, "interestExpense": 125335000, "depreciationAndAmortization": 96653000, "ebitda": 3963333000, "ebitdaratio": 0.3275747127, "operatingIncome": 3866680000, "operatingIncomeRatio": 0.3195862144, "totalOtherIncomeExpensesNet": 726944000, "incomeBeforeTax": 4593624000, "incomeBeforeTaxRatio": 0.3796690972, "incomeTaxExpense": 882018000, "netIncome": 3683100000, "netIncomeRatio": 0.3044130847, "eps": 5.6, "epsdiluted": 5.55, "weightedAverageShsOut": 656282200, "weightedAverageShsOutDil": 662055000, "link": "https://www.sec.gov/Archives/edgar/data/1110646/000110465917009724/0001104659-17-009724-index.htm", "finalLink": "https://www.sec.gov/Archives/edgar/data/1110646/000110465917009724/a17-4537_1ex99d1.htm"}, {"date": "2016-09-30", "symbol": "NTES", "reportedCurrency": "CNY", "cik": "0001110646", "fillingDate": "2016-11-10", "acceptedDate": "2016-11-10 06:04:09", "calendarYear": "2016", "period": "Q3", "revenue": 9211645000, "costOfRevenue": 3878071000, "grossProfit": 5333574000, "grossProfitRatio": 0.5790034245, "researchAndDevelopmentExpenses": 820246000, "generalAndAdministrativeExpenses": 391655000, "sellingAndMarketingExpenses": 1275073000, "sellingGeneralAndAdministrativeExpenses": 1666728000, "otherExpenses": 0, "operatingExpenses": 2486974000, "costAndExpenses": 6365045000, "interestIncome": 162145000, "interestExpense": 162145000, "depreciationAndAmortization": 89905000, "ebitda": 2936505000, "ebitdaratio": 0.3187818245, "operatingIncome": 2846600000, "operatingIncomeRatio": 0.3090218957, "totalOtherIncomeExpensesNet": 376018000, "incomeBeforeTax": 3222618000, "incomeBeforeTaxRatio": 0.3498417492, "incomeTaxExpense": 427177000, "netIncome": 2740018000, "netIncomeRatio": 0.297451541, "eps": 4.2, "epsdiluted": 4.15, "weightedAverageShsOut": 655508000, "weightedAverageShsOutDil": 660999000, "link": "https://www.sec.gov/Archives/edgar/data/1110646/000110465916155959/0001104659-16-155959-index.htm", "finalLink": "https://www.sec.gov/Archives/edgar/data/1110646/000110465916155959/a16-21374_1ex99d1.htm"}, {"date": "2016-06-30", "symbol": "NTES", "reportedCurrency": "CNY", "cik": "0001110646", "fillingDate": "2016-06-30", "acceptedDate": "2016-06-30 00:00:00", "calendarYear": "2016", "period": "Q2", "revenue": 8952823000, "costOfRevenue": 3672473000, "grossProfit": 5280350000, "grossProfitRatio": 0.589797207, "researchAndDevelopmentExpenses": 726253000, "generalAndAdministrativeExpenses": 336675000, "sellingAndMarketingExpenses": 1169523000, "sellingGeneralAndAdministrativeExpenses": 1506198000, "otherExpenses": 0, "operatingExpenses": 2232451000, "costAndExpenses": 5904924000, "interestIncome": 117858000, "interestExpense": 0, "depreciationAndAmortization": 76809000, "ebitda": 3124708000, "ebitdaratio": 0.3490192982, "operatingIncome": 3047899000, "operatingIncomeRatio": 0.3404399931, "totalOtherIncomeExpensesNet": -1074000, "incomeBeforeTax": 3046825000, "incomeBeforeTaxRatio": 0.3403200309, "incomeTaxExpense": 262651000, "netIncome": 2720608000, "netIncomeRatio": 0.3038826971, "eps": 4.15, "epsdiluted": 4.1, "weightedAverageShsOut": 655576800, "weightedAverageShsOutDil": 659794200, "link": null, "finalLink": null}, {"date": "2016-03-31", "symbol": "NTES", "reportedCurrency": "CNY", "cik": "0001110646", "fillingDate": "2016-05-12", "acceptedDate": "2016-05-12 06:00:37", "calendarYear": "2016", "period": "Q1", "revenue": 7915356000, "costOfRevenue": 3328747000, "grossProfit": 4586609000, "grossProfitRatio": 0.5794570705, "researchAndDevelopmentExpenses": 623361000, "generalAndAdministrativeExpenses": 313675000, "sellingAndMarketingExpenses": 781888000, "sellingGeneralAndAdministrativeExpenses": 1095563000, "otherExpenses": 0, "operatingExpenses": 1718924000, "costAndExpenses": 5047671000, "interestIncome": 136631000, "interestExpense": 136631000, "depreciationAndAmortization": 64148000, "ebitda": 2931833000, "ebitdaratio": 0.3703981223, "operatingIncome": 2867685000, "operatingIncomeRatio": 0.3622938753, "totalOtherIncomeExpensesNet": 164609000, "incomeBeforeTax": 3032294000, "incomeBeforeTaxRatio": 0.3830900341, "incomeTaxExpense": 530652000, "netIncome": 2460794000, "netIncomeRatio": 0.3108886069, "eps": 3.75, "epsdiluted": 3.7, "weightedAverageShsOut": 658025800, "weightedAverageShsOutDil": 662848600, "link": "https://www.sec.gov/Archives/edgar/data/1110646/000110465916120187/0001104659-16-120187-index.htm", "finalLink": "https://www.sec.gov/Archives/edgar/data/1110646/000110465916120187/a16-11083_1ex99d1.htm"}, {"date": "2015-12-31", "symbol": "NTES", "reportedCurrency": "CNY", "cik": "0001110646", "fillingDate": "2016-02-25", "acceptedDate": "2016-02-25 06:12:29", "calendarYear": "2015", "period": "Q4", "revenue": 7902954000, "costOfRevenue": 3683268000, "grossProfit": 4219686000, "grossProfitRatio": 0.5339378162, "researchAndDevelopmentExpenses": 586759000, "generalAndAdministrativeExpenses": 321855000, "sellingAndMarketingExpenses": 893055000, "sellingGeneralAndAdministrativeExpenses": 1214910000, "otherExpenses": 0, "operatingExpenses": 1801669000, "costAndExpenses": 5484937000, "interestIncome": 132832000, "interestExpense": 132832000, "depreciationAndAmortization": 54554000, "ebitda": 2472571000, "ebitdaratio": 0.3128666825, "operatingIncome": 2418017000, "operatingIncomeRatio": 0.3059636941, "totalOtherIncomeExpensesNet": 254432000, "incomeBeforeTax": 2672450000, "incomeBeforeTaxRatio": 0.3381583646, "incomeTaxExpense": 513770000, "netIncome": 2164461000, "netIncomeRatio": 0.2738799947, "eps": 3.3, "epsdiluted": 3.25, "weightedAverageShsOut": 657383400, "weightedAverageShsOutDil": 662427000, "link": "https://www.sec.gov/Archives/edgar/data/1110646/000110465916099733/0001104659-16-099733-index.html", "finalLink": "https://www.sec.gov/Archives/edgar/data/1110646/000110465916099733/a16-5284_1ex99d1.htm"}, {"date": "2015-09-30", "symbol": "NTES", "reportedCurrency": "CNY", "cik": "0001110646", "fillingDate": "2015-11-12", "acceptedDate": "2015-11-12 09:44:47", "calendarYear": "2015", "period": "Q3", "revenue": 6671789000, "costOfRevenue": 2822522000, "grossProfit": 3849267000, "grossProfitRatio": 0.576946753, "researchAndDevelopmentExpenses": 623523000, "generalAndAdministrativeExpenses": 319713000, "sellingAndMarketingExpenses": 817940000, "sellingGeneralAndAdministrativeExpenses": 1137653000, "otherExpenses": 10133000, "operatingExpenses": 1761176000, "costAndExpenses": 4583698000, "interestIncome": 140399000, "interestExpense": 140399000, "depreciationAndAmortization": 46693000, "ebitda": 2134784000, "ebitdaratio": 0.3199717497, "operatingIncome": 2088091000, "operatingIncomeRatio": 0.3129731771, "totalOtherIncomeExpensesNet": 242010000, "incomeBeforeTax": 2330101000, "incomeBeforeTaxRatio": 0.3492468062, "incomeTaxExpense": 399163000, "netIncome": 1881903000, "netIncomeRatio": 0.2820687225, "eps": 2.85, "epsdiluted": 2.85, "weightedAverageShsOut": 657765800, "weightedAverageShsOutDil": 661631200, "link": "https://www.sec.gov/Archives/edgar/data/1110646/000110465915078081/0001104659-15-078081-index.html", "finalLink": "https://www.sec.gov/Archives/edgar/data/1110646/000110465915078081/a15-22919_1ex99d1.htm"}, {"date": "2015-06-30", "symbol": "NTES", "reportedCurrency": "CNY", "cik": "0001110646", "fillingDate": "2015-06-30", "acceptedDate": "2015-06-30 00:00:00", "calendarYear": "2015", "period": "Q2", "revenue": 4567905000, "costOfRevenue": 1722331000, "grossProfit": 2845574000, "grossProfitRatio": 0.6229494703, "researchAndDevelopmentExpenses": 496782000, "generalAndAdministrativeExpenses": 202228000, "sellingAndMarketingExpenses": 696188000, "sellingGeneralAndAdministrativeExpenses": 898416000, "otherExpenses": 562000, "operatingExpenses": 1395198000, "costAndExpenses": 3117529000, "interestIncome": 156653000, "interestExpense": 156653000, "depreciationAndAmortization": 42529000, "ebitda": 1492905000, "ebitdaratio": 0.3268248792, "operatingIncome": 1450376000, "operatingIncomeRatio": 0.3175144842, "totalOtherIncomeExpensesNet": 137434000, "incomeBeforeTax": 1587810000, "incomeBeforeTaxRatio": 0.3476013621, "incomeTaxExpense": 145933000, "netIncome": 1424320000, "netIncomeRatio": 0.3118103376, "eps": 2.15, "epsdiluted": 2.15, "weightedAverageShsOut": 657499000, "weightedAverageShsOutDil": 661207800, "link": null, "finalLink": null}, {"date": "2015-03-31", "symbol": "NTES", "reportedCurrency": "CNY", "cik": "0001110646", "fillingDate": "2015-05-14", "acceptedDate": "2015-05-14 06:01:18", "calendarYear": "2015", "period": "Q1", "revenue": 3660247000, "costOfRevenue": 1171139000, "grossProfit": 2489108000, "grossProfitRatio": 0.6800382597, "researchAndDevelopmentExpenses": 451826000, "generalAndAdministrativeExpenses": 170599000, "sellingAndMarketingExpenses": 551045000, "sellingGeneralAndAdministrativeExpenses": 721644000, "otherExpenses": 11246000, "operatingExpenses": 1173470000, "costAndExpenses": 2344609000, "interestIncome": 167047000, "interestExpense": 167047000, "depreciationAndAmortization": 38675000, "ebitda": 1354313000, "ebitdaratio": 0.370005904, "operatingIncome": 1315638000, "operatingIncomeRatio": 0.3594396772, "totalOtherIncomeExpensesNet": 204308000, "incomeBeforeTax": 1519946000, "incomeBeforeTaxRatio": 0.4152577681, "incomeTaxExpense": 214543000, "netIncome": 1264422000, "netIncomeRatio": 0.3454471788, "eps": 1.95, "epsdiluted": 1.9, "weightedAverageShsOut": 654819600, "weightedAverageShsOutDil": 658866800, "link": "https://www.sec.gov/Archives/edgar/data/1110646/000110465915037826/0001104659-15-037826-index.htm", "finalLink": "https://www.sec.gov/Archives/edgar/data/1110646/000110465915037826/a15-11529_1ex99d1.htm"}, {"date": "2014-12-31", "symbol": "NTES", "reportedCurrency": "CNY", "cik": "0001110646", "fillingDate": "2015-02-10", "acceptedDate": "2015-02-10 06:00:26", "calendarYear": "2014", "period": "Q4", "revenue": 3462993000, "costOfRevenue": 977565000, "grossProfit": 2485428000, "grossProfitRatio": 0.7177109512, "researchAndDevelopmentExpenses": 391591000, "generalAndAdministrativeExpenses": 143850000, "sellingAndMarketingExpenses": 704211000, "sellingGeneralAndAdministrativeExpenses": 848061000, "otherExpenses": 0, "operatingExpenses": 1239652000, "costAndExpenses": 2217217000, "interestIncome": 156747000, "interestExpense": 156747000, "depreciationAndAmortization": 64965000, "ebitda": 1310741000, "ebitdaratio": 0.3784994656, "operatingIncome": 1245776000, "operatingIncomeRatio": 0.3597396818, "totalOtherIncomeExpensesNet": 219413000, "incomeBeforeTax": 1465189000, "incomeBeforeTaxRatio": 0.423099036, "incomeTaxExpense": 187893000, "netIncome": 1271269000, "netIncomeRatio": 0.367101233, "eps": 1.95, "epsdiluted": 1.95, "weightedAverageShsOut": 653603800, "weightedAverageShsOutDil": 657224000, "link": "https://www.sec.gov/Archives/edgar/data/1110646/000110465915007959/0001104659-15-007959-index.htm", "finalLink": "https://www.sec.gov/Archives/edgar/data/1110646/000110465915007959/a15-4036_1ex99d1.htm"}, {"date": "2014-09-30", "symbol": "NTES", "reportedCurrency": "CNY", "cik": "0001110646", "fillingDate": "2014-11-13", "acceptedDate": "2014-11-13 06:07:26", "calendarYear": "2014", "period": "Q3", "revenue": 3116739000, "costOfRevenue": 858298000, "grossProfit": 2258441000, "grossProfitRatio": 0.7246166586, "researchAndDevelopmentExpenses": 396442000, "generalAndAdministrativeExpenses": 128928000, "sellingAndMarketingExpenses": 533838000, "sellingGeneralAndAdministrativeExpenses": 662766000, "otherExpenses": 1872000, "operatingExpenses": 1059208000, "costAndExpenses": 1917506000, "interestIncome": 156084000, "interestExpense": 156084000, "depreciationAndAmortization": 36921000, "ebitda": 1236154000, "ebitdaratio": 0.3966177469, "operatingIncome": 1199233000, "operatingIncomeRatio": 0.3847717117, "totalOtherIncomeExpensesNet": 168833000, "incomeBeforeTax": 1368066000, "incomeBeforeTaxRatio": 0.4389414706, "incomeTaxExpense": 197340000, "netIncome": 1159145000, "netIncomeRatio": 0.3719095503, "eps": 1.75, "epsdiluted": 1.75, "weightedAverageShsOut": 653557200, "weightedAverageShsOutDil": 656087000, "link": "https://www.sec.gov/Archives/edgar/data/1110646/000110465914080019/0001104659-14-080019-index.html", "finalLink": "https://www.sec.gov/Archives/edgar/data/1110646/000110465914080019/a14-24407_1ex99d1.htm"}, {"date": "2014-06-30", "symbol": "NTES", "reportedCurrency": "CNY", "cik": "0001110646", "fillingDate": "2014-06-30", "acceptedDate": "2014-06-30 00:00:00", "calendarYear": "2014", "period": "Q2", "revenue": 2767590000, "costOfRevenue": 767905000, "grossProfit": 1999685000, "grossProfitRatio": 0.7225365751, "researchAndDevelopmentExpenses": 292108000, "generalAndAdministrativeExpenses": 98054000, "sellingAndMarketingExpenses": 433494000, "sellingGeneralAndAdministrativeExpenses": 531548000, "otherExpenses": 6783000, "operatingExpenses": 823656000, "costAndExpenses": 1591561000, "interestIncome": 146456000, "interestExpense": 146456000, "depreciationAndAmortization": 34131000, "ebitda": 1210160000, "ebitdaratio": 0.4372612995, "operatingIncome": 1176029000, "operatingIncomeRatio": 0.4249289093, "totalOtherIncomeExpensesNet": 143540000, "incomeBeforeTax": 1319569000, "incomeBeforeTaxRatio": 0.4767935279, "incomeTaxExpense": 97936000, "netIncome": 1202349000, "netIncomeRatio": 0.4344389884, "eps": 1.85, "epsdiluted": 1.85, "weightedAverageShsOut": 653296600, "weightedAverageShsOutDil": 654833400, "link": null, "finalLink": null}, {"date": "2014-03-31", "symbol": "NTES", "reportedCurrency": "CNY", "cik": "0001110646", "fillingDate": "2014-05-15", "acceptedDate": "2014-05-15 06:16:01", "calendarYear": "2014", "period": "Q1", "revenue": 2365512000, "costOfRevenue": 657776000, "grossProfit": 1707736000, "grossProfitRatio": 0.7219308124, "researchAndDevelopmentExpenses": 243357000, "generalAndAdministrativeExpenses": 96837000, "sellingAndMarketingExpenses": 223455000, "sellingGeneralAndAdministrativeExpenses": 320292000, "otherExpenses": 1501000, "operatingExpenses": 563649000, "costAndExpenses": 1221425000, "interestIncome": 142215000, "interestExpense": 142215000, "depreciationAndAmortization": 38445000, "ebitda": 1182532000, "ebitdaratio": 0.4999053059, "operatingIncome": 1144087000, "operatingIncomeRatio": 0.4836530104, "totalOtherIncomeExpensesNet": 161529000, "incomeBeforeTax": 1305616000, "incomeBeforeTaxRatio": 0.551938016, "incomeTaxExpense": 179566000, "netIncome": 1123860000, "netIncomeRatio": 0.4751022189, "eps": 1.75, "epsdiluted": 1.7, "weightedAverageShsOut": 651067200, "weightedAverageShsOutDil": 653458800, "link": "https://www.sec.gov/Archives/edgar/data/1110646/000110465914038920/0001104659-14-038920-index.htm", "finalLink": "https://www.sec.gov/Archives/edgar/data/1110646/000110465914038920/a14-12871_1ex99d1.htm"}, {"date": "2013-12-31", "symbol": "NTES", "reportedCurrency": "CNY", "cik": "0001110646", "fillingDate": "2014-04-24", "acceptedDate": "2014-04-24 06:09:07", "calendarYear": "2013", "period": "Q4", "revenue": 2422422000, "costOfRevenue": 695214000, "grossProfit": 1727208000, "grossProfitRatio": 0.7130087161, "researchAndDevelopmentExpenses": 237960000, "generalAndAdministrativeExpenses": 82168000, "sellingAndMarketingExpenses": 328152000, "sellingGeneralAndAdministrativeExpenses": 410320000, "otherExpenses": 0, "operatingExpenses": 648280000, "costAndExpenses": 1343494000, "interestIncome": 139082000, "interestExpense": 139082000, "depreciationAndAmortization": 40378000, "ebitda": 1119306000, "ebitdaratio": 0.4620606979, "operatingIncome": 1078928000, "operatingIncomeRatio": 0.4453922562, "totalOtherIncomeExpensesNet": 216745000, "incomeBeforeTax": 1295673000, "incomeBeforeTaxRatio": 0.5348667573, "incomeTaxExpense": 49421000, "netIncome": 1237025000, "netIncomeRatio": 0.5106562771, "eps": 1.9, "epsdiluted": 1.9, "weightedAverageShsOut": 650056800, "weightedAverageShsOutDil": 652521000, "link": "https://www.sec.gov/Archives/edgar/data/1110646/000110465914029684/0001104659-14-029684-index.htm", "finalLink": "https://www.sec.gov/Archives/edgar/data/1110646/000110465914029684/a13-25245_120f.htm"}, {"date": "2013-09-30", "symbol": "NTES", "reportedCurrency": "CNY", "cik": "0001110646", "fillingDate": "2013-09-30", "acceptedDate": "2013-09-30 00:00:00", "calendarYear": "2013", "period": "Q3", "revenue": 2356639000, "costOfRevenue": 609884000, "grossProfit": 1746755000, "grossProfitRatio": 0.7412060142, "researchAndDevelopmentExpenses": 257345000, "generalAndAdministrativeExpenses": 94795000, "sellingAndMarketingExpenses": 283026000, "sellingGeneralAndAdministrativeExpenses": 377821000, "otherExpenses": 1025000, "operatingExpenses": 635166000, "costAndExpenses": 1245050000, "interestIncome": 123567000, "interestExpense": 123567000, "depreciationAndAmortization": 39890000, "ebitda": 1151479000, "ebitdaratio": 0.4886106867, "operatingIncome": 1111589000, "operatingIncomeRatio": 0.4716840382, "totalOtherIncomeExpensesNet": 139533000, "incomeBeforeTax": 1251122000, "incomeBeforeTaxRatio": 0.5308925126, "incomeTaxExpense": 206503000, "netIncome": 1048294000, "netIncomeRatio": 0.4448258728, "eps": 1.6, "epsdiluted": 1.6, "weightedAverageShsOut": 650015600, "weightedAverageShsOutDil": 652070000, "link": null, "finalLink": null}, {"date": "2013-06-30", "symbol": "NTES", "reportedCurrency": "CNY", "cik": "0001110646", "fillingDate": "2013-08-15", "acceptedDate": "2013-08-15 06:01:57", "calendarYear": "2013", "period": "Q2", "revenue": 2264525000, "costOfRevenue": 566912000, "grossProfit": 1697613000, "grossProfitRatio": 0.7496552257, "researchAndDevelopmentExpenses": 223584000, "generalAndAdministrativeExpenses": 87639000, "sellingAndMarketingExpenses": 314761000, "sellingGeneralAndAdministrativeExpenses": 402400000, "otherExpenses": 3103000, "operatingExpenses": 625984000, "costAndExpenses": 1192896000, "interestIncome": 126067000, "interestExpense": 126067000, "depreciationAndAmortization": 39806000, "ebitda": 1111435000, "ebitdaratio": 0.490802707, "operatingIncome": 1071629000, "operatingIncomeRatio": 0.4732246277, "totalOtherIncomeExpensesNet": 145606000, "incomeBeforeTax": 1217235000, "incomeBeforeTaxRatio": 0.5375233217, "incomeTaxExpense": 131808000, "netIncome": 1095102000, "netIncomeRatio": 0.4835901569, "eps": 1.7, "epsdiluted": 1.7, "weightedAverageShsOut": 649815400, "weightedAverageShsOutDil": 651048800, "link": "https://www.sec.gov/Archives/edgar/data/1110646/000110465913064105/0001104659-13-064105-index.htm", "finalLink": "https://www.sec.gov/Archives/edgar/data/1110646/000110465913064105/a13-18661_1ex99d1.htm"}, {"date": "2013-03-31", "symbol": "NTES", "reportedCurrency": "CNY", "cik": "0001110646", "fillingDate": "2013-05-16", "acceptedDate": "2013-05-16 06:09:45", "calendarYear": "2013", "period": "Q1", "revenue": 2152589000, "costOfRevenue": 606506000, "grossProfit": 1546083000, "grossProfitRatio": 0.7182434733, "researchAndDevelopmentExpenses": 202729000, "generalAndAdministrativeExpenses": 85230000, "sellingAndMarketingExpenses": 167673000, "sellingGeneralAndAdministrativeExpenses": 252903000, "otherExpenses": 667000, "operatingExpenses": 455632000, "costAndExpenses": 1062138000, "interestIncome": 117465000, "interestExpense": 117465000, "depreciationAndAmortization": 38289000, "ebitda": 1128740000, "ebitdaratio": 0.5243639171, "operatingIncome": 1090451000, "operatingIncomeRatio": 0.5065764993, "totalOtherIncomeExpensesNet": 121340000, "incomeBeforeTax": 1211791000, "incomeBeforeTaxRatio": 0.5629458294, "incomeTaxExpense": 142871000, "netIncome": 1063489000, "netIncomeRatio": 0.4940511171, "eps": 1.65, "epsdiluted": 1.65, "weightedAverageShsOut": 648387800, "weightedAverageShsOutDil": 649374200, "link": "https://www.sec.gov/Archives/edgar/data/1110646/000110465913042135/0001104659-13-042135-index.htm", "finalLink": "https://www.sec.gov/Archives/edgar/data/1110646/000110465913042135/a13-12533_1ex99d1.htm"}, {"date": "2012-12-31", "symbol": "NTES", "reportedCurrency": "CNY", "cik": "0001110646", "fillingDate": "2013-02-07", "acceptedDate": "2013-02-07 06:03:18", "calendarYear": "2012", "period": "Q4", "revenue": 2270874000, "costOfRevenue": 662600000, "grossProfit": 1608274000, "grossProfitRatio": 0.7082180693, "researchAndDevelopmentExpenses": 189345000, "generalAndAdministrativeExpenses": 69452000, "sellingAndMarketingExpenses": 321584000, "sellingGeneralAndAdministrativeExpenses": 391036000, "otherExpenses": 0, "operatingExpenses": 580381000, "costAndExpenses": 1242981000, "interestIncome": 115530000, "interestExpense": 115530000, "depreciationAndAmortization": 37647000, "ebitda": 1065540000, "ebitdaratio": 0.4692202209, "operatingIncome": 1027893000, "operatingIncomeRatio": 0.4526420224, "totalOtherIncomeExpensesNet": 169410000, "incomeBeforeTax": 1197303000, "incomeBeforeTaxRatio": 0.5272432552, "incomeTaxExpense": 184238000, "netIncome": 1008535000, "netIncomeRatio": 0.4441175512, "eps": 1.55, "epsdiluted": 1.55, "weightedAverageShsOut": 655775400, "weightedAverageShsOutDil": 656780600, "link": "https://www.sec.gov/Archives/edgar/data/1110646/000110465913008171/0001104659-13-008171-index.htm", "finalLink": "https://www.sec.gov/Archives/edgar/data/1110646/000110465913008171/a13-4574_1ex99d1.htm"}, {"date": "2012-09-30", "symbol": "NTES", "reportedCurrency": "CNY", "cik": "0001110646", "fillingDate": "2012-11-15", "acceptedDate": "2012-11-15 06:04:44", "calendarYear": "2012", "period": "Q3", "revenue": 2001964000, "costOfRevenue": 640049000, "grossProfit": 1361915000, "grossProfitRatio": 0.6802894558, "researchAndDevelopmentExpenses": 201661000, "generalAndAdministrativeExpenses": 75851000, "sellingAndMarketingExpenses": 259947000, "sellingGeneralAndAdministrativeExpenses": 335798000, "otherExpenses": 0, "operatingExpenses": 537459000, "costAndExpenses": 1177508000, "interestIncome": 115459000, "interestExpense": 115459000, "depreciationAndAmortization": 52310000, "ebitda": 876766000, "ebitdaratio": 0.4379529302, "operatingIncome": 824456000, "operatingIncomeRatio": 0.4118235892, "totalOtherIncomeExpensesNet": 153558000, "incomeBeforeTax": 978014000, "incomeBeforeTaxRatio": 0.4885272662, "incomeTaxExpense": 194797000, "netIncome": 811935000, "netIncomeRatio": 0.405569231, "eps": 1.25, "epsdiluted": 1.25, "weightedAverageShsOut": 657474000, "weightedAverageShsOutDil": 658492400, "link": "https://www.sec.gov/Archives/edgar/data/1110646/000110465912078049/0001104659-12-078049-index.htm", "finalLink": "https://www.sec.gov/Archives/edgar/data/1110646/000110465912078049/a12-27066_1ex99d1.htm"}, {"date": "2012-06-30", "symbol": "NTES", "reportedCurrency": "CNY", "cik": "0001110646", "fillingDate": "2012-06-30", "acceptedDate": "2012-06-30 00:00:00", "calendarYear": "2012", "period": "Q2", "revenue": 1962489000, "costOfRevenue": 641011000, "grossProfit": 1321478000, "grossProfitRatio": 0.6733683603, "researchAndDevelopmentExpenses": 172348000, "generalAndAdministrativeExpenses": 70636000, "sellingAndMarketingExpenses": 194679000, "sellingGeneralAndAdministrativeExpenses": 265315000, "otherExpenses": 0, "operatingExpenses": 437663000, "costAndExpenses": 1078674000, "interestIncome": 106155000, "interestExpense": 106155000, "depreciationAndAmortization": 71875000, "ebitda": 955690000, "ebitdaratio": 0.4869785257, "operatingIncome": 883815000, "operatingIncomeRatio": 0.4503541166, "totalOtherIncomeExpensesNet": 124289000, "incomeBeforeTax": 1008104000, "incomeBeforeTaxRatio": 0.5136864461, "incomeTaxExpense": 149544000, "netIncome": 875302000, "netIncomeRatio": 0.4460162579, "eps": 1.35, "epsdiluted": 1.35, "weightedAverageShsOut": 657247800, "weightedAverageShsOutDil": 658503600, "link": null, "finalLink": null}, {"date": "2012-03-31", "symbol": "NTES", "reportedCurrency": "CNY", "cik": "0001110646", "fillingDate": "2012-05-17", "acceptedDate": "2012-05-17 06:01:17", "calendarYear": "2012", "period": "Q1", "revenue": 1965629000, "costOfRevenue": 634407000, "grossProfit": 1331222000, "grossProfitRatio": 0.6772498778, "researchAndDevelopmentExpenses": 154961000, "generalAndAdministrativeExpenses": 70284000, "sellingAndMarketingExpenses": 130497000, "sellingGeneralAndAdministrativeExpenses": 200781000, "otherExpenses": 0, "operatingExpenses": 355742000, "costAndExpenses": 990149000, "interestIncome": 86490000, "interestExpense": 86490000, "depreciationAndAmortization": 71677000, "ebitda": 1047157000, "ebitdaratio": 0.5327337967, "operatingIncome": 975480000, "operatingIncomeRatio": 0.4962686244, "totalOtherIncomeExpensesNet": 119311000, "incomeBeforeTax": 1094791000, "incomeBeforeTaxRatio": 0.5569672609, "incomeTaxExpense": 163063000, "netIncome": 941680000, "netIncomeRatio": 0.4790731109, "eps": 1.45, "epsdiluted": 1.45, "weightedAverageShsOut": 655631400, "weightedAverageShsOutDil": 656885600, "link": "https://www.sec.gov/Archives/edgar/data/1110646/000110465912037948/0001104659-12-037948-index.htm", "finalLink": "https://www.sec.gov/Archives/edgar/data/1110646/000110465912037948/a12-12227_1ex99d1.htm"}, {"date": "2011-12-31", "symbol": "NTES", "reportedCurrency": "CNY", "cik": "0001110646", "fillingDate": "2012-02-16", "acceptedDate": "2012-02-16 06:39:46", "calendarYear": "2011", "period": "Q4", "revenue": 2099183000, "costOfRevenue": 646086000, "grossProfit": 1453097000, "grossProfitRatio": 0.692220259, "researchAndDevelopmentExpenses": 142514000, "generalAndAdministrativeExpenses": 105787000, "sellingAndMarketingExpenses": 280680000, "sellingGeneralAndAdministrativeExpenses": 386467000, "otherExpenses": 0, "operatingExpenses": 528981000, "costAndExpenses": 1175067000, "interestIncome": 88578000, "interestExpense": 78624000, "depreciationAndAmortization": 76323000, "ebitda": 924116000, "ebitdaratio": 0.4402265072, "operatingIncome": 924116000, "operatingIncomeRatio": 0.4402265072, "totalOtherIncomeExpensesNet": 114728000, "incomeBeforeTax": 1038844000, "incomeBeforeTaxRatio": 0.494880151, "incomeTaxExpense": 122621000, "netIncome": 898625000, "netIncomeRatio": 0.4280832114, "eps": 1.35, "epsdiluted": 1.35, "weightedAverageShsOut": 654523400, "weightedAverageShsOutDil": 655880800, "link": "https://www.sec.gov/Archives/edgar/data/1110646/000110465912010341/0001104659-12-010341-index.html", "finalLink": "https://www.sec.gov/Archives/edgar/data/1110646/000110465912010341/a12-5176_1ex99d1.htm"}, {"date": "2011-09-30", "symbol": "NTES", "reportedCurrency": "CNY", "cik": "0001110646", "fillingDate": "2011-11-17", "acceptedDate": "2011-11-17 06:14:34", "calendarYear": "2011", "period": "Q3", "revenue": 1957902000, "costOfRevenue": 630456000, "grossProfit": 1327446000, "grossProfitRatio": 0.6779940978, "researchAndDevelopmentExpenses": 121662000, "generalAndAdministrativeExpenses": 61263000, "sellingAndMarketingExpenses": 225282000, "sellingGeneralAndAdministrativeExpenses": 286545000, "otherExpenses": 0, "operatingExpenses": 408207000, "costAndExpenses": 1038663000, "interestIncome": 68647000, "interestExpense": 68647000, "depreciationAndAmortization": 75315000, "ebitda": 994554000, "ebitdaratio": 0.5079692446, "operatingIncome": 919239000, "operatingIncomeRatio": 0.4695020486, "totalOtherIncomeExpensesNet": 35518000, "incomeBeforeTax": 954757000, "incomeBeforeTaxRatio": 0.4876428953, "incomeTaxExpense": 140499000, "netIncome": 825756000, "netIncomeRatio": 0.4217555322, "eps": 1.25, "epsdiluted": 1.25, "weightedAverageShsOut": 653734600, "weightedAverageShsOutDil": 655527200, "link": "https://www.sec.gov/Archives/edgar/data/1110646/000110465911064707/0001104659-11-064707-index.htm", "finalLink": "https://www.sec.gov/Archives/edgar/data/1110646/000110465911064707/a11-30003_1ex99d1.htm"}, {"date": "2011-06-30", "symbol": "NTES", "reportedCurrency": "CNY", "cik": "0001110646", "fillingDate": "2011-06-30", "acceptedDate": "2011-06-30 00:00:00", "calendarYear": "2011", "period": "Q2", "revenue": 1733616000, "costOfRevenue": 580756000, "grossProfit": 1152860000, "grossProfitRatio": 0.6650030918, "researchAndDevelopmentExpenses": 103008000, "generalAndAdministrativeExpenses": 49845000, "sellingAndMarketingExpenses": 212898000, "sellingGeneralAndAdministrativeExpenses": 262743000, "otherExpenses": 0, "operatingExpenses": 365751000, "costAndExpenses": 946507000, "interestIncome": 59419000, "interestExpense": 59419000, "depreciationAndAmortization": -3819000, "ebitda": 783290000, "ebitdaratio": 0.4518243948, "operatingIncome": 787109000, "operatingIncomeRatio": 0.4540273048, "totalOtherIncomeExpensesNet": 63238000, "incomeBeforeTax": 850347000, "incomeBeforeTaxRatio": 0.4905048177, "incomeTaxExpense": 92428000, "netIncome": 772496000, "netIncomeRatio": 0.4455981025, "eps": 1.2, "epsdiluted": 1.2, "weightedAverageShsOut": 652985400, "weightedAverageShsOutDil": 655130200, "link": null, "finalLink": null}, {"date": "2011-03-31", "symbol": "NTES", "reportedCurrency": "CNY", "cik": "0001110646", "fillingDate": "2011-05-19", "acceptedDate": "2011-05-19 06:02:23", "calendarYear": "2011", "period": "Q1", "revenue": 1499951000, "costOfRevenue": 514990000, "grossProfit": 984961000, "grossProfitRatio": 0.6566621176, "researchAndDevelopmentExpenses": 98306000, "generalAndAdministrativeExpenses": 63332000, "sellingAndMarketingExpenses": 130345000, "sellingGeneralAndAdministrativeExpenses": 193677000, "otherExpenses": 0, "operatingExpenses": 291983000, "costAndExpenses": 806973000, "interestIncome": 51363000, "interestExpense": 51363000, "depreciationAndAmortization": 65706000, "ebitda": 758684000, "ebitdaratio": 0.5058058563, "operatingIncome": 692978000, "operatingIncomeRatio": 0.4620004253, "totalOtherIncomeExpensesNet": 78803000, "incomeBeforeTax": 771781000, "incomeBeforeTaxRatio": 0.5145374749, "incomeTaxExpense": 37208000, "netIncome": 737387000, "netIncomeRatio": 0.4916073925, "eps": 1.15, "epsdiluted": 1.15, "weightedAverageShsOut": 651152800, "weightedAverageShsOutDil": 654781800, "link": "https://www.sec.gov/Archives/edgar/data/1110646/000110465911030078/0001104659-11-030078-index.htm", "finalLink": "https://www.sec.gov/Archives/edgar/data/1110646/000110465911030078/a11-12696_1ex99d1.htm"}, {"date": "2010-12-31", "symbol": "NTES", "reportedCurrency": "CNY", "cik": "0001110646", "fillingDate": "2011-06-22", "acceptedDate": "2011-06-22 07:43:47", "calendarYear": "2010", "period": "Q4", "revenue": 1633739000, "costOfRevenue": 543169000, "grossProfit": 1090570000, "grossProfitRatio": 0.6675301257, "researchAndDevelopmentExpenses": 97173000, "generalAndAdministrativeExpenses": 8647000, "sellingAndMarketingExpenses": 192081000, "sellingGeneralAndAdministrativeExpenses": 200728000, "otherExpenses": 0, "operatingExpenses": 297901000, "costAndExpenses": 841070000, "interestIncome": 41173000, "interestExpense": 41173000, "depreciationAndAmortization": -117642000, "ebitda": 792669000, "ebitdaratio": 0.4851870464, "operatingIncome": 792669000, "operatingIncomeRatio": 0.4851870464, "totalOtherIncomeExpensesNet": 11175000, "incomeBeforeTax": 803844000, "incomeBeforeTaxRatio": 0.4920271843, "incomeTaxExpense": 83182000, "netIncome": 712523000, "netIncomeRatio": 0.4361302509, "eps": 1.09, "epsdiluted": 1.09, "weightedAverageShsOut": 649203200, "weightedAverageShsOutDil": 651152800, "link": "https://www.sec.gov/Archives/edgar/data/1110646/000110465911035900/0001104659-11-035900-index.htm", "finalLink": "https://www.sec.gov/Archives/edgar/data/1110646/000110465911035900/a11-14725_120f.htm"}, {"date": "2010-09-30", "symbol": "NTES", "reportedCurrency": "CNY", "cik": "0001110646", "fillingDate": "2010-11-18", "acceptedDate": "2010-11-18 07:24:45", "calendarYear": "2010", "period": "Q3", "revenue": 1400447000, "costOfRevenue": 441271000, "grossProfit": 959176000, "grossProfitRatio": 0.6849070333, "researchAndDevelopmentExpenses": 81779000, "generalAndAdministrativeExpenses": 52996000, "sellingAndMarketingExpenses": 237429000, "sellingGeneralAndAdministrativeExpenses": 290425000, "otherExpenses": 0, "operatingExpenses": 372204000, "costAndExpenses": 813475000, "interestIncome": 36248000, "interestExpense": 36248000, "depreciationAndAmortization": -44170000, "ebitda": 542802000, "ebitdaratio": 0.3875919617, "operatingIncome": 586972000, "operatingIncomeRatio": 0.4191318915, "totalOtherIncomeExpensesNet": 80418000, "incomeBeforeTax": 667390000, "incomeBeforeTaxRatio": 0.4765549857, "incomeTaxExpense": 91268000, "netIncome": 585317000, "netIncomeRatio": 0.4179501259, "eps": 0.9, "epsdiluted": 0.9, "weightedAverageShsOut": 649635200, "weightedAverageShsOutDil": 652807200, "link": "https://www.sec.gov/Archives/edgar/data/1110646/000110465910059005/0001104659-10-059005-index.html", "finalLink": "https://www.sec.gov/Archives/edgar/data/1110646/000110465910059005/a10-21422_16k.htm"}]