[{"date": "2025-06-30", "symbol": "MPWR", "reportedCurrency": "USD", "cik": "0001280452", "fillingDate": "2025-08-04", "acceptedDate": "2025-08-04 16:01:55", "calendarYear": "2025", "period": "Q2", "revenue": 664574000, "costOfRevenue": 298558000, "grossProfit": 366016000, "grossProfitRatio": 0.5507528131, "researchAndDevelopmentExpenses": 96266000, "generalAndAdministrativeExpenses": 0, "sellingAndMarketingExpenses": 0, "sellingGeneralAndAdministrativeExpenses": 104992000, "otherExpenses": 0, "operatingExpenses": 201258000, "costAndExpenses": 499816000, "interestIncome": 6043000, "interestExpense": 0, "depreciationAndAmortization": 13120000, "ebitda": 177878000, "ebitdaratio": 0.2676571759, "operatingIncome": 164758000, "operatingIncomeRatio": 0.2479152058, "totalOtherIncomeExpensesNet": 12220000, "incomeBeforeTax": 176978000, "incomeBeforeTaxRatio": 0.2663029249, "incomeTaxExpense": 43252000, "netIncome": 133726000, "netIncomeRatio": 0.2012206316, "eps": 2.79, "epsdiluted": 2.78, "weightedAverageShsOut": 47869000, "weightedAverageShsOutDil": 48012000, "link": "https://www.sec.gov/Archives/edgar/data/1280452/000143774925024602/0001437749-25-024602-index.htm", "finalLink": "https://www.sec.gov/Archives/edgar/data/1280452/000143774925024602/mpwr20250630_10q.htm"}, {"date": "2025-03-31", "symbol": "MPWR", "reportedCurrency": "USD", "cik": "0001280452", "fillingDate": "2025-05-05", "acceptedDate": "2025-05-05 16:01:48", "calendarYear": "2025", "period": "Q1", "revenue": 637554000, "costOfRevenue": 284324000, "grossProfit": 353230000, "grossProfitRatio": 0.5540393441, "researchAndDevelopmentExpenses": 92227000, "generalAndAdministrativeExpenses": 0, "sellingAndMarketingExpenses": 0, "sellingGeneralAndAdministrativeExpenses": 92244000, "otherExpenses": 0, "operatingExpenses": 184471000, "costAndExpenses": 468795000, "interestIncome": 5697000, "interestExpense": 0, "depreciationAndAmortization": 11449000, "ebitda": 180208000, "ebitdaratio": 0.2826552731, "operatingIncome": 168759000, "operatingIncomeRatio": 0.2646975786, "totalOtherIncomeExpensesNet": 5131000, "incomeBeforeTax": 173890000, "incomeBeforeTaxRatio": 0.2727455243, "incomeTaxExpense": 40099000, "netIncome": 133791000, "netIncomeRatio": 0.2098504597, "eps": 2.8, "epsdiluted": 2.79, "weightedAverageShsOut": 47851000, "weightedAverageShsOutDil": 48006000, "link": "https://www.sec.gov/Archives/edgar/data/1280452/000143774925014522/0001437749-25-014522-index.htm", "finalLink": "https://www.sec.gov/Archives/edgar/data/1280452/000143774925014522/mpwr20250331_10q.htm"}, {"date": "2024-12-31", "symbol": "MPWR", "reportedCurrency": "USD", "cik": "0001280452", "fillingDate": "2025-03-03", "acceptedDate": "2025-03-03 15:14:51", "calendarYear": "2024", "period": "Q4", "revenue": 621665000, "costOfRevenue": 277257000, "grossProfit": 344408000, "grossProfitRatio": 0.554008992, "researchAndDevelopmentExpenses": 85762000, "generalAndAdministrativeExpenses": 0, "sellingAndMarketingExpenses": 0, "sellingGeneralAndAdministrativeExpenses": 95339000, "otherExpenses": 0, "operatingExpenses": 181101000, "costAndExpenses": 458358000, "interestIncome": 6744000, "interestExpense": 0, "depreciationAndAmortization": 10043000, "ebitda": 173350000, "ebitdaratio": 0.2788479326, "operatingIncome": 163307000, "operatingIncomeRatio": 0.2626929295, "totalOtherIncomeExpensesNet": 6224000, "incomeBeforeTax": 169531000, "incomeBeforeTaxRatio": 0.2727047526, "incomeTaxExpense": -1279832000, "netIncome": 1449363000, "netIncomeRatio": 2.3314212639, "eps": 30, "epsdiluted": 29.88, "weightedAverageShsOut": 48317000, "weightedAverageShsOutDil": 48506000, "link": "https://www.sec.gov/Archives/edgar/data/1280452/000143774925005903/0001437749-25-005903-index.htm", "finalLink": "https://www.sec.gov/Archives/edgar/data/1280452/000143774925005903/mpwr20241231_10k.htm"}, {"date": "2024-09-30", "symbol": "MPWR", "reportedCurrency": "USD", "cik": "0001280452", "fillingDate": "2024-11-06", "acceptedDate": "2024-11-06 16:02:01", "calendarYear": "2024", "period": "Q3", "revenue": 620119000, "costOfRevenue": 276676000, "grossProfit": 343443000, "grossProfitRatio": 0.5538340222, "researchAndDevelopmentExpenses": 85051000, "generalAndAdministrativeExpenses": 0, "sellingAndMarketingExpenses": 0, "sellingGeneralAndAdministrativeExpenses": 94364000, "otherExpenses": 0, "operatingExpenses": 179415000, "costAndExpenses": 456091000, "interestIncome": 6805000, "interestExpense": 0, "depreciationAndAmortization": 9445000, "ebitda": 173473000, "ebitdaratio": 0.279741469, "operatingIncome": 164028000, "operatingIncomeRatio": 0.2645105214, "totalOtherIncomeExpensesNet": 10278000, "incomeBeforeTax": 174306000, "incomeBeforeTaxRatio": 0.2810847595, "incomeTaxExpense": 29876000, "netIncome": 144430000, "netIncomeRatio": 0.2329069098, "eps": 2.96, "epsdiluted": 2.95, "weightedAverageShsOut": 48757000, "weightedAverageShsOutDil": 48964000, "link": "https://www.sec.gov/Archives/edgar/data/1280452/000143774924033608/0001437749-24-033608-index.htm", "finalLink": "https://www.sec.gov/Archives/edgar/data/1280452/000143774924033608/mpwr20240930_10q.htm"}, {"date": "2024-06-30", "symbol": "MPWR", "reportedCurrency": "USD", "cik": "0001280452", "fillingDate": "2024-08-02", "acceptedDate": "2024-08-02 16:01:47", "calendarYear": "2024", "period": "Q2", "revenue": 507431000, "costOfRevenue": 226853000, "grossProfit": 280578000, "grossProfitRatio": 0.552938232, "researchAndDevelopmentExpenses": 77945000, "generalAndAdministrativeExpenses": 0, "sellingAndMarketingExpenses": 0, "sellingGeneralAndAdministrativeExpenses": 86097000, "otherExpenses": 0, "operatingExpenses": 164042000, "costAndExpenses": 390895000, "interestIncome": 6630000, "interestExpense": 0, "depreciationAndAmortization": 8691000, "ebitda": 125227000, "ebitdaratio": 0.2467862626, "operatingIncome": 116536000, "operatingIncomeRatio": 0.2296588108, "totalOtherIncomeExpensesNet": 7512000, "incomeBeforeTax": 124048000, "incomeBeforeTaxRatio": 0.244462794, "incomeTaxExpense": 23682000, "netIncome": 100366000, "netIncomeRatio": 0.1977924092, "eps": 2.06, "epsdiluted": 2.05, "weightedAverageShsOut": 48687000, "weightedAverageShsOutDil": 48945000, "link": "https://www.sec.gov/Archives/edgar/data/1280452/000143774924024477/0001437749-24-024477-index.htm", "finalLink": "https://www.sec.gov/Archives/edgar/data/1280452/000143774924024477/mpwr20240630_10q.htm"}, {"date": "2024-03-31", "symbol": "MPWR", "reportedCurrency": "USD", "cik": "0001280452", "fillingDate": "2024-05-03", "acceptedDate": "2024-05-03 16:02:10", "calendarYear": "2024", "period": "Q1", "revenue": 457885000, "costOfRevenue": 205444000, "grossProfit": 252441000, "grossProfitRatio": 0.5513196545, "researchAndDevelopmentExpenses": 75990000, "generalAndAdministrativeExpenses": 0, "sellingAndMarketingExpenses": 0, "sellingGeneralAndAdministrativeExpenses": 80964000, "otherExpenses": 0, "operatingExpenses": 156954000, "costAndExpenses": 362398000, "interestIncome": 6914000, "interestExpense": 0, "depreciationAndAmortization": 8251000, "ebitda": 103738000, "ebitdaratio": 0.2265590705, "operatingIncome": 95487000, "operatingIncomeRatio": 0.208539262, "totalOtherIncomeExpensesNet": 9540000, "incomeBeforeTax": 105027000, "incomeBeforeTaxRatio": 0.2293741878, "incomeTaxExpense": 12486000, "netIncome": 92541000, "netIncomeRatio": 0.2021053321, "eps": 1.9, "epsdiluted": 1.89, "weightedAverageShsOut": 48635000, "weightedAverageShsOutDil": 48928000, "link": "https://www.sec.gov/Archives/edgar/data/1280452/000143774924014648/0001437749-24-014648-index.htm", "finalLink": "https://www.sec.gov/Archives/edgar/data/1280452/000143774924014648/mpwr20240331_10q.htm"}, {"date": "2023-12-31", "symbol": "MPWR", "reportedCurrency": "USD", "cik": "0001280452", "fillingDate": "2024-02-29", "acceptedDate": "2024-02-29 16:55:31", "calendarYear": "2023", "period": "Q4", "revenue": 454012000, "costOfRevenue": 202889000, "grossProfit": 251123000, "grossProfitRatio": 0.5531197413, "researchAndDevelopmentExpenses": 71459000, "generalAndAdministrativeExpenses": 0, "sellingAndMarketingExpenses": 0, "sellingGeneralAndAdministrativeExpenses": 70095000, "otherExpenses": 0, "operatingExpenses": 141554000, "costAndExpenses": 344443000, "interestIncome": 6519000, "interestExpense": 0, "depreciationAndAmortization": 10228000, "ebitda": 119797000, "ebitdaratio": 0.2638630697, "operatingIncome": 109569000, "operatingIncomeRatio": 0.2413350308, "totalOtherIncomeExpensesNet": 9976000, "incomeBeforeTax": 119545000, "incomeBeforeTaxRatio": 0.2633080183, "incomeTaxExpense": 22640000, "netIncome": 96905000, "netIncomeRatio": 0.2134414949, "eps": 2.02, "epsdiluted": 1.98, "weightedAverageShsOut": 47936000, "weightedAverageShsOutDil": 48881000, "link": "https://www.sec.gov/Archives/edgar/data/1280452/000143774924006133/0001437749-24-006133-index.htm", "finalLink": "https://www.sec.gov/Archives/edgar/data/1280452/000143774924006133/mpwr20231231_10k.htm"}, {"date": "2023-09-30", "symbol": "MPWR", "reportedCurrency": "USD", "cik": "0001280452", "fillingDate": "2023-11-08", "acceptedDate": "2023-11-08 16:02:08", "calendarYear": "2023", "period": "Q3", "revenue": 474867000, "costOfRevenue": 211326000, "grossProfit": 263541000, "grossProfitRatio": 0.5549785519, "researchAndDevelopmentExpenses": 64787000, "generalAndAdministrativeExpenses": 0, "sellingAndMarketingExpenses": 0, "sellingGeneralAndAdministrativeExpenses": 63188000, "otherExpenses": 0, "operatingExpenses": 127975000, "costAndExpenses": 339301000, "interestIncome": 6071000, "interestExpense": 0, "depreciationAndAmortization": 10000000, "ebitda": 145566000, "ebitdaratio": 0.3065405682, "operatingIncome": 135566000, "operatingIncomeRatio": 0.2854820402, "totalOtherIncomeExpensesNet": 2289000, "incomeBeforeTax": 137855000, "incomeBeforeTaxRatio": 0.2903023373, "incomeTaxExpense": 16692000, "netIncome": 121163000, "netIncomeRatio": 0.2551514424, "eps": 2.54, "epsdiluted": 2.48, "weightedAverageShsOut": 47780000, "weightedAverageShsOutDil": 48792000, "link": "https://www.sec.gov/Archives/edgar/data/1280452/000143774923030929/0001437749-23-030929-index.htm", "finalLink": "https://www.sec.gov/Archives/edgar/data/1280452/000143774923030929/mpwr20230930_10q.htm"}, {"date": "2023-06-30", "symbol": "MPWR", "reportedCurrency": "USD", "cik": "0001280452", "fillingDate": "2023-08-04", "acceptedDate": "2023-08-04 16:02:01", "calendarYear": "2023", "period": "Q2", "revenue": 441128000, "costOfRevenue": 193453000, "grossProfit": 247675000, "grossProfitRatio": 0.5614583522, "researchAndDevelopmentExpenses": 63688000, "generalAndAdministrativeExpenses": 0, "sellingAndMarketingExpenses": 0, "sellingGeneralAndAdministrativeExpenses": 71662000, "otherExpenses": 0, "operatingExpenses": 135350000, "costAndExpenses": 328803000, "interestIncome": 5965000, "interestExpense": 0, "depreciationAndAmortization": 9953000, "ebitda": 122278000, "ebitdaratio": 0.277193921, "operatingIncome": 112325000, "operatingIncomeRatio": 0.2546313088, "totalOtherIncomeExpensesNet": 6543000, "incomeBeforeTax": 118868000, "incomeBeforeTaxRatio": 0.2694637384, "incomeTaxExpense": 19364000, "netIncome": 99504000, "netIncomeRatio": 0.2255671823, "eps": 2.1, "epsdiluted": 2.04, "weightedAverageShsOut": 47489000, "weightedAverageShsOutDil": 48756000, "link": "https://www.sec.gov/Archives/edgar/data/1280452/000143774923022148/0001437749-23-022148-index.htm", "finalLink": "https://www.sec.gov/Archives/edgar/data/1280452/000143774923022148/mpwr20230630_10q.htm"}, {"date": "2023-03-31", "symbol": "MPWR", "reportedCurrency": "USD", "cik": "0001280452", "fillingDate": "2023-05-05", "acceptedDate": "2023-05-05 16:02:02", "calendarYear": "2023", "period": "Q1", "revenue": 451065000, "costOfRevenue": 192285000, "grossProfit": 258780000, "grossProfitRatio": 0.573708889, "researchAndDevelopmentExpenses": 63709000, "generalAndAdministrativeExpenses": 0, "sellingAndMarketingExpenses": 0, "sellingGeneralAndAdministrativeExpenses": 70795000, "otherExpenses": 0, "operatingExpenses": 134504000, "costAndExpenses": 326789000, "interestIncome": 4808000, "interestExpense": 0, "depreciationAndAmortization": 9987000, "ebitda": 134263000, "ebitdaratio": 0.2976577655, "operatingIncome": 124276000, "operatingIncomeRatio": 0.2755168324, "totalOtherIncomeExpensesNet": 5297000, "incomeBeforeTax": 129573000, "incomeBeforeTaxRatio": 0.287260151, "incomeTaxExpense": 19771000, "netIncome": 109802000, "netIncomeRatio": 0.2434283307, "eps": 2.32, "epsdiluted": 2.26, "weightedAverageShsOut": 47234000, "weightedAverageShsOutDil": 48655000, "link": "https://www.sec.gov/Archives/edgar/data/1280452/000143774923012797/0001437749-23-012797-index.htm", "finalLink": "https://www.sec.gov/Archives/edgar/data/1280452/000143774923012797/mpwr20230331_10q.htm"}, {"date": "2022-12-31", "symbol": "MPWR", "reportedCurrency": "USD", "cik": "0001280452", "fillingDate": "2023-02-24", "acceptedDate": "2023-02-24 16:16:51", "calendarYear": "2022", "period": "Q4", "revenue": 460012000, "costOfRevenue": 192203000, "grossProfit": 267809000, "grossProfitRatio": 0.582178291, "researchAndDevelopmentExpenses": 61674000, "generalAndAdministrativeExpenses": 0, "sellingAndMarketingExpenses": 0, "sellingGeneralAndAdministrativeExpenses": 66057000, "otherExpenses": 3186000, "operatingExpenses": 130917000, "costAndExpenses": 323120000, "interestIncome": 3991000, "interestExpense": 0, "depreciationAndAmortization": 8765000, "ebitda": 148843000, "ebitdaratio": 0.3235632983, "operatingIncome": 136892000, "operatingIncomeRatio": 0.2975835413, "totalOtherIncomeExpensesNet": 3872000, "incomeBeforeTax": 140764000, "incomeBeforeTaxRatio": 0.306000713, "incomeTaxExpense": 21674000, "netIncome": 119090000, "netIncomeRatio": 0.2588845508, "eps": 2.54, "epsdiluted": 2.45, "weightedAverageShsOut": 46979000, "weightedAverageShsOutDil": 48549000, "link": "https://www.sec.gov/Archives/edgar/data/1280452/000143774923004540/0001437749-23-004540-index.htm", "finalLink": "https://www.sec.gov/Archives/edgar/data/1280452/000143774923004540/mpwr20221231_10k.htm"}, {"date": "2022-09-30", "symbol": "MPWR", "reportedCurrency": "USD", "cik": "0001280452", "fillingDate": "2022-11-09", "acceptedDate": "2022-11-09 16:01:45", "calendarYear": "2022", "period": "Q3", "revenue": 495418000, "costOfRevenue": 204516000, "grossProfit": 290902000, "grossProfitRatio": 0.587184963, "researchAndDevelopmentExpenses": 67263000, "generalAndAdministrativeExpenses": 0, "sellingAndMarketingExpenses": 0, "sellingGeneralAndAdministrativeExpenses": 71768000, "otherExpenses": 0, "operatingExpenses": 139031000, "costAndExpenses": 343547000, "interestIncome": 3584000, "interestExpense": 0, "depreciationAndAmortization": 9659000, "ebitda": 161530000, "ebitdaratio": 0.326047903, "operatingIncome": 151871000, "operatingIncomeRatio": 0.3065512355, "totalOtherIncomeExpensesNet": 5000, "incomeBeforeTax": 151876000, "incomeBeforeTaxRatio": 0.306561328, "incomeTaxExpense": 27539000, "netIncome": 124337000, "netIncomeRatio": 0.250973925, "eps": 2.66, "epsdiluted": 2.57, "weightedAverageShsOut": 46829000, "weightedAverageShsOutDil": 48349000, "link": "https://www.sec.gov/Archives/edgar/data/1280452/000143774922026581/0001437749-22-026581-index.htm", "finalLink": "https://www.sec.gov/Archives/edgar/data/1280452/000143774922026581/mpwr20220930_10q.htm"}, {"date": "2022-06-30", "symbol": "MPWR", "reportedCurrency": "USD", "cik": "0001280452", "fillingDate": "2022-08-05", "acceptedDate": "2022-08-05 16:02:08", "calendarYear": "2022", "period": "Q2", "revenue": 461004000, "costOfRevenue": 190043000, "grossProfit": 270961000, "grossProfitRatio": 0.587762796, "researchAndDevelopmentExpenses": 57131000, "generalAndAdministrativeExpenses": 0, "sellingAndMarketingExpenses": 0, "sellingGeneralAndAdministrativeExpenses": 71942000, "otherExpenses": 0, "operatingExpenses": 129073000, "costAndExpenses": 319116000, "interestIncome": 3333000, "interestExpense": 0, "depreciationAndAmortization": 9570000, "ebitda": 151458000, "ebitdaratio": 0.3285394487, "operatingIncome": 141888000, "operatingIncomeRatio": 0.3077804097, "totalOtherIncomeExpensesNet": -5092000, "incomeBeforeTax": 136796000, "incomeBeforeTaxRatio": 0.2967349524, "incomeTaxExpense": 22117000, "netIncome": 114679000, "netIncomeRatio": 0.2487592299, "eps": 2.46, "epsdiluted": 2.37, "weightedAverageShsOut": 46675000, "weightedAverageShsOutDil": 48286000, "link": "https://www.sec.gov/Archives/edgar/data/1280452/000143774922019150/0001437749-22-019150-index.htm", "finalLink": "https://www.sec.gov/Archives/edgar/data/1280452/000143774922019150/mpwr20220630_10q.htm"}, {"date": "2022-03-31", "symbol": "MPWR", "reportedCurrency": "USD", "cik": "0001280452", "fillingDate": "2022-05-10", "acceptedDate": "2022-05-10 16:01:49", "calendarYear": "2022", "period": "Q1", "revenue": 377714000, "costOfRevenue": 158834000, "grossProfit": 218880000, "grossProfitRatio": 0.5794860662, "researchAndDevelopmentExpenses": 54104000, "generalAndAdministrativeExpenses": 0, "sellingAndMarketingExpenses": 0, "sellingGeneralAndAdministrativeExpenses": 68642000, "otherExpenses": 0, "operatingExpenses": 122746000, "costAndExpenses": 281580000, "interestIncome": 3461000, "interestExpense": 0, "depreciationAndAmortization": 9120000, "ebitda": 105254000, "ebitdaratio": 0.2786605739, "operatingIncome": 96134000, "operatingIncomeRatio": 0.2545153211, "totalOtherIncomeExpensesNet": -634000, "incomeBeforeTax": 95500000, "incomeBeforeTaxRatio": 0.2528368024, "incomeTaxExpense": 15934000, "netIncome": 79566000, "netIncomeRatio": 0.2106514453, "eps": 1.71, "epsdiluted": 1.65, "weightedAverageShsOut": 46424000, "weightedAverageShsOutDil": 48250000, "link": "https://www.sec.gov/Archives/edgar/data/1280452/000143774922011721/0001437749-22-011721-index.htm", "finalLink": "https://www.sec.gov/Archives/edgar/data/1280452/000143774922011721/mpwr20220331_10q.htm"}, {"date": "2021-12-31", "symbol": "MPWR", "reportedCurrency": "USD", "cik": "0001280452", "fillingDate": "2022-02-25", "acceptedDate": "2022-02-25 16:03:32", "calendarYear": "2021", "period": "Q4", "revenue": 336504000, "costOfRevenue": 142631000, "grossProfit": 193873000, "grossProfitRatio": 0.576138768, "researchAndDevelopmentExpenses": 54514000, "generalAndAdministrativeExpenses": 0, "sellingAndMarketingExpenses": 0, "sellingGeneralAndAdministrativeExpenses": 61208000, "otherExpenses": -420000, "operatingExpenses": 115302000, "costAndExpenses": 257932000, "interestIncome": 3535000, "interestExpense": 0, "depreciationAndAmortization": 8323000, "ebitda": 86475000, "ebitdaratio": 0.2569806005, "operatingIncome": 78571000, "operatingIncomeRatio": 0.2334920239, "totalOtherIncomeExpensesNet": 3391000, "incomeBeforeTax": 81962000, "incomeBeforeTaxRatio": 0.2435691701, "incomeTaxExpense": 9291000, "netIncome": 72671000, "netIncomeRatio": 0.2159587999, "eps": 1.58, "epsdiluted": 1.51, "weightedAverageShsOut": 46139000, "weightedAverageShsOutDil": 48240000, "link": "https://www.sec.gov/Archives/edgar/data/1280452/000143774922004460/0001437749-22-004460-index.htm", "finalLink": "https://www.sec.gov/Archives/edgar/data/1280452/000143774922004460/mpwr20211231_10k.htm"}, {"date": "2021-09-30", "symbol": "MPWR", "reportedCurrency": "USD", "cik": "0001280452", "fillingDate": "2021-11-08", "acceptedDate": "2021-11-08 16:21:24", "calendarYear": "2021", "period": "Q3", "revenue": 323522000, "costOfRevenue": 137211000, "grossProfit": 186311000, "grossProfitRatio": 0.5758835566, "researchAndDevelopmentExpenses": 49468000, "generalAndAdministrativeExpenses": 0, "sellingAndMarketingExpenses": 0, "sellingGeneralAndAdministrativeExpenses": 56291000, "otherExpenses": 3421000, "operatingExpenses": 109180000, "costAndExpenses": 246391000, "interestIncome": 3050000, "interestExpense": 0, "depreciationAndAmortization": 7727000, "ebitda": 88279000, "ebitdaratio": 0.2728686148, "operatingIncome": 77131000, "operatingIncomeRatio": 0.2384103709, "totalOtherIncomeExpensesNet": 793000, "incomeBeforeTax": 77924000, "incomeBeforeTaxRatio": 0.2408615179, "incomeTaxExpense": 9154000, "netIncome": 68770000, "netIncomeRatio": 0.2125666879, "eps": 1.5, "epsdiluted": 1.44, "weightedAverageShsOut": 45970000, "weightedAverageShsOutDil": 47852000, "link": "https://www.sec.gov/Archives/edgar/data/1280452/000143774921025711/0001437749-21-025711-index.htm", "finalLink": "https://www.sec.gov/Archives/edgar/data/1280452/000143774921025711/mpwr20210930_10q.htm"}, {"date": "2021-06-30", "symbol": "MPWR", "reportedCurrency": "USD", "cik": "0001280452", "fillingDate": "2021-08-09", "acceptedDate": "2021-08-09 15:04:35", "calendarYear": "2021", "period": "Q2", "revenue": 293317000, "costOfRevenue": 129102000, "grossProfit": 164215000, "grossProfitRatio": 0.5598550374, "researchAndDevelopmentExpenses": 44753000, "generalAndAdministrativeExpenses": 0, "sellingAndMarketingExpenses": 0, "sellingGeneralAndAdministrativeExpenses": 57238000, "otherExpenses": 1596000, "operatingExpenses": 103587000, "costAndExpenses": 232689000, "interestIncome": 2770000, "interestExpense": 0, "depreciationAndAmortization": 7120000, "ebitda": 69344000, "ebitdaratio": 0.2364131639, "operatingIncome": 60628000, "operatingIncomeRatio": 0.2066978729, "totalOtherIncomeExpensesNet": 3031000, "incomeBeforeTax": 63659000, "incomeBeforeTaxRatio": 0.2170314029, "incomeTaxExpense": 8490000, "netIncome": 55169000, "netIncomeRatio": 0.1880866094, "eps": 1.2, "epsdiluted": 1.16, "weightedAverageShsOut": 45796000, "weightedAverageShsOutDil": 47754000, "link": "https://www.sec.gov/Archives/edgar/data/1280452/000143774921019111/0001437749-21-019111-index.htm", "finalLink": "https://www.sec.gov/Archives/edgar/data/1280452/000143774921019111/mpwr20210630_10q.htm"}, {"date": "2021-03-31", "symbol": "MPWR", "reportedCurrency": "USD", "cik": "0001280452", "fillingDate": "2021-05-10", "acceptedDate": "2021-05-10 15:01:15", "calendarYear": "2021", "period": "Q1", "revenue": 254455000, "costOfRevenue": 113396000, "grossProfit": 141059000, "grossProfitRatio": 0.554357352, "researchAndDevelopmentExpenses": 41892000, "generalAndAdministrativeExpenses": 0, "sellingAndMarketingExpenses": 0, "sellingGeneralAndAdministrativeExpenses": 51453000, "otherExpenses": 1628000, "operatingExpenses": 94973000, "costAndExpenses": 208369000, "interestIncome": 2282000, "interestExpense": 0, "depreciationAndAmortization": 5529000, "ebitda": 53243000, "ebitdaratio": 0.2092432847, "operatingIncome": 46086000, "operatingIncomeRatio": 0.1811165039, "totalOtherIncomeExpensesNet": 2587000, "incomeBeforeTax": 48673000, "incomeBeforeTaxRatio": 0.191283331, "incomeTaxExpense": 3260000, "netIncome": 45413000, "netIncomeRatio": 0.1784716355, "eps": 1, "epsdiluted": 0.95, "weightedAverageShsOut": 45498000, "weightedAverageShsOutDil": 47711000, "link": "https://www.sec.gov/Archives/edgar/data/1280452/000143774921011491/0001437749-21-011491-index.htm", "finalLink": "https://www.sec.gov/Archives/edgar/data/1280452/000143774921011491/mpwr20210331_10q.htm"}, {"date": "2020-12-31", "symbol": "MPWR", "reportedCurrency": "USD", "cik": "0001280452", "fillingDate": "2021-03-01", "acceptedDate": "2021-03-01 16:36:04", "calendarYear": "2020", "period": "Q4", "revenue": 233043000, "costOfRevenue": 104169000, "grossProfit": 128874000, "grossProfitRatio": 0.5530052394, "researchAndDevelopmentExpenses": 42252000, "generalAndAdministrativeExpenses": 0, "sellingAndMarketingExpenses": 0, "sellingGeneralAndAdministrativeExpenses": 45120000, "otherExpenses": 1540000, "operatingExpenses": 88912000, "costAndExpenses": 193081000, "interestIncome": 2254000, "interestExpense": 0, "depreciationAndAmortization": 5401000, "ebitda": 46903000, "ebitdaratio": 0.2012632862, "operatingIncome": 39963000, "operatingIncomeRatio": 0.1714833743, "totalOtherIncomeExpensesNet": 4480000, "incomeBeforeTax": 44443000, "incomeBeforeTaxRatio": 0.1907072944, "incomeTaxExpense": 1556000, "netIncome": 42887000, "netIncomeRatio": 0.184030415, "eps": 0.95, "epsdiluted": 0.9, "weightedAverageShsOut": 45148000, "weightedAverageShsOutDil": 47600000, "link": "https://www.sec.gov/Archives/edgar/data/1280452/000143774921004587/0001437749-21-004587-index.htm", "finalLink": "https://www.sec.gov/Archives/edgar/data/1280452/000143774921004587/mpwr20201231_10k.htm"}, {"date": "2020-09-30", "symbol": "MPWR", "reportedCurrency": "USD", "cik": "0001280452", "fillingDate": "2020-11-06", "acceptedDate": "2020-11-06 16:01:27", "calendarYear": "2020", "period": "Q3", "revenue": 259422000, "costOfRevenue": 116382000, "grossProfit": 143040000, "grossProfitRatio": 0.5513796054, "researchAndDevelopmentExpenses": 37717000, "generalAndAdministrativeExpenses": 0, "sellingAndMarketingExpenses": 0, "sellingGeneralAndAdministrativeExpenses": 43503000, "otherExpenses": 1841000, "operatingExpenses": 83061000, "costAndExpenses": 199443000, "interestIncome": 2311000, "interestExpense": 0, "depreciationAndAmortization": 4956000, "ebitda": 66776000, "ebitdaratio": 0.2574029959, "operatingIncome": 59979000, "operatingIncomeRatio": 0.2312024424, "totalOtherIncomeExpensesNet": 2494000, "incomeBeforeTax": 62473000, "incomeBeforeTaxRatio": 0.240816122, "incomeTaxExpense": 6907000, "netIncome": 55566000, "netIncomeRatio": 0.2141915489, "eps": 1.24, "epsdiluted": 1.18, "weightedAverageShsOut": 44970000, "weightedAverageShsOutDil": 46955000, "link": "https://www.sec.gov/Archives/edgar/data/1280452/000143774920022991/0001437749-20-022991-index.htm", "finalLink": "https://www.sec.gov/Archives/edgar/data/1280452/000143774920022991/mpwr20200930_10q.htm"}, {"date": "2020-06-30", "symbol": "MPWR", "reportedCurrency": "USD", "cik": "0001280452", "fillingDate": "2020-08-03", "acceptedDate": "2020-08-03 16:37:30", "calendarYear": "2020", "period": "Q2", "revenue": 186209000, "costOfRevenue": 83616000, "grossProfit": 102593000, "grossProfitRatio": 0.5509561836, "researchAndDevelopmentExpenses": 31673000, "generalAndAdministrativeExpenses": 0, "sellingAndMarketingExpenses": 0, "sellingGeneralAndAdministrativeExpenses": 40883000, "otherExpenses": 2082000, "operatingExpenses": 74638000, "costAndExpenses": 158254000, "interestIncome": 2388000, "interestExpense": 0, "depreciationAndAmortization": 4501000, "ebitda": 34538000, "ebitdaratio": 0.1854797566, "operatingIncome": 27955000, "operatingIncomeRatio": 0.1501270078, "totalOtherIncomeExpensesNet": 5200000, "incomeBeforeTax": 33155000, "incomeBeforeTaxRatio": 0.1780526183, "incomeTaxExpense": 2988000, "netIncome": 30167000, "netIncomeRatio": 0.1620061329, "eps": 0.67, "epsdiluted": 0.64, "weightedAverageShsOut": 44785000, "weightedAverageShsOutDil": 46831000, "link": "https://www.sec.gov/Archives/edgar/data/1280452/000143774920016315/0001437749-20-016315-index.htm", "finalLink": "https://www.sec.gov/Archives/edgar/data/1280452/000143774920016315/mpwr20200630_10q.htm"}, {"date": "2020-03-31", "symbol": "MPWR", "reportedCurrency": "USD", "cik": "0001280452", "fillingDate": "2020-05-11", "acceptedDate": "2020-05-11 16:05:27", "calendarYear": "2020", "period": "Q1", "revenue": 165778000, "costOfRevenue": 74331000, "grossProfit": 91447000, "grossProfitRatio": 0.5516232552, "researchAndDevelopmentExpenses": 25956000, "generalAndAdministrativeExpenses": 0, "sellingAndMarketingExpenses": 0, "sellingGeneralAndAdministrativeExpenses": 32164000, "otherExpenses": 2341000, "operatingExpenses": 60461000, "costAndExpenses": 134792000, "interestIncome": 2374000, "interestExpense": 0, "depreciationAndAmortization": 4328000, "ebitda": 37655000, "ebitdaratio": 0.2271411164, "operatingIncome": 30986000, "operatingIncomeRatio": 0.1869126181, "totalOtherIncomeExpensesNet": -1714000, "incomeBeforeTax": 29272000, "incomeBeforeTaxRatio": 0.1765734898, "incomeTaxExpense": -6484000, "netIncome": 35756000, "netIncomeRatio": 0.215686038, "eps": 0.8, "epsdiluted": 0.77, "weightedAverageShsOut": 44455000, "weightedAverageShsOutDil": 46670000, "link": "https://www.sec.gov/Archives/edgar/data/1280452/000143774920010283/0001437749-20-010283-index.htm", "finalLink": "https://www.sec.gov/Archives/edgar/data/1280452/000143774920010283/mpwr20200331_10q.htm"}, {"date": "2019-12-31", "symbol": "MPWR", "reportedCurrency": "USD", "cik": "0001280452", "fillingDate": "2020-02-28", "acceptedDate": "2020-02-28 16:59:17", "calendarYear": "2019", "period": "Q4", "revenue": 166738000, "costOfRevenue": 74802000, "grossProfit": 91936000, "grossProfitRatio": 0.5513800094, "researchAndDevelopmentExpenses": 27011000, "generalAndAdministrativeExpenses": 100303000, "sellingAndMarketingExpenses": -67063000, "sellingGeneralAndAdministrativeExpenses": 33240000, "otherExpenses": 991000, "operatingExpenses": 61242000, "costAndExpenses": 136044000, "interestIncome": 2098000, "interestExpense": 0, "depreciationAndAmortization": 4050000, "ebitda": 35735000, "ebitdaratio": 0.2143182718, "operatingIncome": 30694000, "operatingIncomeRatio": 0.1840852115, "totalOtherIncomeExpensesNet": 2731000, "incomeBeforeTax": 33425000, "incomeBeforeTaxRatio": 0.2004642013, "incomeTaxExpense": 989000, "netIncome": 32437000, "netIncomeRatio": 0.1945387374, "eps": 0.75, "epsdiluted": 0.7, "weightedAverageShsOut": 43496000, "weightedAverageShsOutDil": 46503000, "link": "https://www.sec.gov/Archives/edgar/data/1280452/000143774920003943/0001437749-20-003943-index.htm", "finalLink": "https://www.sec.gov/Archives/edgar/data/1280452/000143774920003943/mpwr20191231_10k.htm"}, {"date": "2019-09-30", "symbol": "MPWR", "reportedCurrency": "USD", "cik": "0001280452", "fillingDate": "2019-11-01", "acceptedDate": "2019-11-01 16:56:55", "calendarYear": "2019", "period": "Q3", "revenue": 168813000, "costOfRevenue": 75655000, "grossProfit": 93158000, "grossProfitRatio": 0.5518413866, "researchAndDevelopmentExpenses": 27742000, "generalAndAdministrativeExpenses": 34692000, "sellingAndMarketingExpenses": 0, "sellingGeneralAndAdministrativeExpenses": 34692000, "otherExpenses": 692000, "operatingExpenses": 63126000, "costAndExpenses": 138781000, "interestIncome": 1850000, "interestExpense": 0, "depreciationAndAmortization": 3823000, "ebitda": 34547000, "ebitdaratio": 0.2046465616, "operatingIncome": 30032000, "operatingIncomeRatio": 0.177900991, "totalOtherIncomeExpensesNet": 2257000, "incomeBeforeTax": 32289000, "incomeBeforeTaxRatio": 0.1912708145, "incomeTaxExpense": 2761000, "netIncome": 29528000, "netIncomeRatio": 0.174915439, "eps": 0.68, "epsdiluted": 0.64, "weightedAverageShsOut": 43308000, "weightedAverageShsOutDil": 45833000, "link": "https://www.sec.gov/Archives/edgar/data/1280452/000143774919021309/0001437749-19-021309-index.htm", "finalLink": "https://www.sec.gov/Archives/edgar/data/1280452/000143774919021309/mpwr20190930_10q.htm"}, {"date": "2019-06-30", "symbol": "MPWR", "reportedCurrency": "USD", "cik": "0001280452", "fillingDate": "2019-08-02", "acceptedDate": "2019-08-02 16:29:53", "calendarYear": "2019", "period": "Q2", "revenue": 151007000, "costOfRevenue": 67782000, "grossProfit": 83225000, "grossProfitRatio": 0.5511333912, "researchAndDevelopmentExpenses": 27545000, "generalAndAdministrativeExpenses": 35058000, "sellingAndMarketingExpenses": 0, "sellingGeneralAndAdministrativeExpenses": 35058000, "otherExpenses": 503000, "operatingExpenses": 63106000, "costAndExpenses": 130888000, "interestIncome": 1661000, "interestExpense": 0, "depreciationAndAmortization": 3739000, "ebitda": 24361000, "ebitdaratio": 0.1613236472, "operatingIncome": 20119000, "operatingIncomeRatio": 0.1332322343, "totalOtherIncomeExpensesNet": 2229000, "incomeBeforeTax": 22348000, "incomeBeforeTaxRatio": 0.1479931394, "incomeTaxExpense": 1655000, "netIncome": 20693000, "netIncomeRatio": 0.1370333826, "eps": 0.48, "epsdiluted": 0.45, "weightedAverageShsOut": 43109000, "weightedAverageShsOutDil": 45483000, "link": "https://www.sec.gov/Archives/edgar/data/1280452/000143774919015315/0001437749-19-015315-index.htm", "finalLink": "https://www.sec.gov/Archives/edgar/data/1280452/000143774919015315/mpwr20190630_10q.htm"}, {"date": "2019-03-31", "symbol": "MPWR", "reportedCurrency": "USD", "cik": "0001280452", "fillingDate": "2019-05-10", "acceptedDate": "2019-05-10 16:09:46", "calendarYear": "2019", "period": "Q1", "revenue": 141363000, "costOfRevenue": 63357000, "grossProfit": 78006000, "grossProfitRatio": 0.5518134165, "researchAndDevelopmentExpenses": 25458000, "generalAndAdministrativeExpenses": 30553000, "sellingAndMarketingExpenses": 0, "sellingGeneralAndAdministrativeExpenses": 30553000, "otherExpenses": 278000, "operatingExpenses": 56289000, "costAndExpenses": 119646000, "interestIncome": 1696000, "interestExpense": 0, "depreciationAndAmortization": 3255000, "ebitda": 25250000, "ebitdaratio": 0.1786181674, "operatingIncome": 21717000, "operatingIncomeRatio": 0.1536257719, "totalOtherIncomeExpensesNet": 3341000, "incomeBeforeTax": 25058000, "incomeBeforeTaxRatio": 0.1772599619, "incomeTaxExpense": -1123000, "netIncome": 26181000, "netIncomeRatio": 0.1852040492, "eps": 0.61, "epsdiluted": 0.58, "weightedAverageShsOut": 42749000, "weightedAverageShsOutDil": 45232000, "link": "https://www.sec.gov/Archives/edgar/data/1280452/000143774919009481/0001437749-19-009481-index.htm", "finalLink": "https://www.sec.gov/Archives/edgar/data/1280452/000143774919009481/mpwr20190331_10q.htm"}, {"date": "2018-12-31", "symbol": "MPWR", "reportedCurrency": "USD", "cik": "0001280452", "fillingDate": "2019-03-01", "acceptedDate": "2019-03-01 17:19:31", "calendarYear": "2018", "period": "Q4", "revenue": 153497000, "costOfRevenue": 68904000, "grossProfit": 84593000, "grossProfitRatio": 0.5511052333, "researchAndDevelopmentExpenses": 22735000, "generalAndAdministrativeExpenses": 28372000, "sellingAndMarketingExpenses": 0, "sellingGeneralAndAdministrativeExpenses": 28372000, "otherExpenses": 409000, "operatingExpenses": 51516000, "costAndExpenses": 120420000, "interestIncome": 1715000, "interestExpense": 0, "depreciationAndAmortization": 3253000, "ebitda": 36739000, "ebitdaratio": 0.2393466973, "operatingIncome": 33077000, "operatingIncomeRatio": 0.2154895535, "totalOtherIncomeExpensesNet": -393000, "incomeBeforeTax": 32684000, "incomeBeforeTaxRatio": 0.2129292429, "incomeTaxExpense": 5046000, "netIncome": 27638000, "netIncomeRatio": 0.1800556363, "eps": 0.65, "epsdiluted": 0.61, "weightedAverageShsOut": 42467000, "weightedAverageShsOutDil": 45058000, "link": "https://www.sec.gov/Archives/edgar/data/1280452/000143774919003798/0001437749-19-003798-index.htm", "finalLink": "https://www.sec.gov/Archives/edgar/data/1280452/000143774919003798/mpwr20181231_10k.htm"}, {"date": "2018-09-30", "symbol": "MPWR", "reportedCurrency": "USD", "cik": "0001280452", "fillingDate": "2018-11-02", "acceptedDate": "2018-11-02 17:20:28", "calendarYear": "2018", "period": "Q3", "revenue": 159975000, "costOfRevenue": 70957000, "grossProfit": 89018000, "grossProfitRatio": 0.5564494452, "researchAndDevelopmentExpenses": 25630000, "generalAndAdministrativeExpenses": 29552000, "sellingAndMarketingExpenses": 0, "sellingGeneralAndAdministrativeExpenses": 29552000, "otherExpenses": 343000, "operatingExpenses": 55525000, "costAndExpenses": 126482000, "interestIncome": 1583000, "interestExpense": 0, "depreciationAndAmortization": 3228000, "ebitda": 37064000, "ebitdaratio": 0.231686201, "operatingIncome": 33493000, "operatingIncomeRatio": 0.2093639631, "totalOtherIncomeExpensesNet": 2714000, "incomeBeforeTax": 36207000, "incomeBeforeTaxRatio": 0.2263291139, "incomeTaxExpense": 4639000, "netIncome": 31568000, "netIncomeRatio": 0.1973308329, "eps": 0.75, "epsdiluted": 0.71, "weightedAverageShsOut": 42362000, "weightedAverageShsOutDil": 44669000, "link": "https://www.sec.gov/Archives/edgar/data/1280452/000143774918019424/0001437749-18-019424-index.htm", "finalLink": "https://www.sec.gov/Archives/edgar/data/1280452/000143774918019424/mpwr20180930_10q.htm"}, {"date": "2018-06-30", "symbol": "MPWR", "reportedCurrency": "USD", "cik": "0001280452", "fillingDate": "2018-08-02", "acceptedDate": "2018-08-01 19:20:05", "calendarYear": "2018", "period": "Q2", "revenue": 139761000, "costOfRevenue": 62197000, "grossProfit": 77564000, "grossProfitRatio": 0.5549759947, "researchAndDevelopmentExpenses": 23481000, "generalAndAdministrativeExpenses": 28561000, "sellingAndMarketingExpenses": 0, "sellingGeneralAndAdministrativeExpenses": 28561000, "otherExpenses": 640000, "operatingExpenses": 52682000, "costAndExpenses": 114879000, "interestIncome": 1563000, "interestExpense": 0, "depreciationAndAmortization": 3075000, "ebitda": 28597000, "ebitdaratio": 0.2046135903, "operatingIncome": 24882000, "operatingIncomeRatio": 0.1780324983, "totalOtherIncomeExpensesNet": 2232000, "incomeBeforeTax": 27114000, "incomeBeforeTaxRatio": 0.1940026188, "incomeTaxExpense": 2908000, "netIncome": 24206000, "netIncomeRatio": 0.1731956698, "eps": 0.57, "epsdiluted": 0.55, "weightedAverageShsOut": 42237000, "weightedAverageShsOutDil": 44400000, "link": "https://www.sec.gov/Archives/edgar/data/1280452/000143774918014210/0001437749-18-014210-index.htm", "finalLink": "https://www.sec.gov/Archives/edgar/data/1280452/000143774918014210/mpwr20180630_10q.htm"}, {"date": "2018-03-31", "symbol": "MPWR", "reportedCurrency": "USD", "cik": "0001280452", "fillingDate": "2018-05-08", "acceptedDate": "2018-05-08 15:49:21", "calendarYear": "2018", "period": "Q1", "revenue": 129150000, "costOfRevenue": 57655000, "grossProfit": 71495000, "grossProfitRatio": 0.5535811072, "researchAndDevelopmentExpenses": 21609000, "generalAndAdministrativeExpenses": 27318000, "sellingAndMarketingExpenses": 0, "sellingGeneralAndAdministrativeExpenses": 27318000, "otherExpenses": 531000, "operatingExpenses": 49458000, "costAndExpenses": 107113000, "interestIncome": 1460000, "interestExpense": 0, "depreciationAndAmortization": 2755000, "ebitda": 25323000, "ebitdaratio": 0.1960743322, "operatingIncome": 22037000, "operatingIncomeRatio": 0.1706310492, "totalOtherIncomeExpensesNet": 440000, "incomeBeforeTax": 22477000, "incomeBeforeTaxRatio": 0.1740379404, "incomeTaxExpense": 621000, "netIncome": 21856000, "netIncomeRatio": 0.169229578, "eps": 0.52, "epsdiluted": 0.49, "weightedAverageShsOut": 41922000, "weightedAverageShsOutDil": 44282000, "link": "https://www.sec.gov/Archives/edgar/data/1280452/000143774918009009/0001437749-18-009009-index.htm", "finalLink": "https://www.sec.gov/Archives/edgar/data/1280452/000143774918009009/mpwr20180331_10q.htm"}, {"date": "2017-12-31", "symbol": "MPWR", "reportedCurrency": "USD", "cik": "0001280452", "fillingDate": "2018-03-01", "acceptedDate": "2018-03-01 16:20:03", "calendarYear": "2017", "period": "Q4", "revenue": 129430000, "costOfRevenue": 58269000, "grossProfit": 71161000, "grossProfitRatio": 0.5498029823, "researchAndDevelopmentExpenses": 21730000, "generalAndAdministrativeExpenses": 24038000, "sellingAndMarketingExpenses": 0, "sellingGeneralAndAdministrativeExpenses": 24038000, "otherExpenses": 340000, "operatingExpenses": 46108000, "costAndExpenses": 104377000, "interestIncome": 1415000, "interestExpense": 0, "depreciationAndAmortization": 4009000, "ebitda": 29402000, "ebitdaratio": 0.2271652631, "operatingIncome": 25053000, "operatingIncomeRatio": 0.1935640887, "totalOtherIncomeExpensesNet": 1647000, "incomeBeforeTax": 26700000, "incomeBeforeTaxRatio": 0.2062891138, "incomeTaxExpense": 14629000, "netIncome": 12071000, "netIncomeRatio": 0.0932627675, "eps": 0.29, "epsdiluted": 0.27, "weightedAverageShsOut": 41574000, "weightedAverageShsOutDil": 44160000, "link": "https://www.sec.gov/Archives/edgar/data/1280452/000143774918003639/0001437749-18-003639-index.htm", "finalLink": "https://www.sec.gov/Archives/edgar/data/1280452/000143774918003639/mpwr20171231_10k.htm"}, {"date": "2017-09-30", "symbol": "MPWR", "reportedCurrency": "USD", "cik": "0001280452", "fillingDate": "2017-11-06", "acceptedDate": "2017-11-03 18:02:42", "calendarYear": "2017", "period": "Q3", "revenue": 128939000, "costOfRevenue": 58083000, "grossProfit": 70856000, "grossProfitRatio": 0.5495311737, "researchAndDevelopmentExpenses": 21442000, "generalAndAdministrativeExpenses": 25255000, "sellingAndMarketingExpenses": 0, "sellingGeneralAndAdministrativeExpenses": 25255000, "otherExpenses": 327000, "operatingExpenses": 47024000, "costAndExpenses": 105107000, "interestIncome": 1346000, "interestExpense": 0, "depreciationAndAmortization": 4029000, "ebitda": 28188000, "ebitdaratio": 0.218615004, "operatingIncome": 23832000, "operatingIncomeRatio": 0.184831587, "totalOtherIncomeExpensesNet": 1255000, "incomeBeforeTax": 25087000, "incomeBeforeTaxRatio": 0.1945648718, "incomeTaxExpense": 1445000, "netIncome": 23642000, "netIncomeRatio": 0.183358022, "eps": 0.57, "epsdiluted": 0.54, "weightedAverageShsOut": 41458000, "weightedAverageShsOutDil": 43486000, "link": "https://www.sec.gov/Archives/edgar/data/1280452/000143774917018298/0001437749-17-018298-index.htm", "finalLink": "https://www.sec.gov/Archives/edgar/data/1280452/000143774917018298/mpwr20170930_10q.htm"}, {"date": "2017-06-30", "symbol": "MPWR", "reportedCurrency": "USD", "cik": "0001280452", "fillingDate": "2017-07-31", "acceptedDate": "2017-07-31 16:20:00", "calendarYear": "2017", "period": "Q2", "revenue": 112198000, "costOfRevenue": 50773000, "grossProfit": 61425000, "grossProfitRatio": 0.5474696519, "researchAndDevelopmentExpenses": 20292000, "generalAndAdministrativeExpenses": 25873000, "sellingAndMarketingExpenses": 0, "sellingGeneralAndAdministrativeExpenses": 25873000, "otherExpenses": 290000, "operatingExpenses": 46455000, "costAndExpenses": 97228000, "interestIncome": 1327000, "interestExpense": 0, "depreciationAndAmortization": 4019000, "ebitda": 19279000, "ebitdaratio": 0.1718301574, "operatingIncome": 14970000, "operatingIncomeRatio": 0.1334248382, "totalOtherIncomeExpensesNet": 1237000, "incomeBeforeTax": 16207000, "incomeBeforeTaxRatio": 0.1444499902, "incomeTaxExpense": 1193000, "netIncome": 15014000, "netIncomeRatio": 0.1338170021, "eps": 0.36, "epsdiluted": 0.35, "weightedAverageShsOut": 41323000, "weightedAverageShsOutDil": 43397000, "link": "https://www.sec.gov/Archives/edgar/data/1280452/000143774917013378/0001437749-17-013378-index.htm", "finalLink": "https://www.sec.gov/Archives/edgar/data/1280452/000143774917013378/mpwr20170630_10q.htm"}, {"date": "2017-03-31", "symbol": "MPWR", "reportedCurrency": "USD", "cik": "0001280452", "fillingDate": "2017-05-05", "acceptedDate": "2017-05-05 17:13:06", "calendarYear": "2017", "period": "Q1", "revenue": 100362000, "costOfRevenue": 45520000, "grossProfit": 54842000, "grossProfitRatio": 0.5464418804, "researchAndDevelopmentExpenses": 18894000, "generalAndAdministrativeExpenses": 22092000, "sellingAndMarketingExpenses": 0, "sellingGeneralAndAdministrativeExpenses": 22092000, "otherExpenses": 286000, "operatingExpenses": 41272000, "costAndExpenses": 86792000, "interestIncome": 1264000, "interestExpense": 0, "depreciationAndAmortization": 4044000, "ebitda": 17900000, "ebitdaratio": 0.1783543572, "operatingIncome": 13570000, "operatingIncomeRatio": 0.1352105379, "totalOtherIncomeExpensesNet": 1381000, "incomeBeforeTax": 14951000, "incomeBeforeTaxRatio": 0.148970726, "incomeTaxExpense": 474000, "netIncome": 14477000, "netIncomeRatio": 0.1442478229, "eps": 0.35, "epsdiluted": 0.33, "weightedAverageShsOut": 41047000, "weightedAverageShsOutDil": 43268000, "link": "https://www.sec.gov/Archives/edgar/data/1280452/000143774917008176/0001437749-17-008176-index.htm", "finalLink": "https://www.sec.gov/Archives/edgar/data/1280452/000143774917008176/mpwr20170331_10q.htm"}, {"date": "2016-12-31", "symbol": "MPWR", "reportedCurrency": "USD", "cik": "0001280452", "fillingDate": "2017-03-01", "acceptedDate": "2017-03-01 16:49:20", "calendarYear": "2016", "period": "Q4", "revenue": 103618000, "costOfRevenue": 47107000, "grossProfit": 56511000, "grossProfitRatio": 0.5453782161, "researchAndDevelopmentExpenses": 17974000, "generalAndAdministrativeExpenses": 21316000, "sellingAndMarketingExpenses": 0, "sellingGeneralAndAdministrativeExpenses": 21316000, "otherExpenses": -321000, "operatingExpenses": 38969000, "costAndExpenses": 86075000, "interestIncome": 897000, "interestExpense": 0, "depreciationAndAmortization": 4132000, "ebitda": 21354000, "ebitdaratio": 0.206083885, "operatingIncome": 17542000, "operatingIncomeRatio": 0.1692949102, "totalOtherIncomeExpensesNet": 897000, "incomeBeforeTax": 18439000, "incomeBeforeTaxRatio": 0.1779517072, "incomeTaxExpense": 1866000, "netIncome": 16574000, "netIncomeRatio": 0.1599529039, "eps": 0.41, "epsdiluted": 0.39, "weightedAverageShsOut": 40739000, "weightedAverageShsOutDil": 42404000, "link": "https://www.sec.gov/Archives/edgar/data/1280452/000143774917003558/0001437749-17-003558-index.htm", "finalLink": "https://www.sec.gov/Archives/edgar/data/1280452/000143774917003558/mpwr20161231_10k.htm"}, {"date": "2016-09-30", "symbol": "MPWR", "reportedCurrency": "USD", "cik": "0001280452", "fillingDate": "2016-11-03", "acceptedDate": "2016-11-03 17:09:28", "calendarYear": "2016", "period": "Q3", "revenue": 106456000, "costOfRevenue": 48531000, "grossProfit": 57925000, "grossProfitRatio": 0.544121515, "researchAndDevelopmentExpenses": 20472000, "generalAndAdministrativeExpenses": 22397000, "sellingAndMarketingExpenses": 0, "sellingGeneralAndAdministrativeExpenses": 22397000, "otherExpenses": 55000, "operatingExpenses": 42924000, "costAndExpenses": 91455000, "interestIncome": 585000, "interestExpense": 0, "depreciationAndAmortization": 3669000, "ebitda": 18725000, "ebitdaratio": 0.1758942662, "operatingIncome": 15001000, "operatingIncomeRatio": 0.1409126775, "totalOtherIncomeExpensesNet": 780000, "incomeBeforeTax": 15781000, "incomeBeforeTaxRatio": 0.1482396483, "incomeTaxExpense": 1408000, "netIncome": 14373000, "netIncomeRatio": 0.1350135267, "eps": 0.35, "epsdiluted": 0.34, "weightedAverageShsOut": 40590000, "weightedAverageShsOutDil": 41895000, "link": "https://www.sec.gov/Archives/edgar/data/1280452/000143774916041014/0001437749-16-041014-index.htm", "finalLink": "https://www.sec.gov/Archives/edgar/data/1280452/000143774916041014/mpwr20160817_10q.htm"}, {"date": "2016-06-30", "symbol": "MPWR", "reportedCurrency": "USD", "cik": "0001280452", "fillingDate": "2016-07-29", "acceptedDate": "2016-07-29 16:59:17", "calendarYear": "2016", "period": "Q2", "revenue": 94079000, "costOfRevenue": 43153000, "grossProfit": 50926000, "grossProfitRatio": 0.5413110258, "researchAndDevelopmentExpenses": 17876000, "generalAndAdministrativeExpenses": 21531000, "sellingAndMarketingExpenses": 0, "sellingGeneralAndAdministrativeExpenses": 21531000, "otherExpenses": -8000, "operatingExpenses": 39399000, "costAndExpenses": 82552000, "interestIncome": 597000, "interestExpense": 0, "depreciationAndAmortization": 3553000, "ebitda": 15072000, "ebitdaratio": 0.1602057845, "operatingIncome": 11527000, "operatingIncomeRatio": 0.1225246867, "totalOtherIncomeExpensesNet": 597000, "incomeBeforeTax": 12124000, "incomeBeforeTaxRatio": 0.1288704174, "incomeTaxExpense": 926000, "netIncome": 11198000, "netIncomeRatio": 0.1190276257, "eps": 0.28, "epsdiluted": 0.27, "weightedAverageShsOut": 40387000, "weightedAverageShsOutDil": 41716000, "link": "https://www.sec.gov/Archives/edgar/data/1280452/000143774916036004/0001437749-16-036004-index.htm", "finalLink": "https://www.sec.gov/Archives/edgar/data/1280452/000143774916036004/mpwr20160531_10q.htm"}, {"date": "2016-03-31", "symbol": "MPWR", "reportedCurrency": "USD", "cik": "0001280452", "fillingDate": "2016-05-06", "acceptedDate": "2016-05-06 16:31:31", "calendarYear": "2016", "period": "Q1", "revenue": 84512000, "costOfRevenue": 39002000, "grossProfit": 45510000, "grossProfitRatio": 0.5385034078, "researchAndDevelopmentExpenses": 17321000, "generalAndAdministrativeExpenses": 17768000, "sellingAndMarketingExpenses": 0, "sellingGeneralAndAdministrativeExpenses": 17768000, "otherExpenses": 45000, "operatingExpenses": 35134000, "costAndExpenses": 74136000, "interestIncome": 543000, "interestExpense": 0, "depreciationAndAmortization": 3320000, "ebitda": 13741000, "ebitdaratio": 0.1625922946, "operatingIncome": 10376000, "operatingIncomeRatio": 0.1227754638, "totalOtherIncomeExpensesNet": 543000, "incomeBeforeTax": 10919000, "incomeBeforeTaxRatio": 0.1292005869, "incomeTaxExpense": 344000, "netIncome": 10575000, "netIncomeRatio": 0.125130159, "eps": 0.26, "epsdiluted": 0.25, "weightedAverageShsOut": 40028000, "weightedAverageShsOutDil": 41646000, "link": "https://www.sec.gov/Archives/edgar/data/1280452/000143774916031125/0001437749-16-031125-index.htm", "finalLink": "https://www.sec.gov/Archives/edgar/data/1280452/000143774916031125/mpwr20160330_10q.htm"}, {"date": "2015-12-31", "symbol": "MPWR", "reportedCurrency": "USD", "cik": "0001280452", "fillingDate": "2016-02-29", "acceptedDate": "2016-02-29 16:21:23", "calendarYear": "2015", "period": "Q4", "revenue": 86918000, "costOfRevenue": 40001000, "grossProfit": 46917000, "grossProfitRatio": 0.5397846246, "researchAndDevelopmentExpenses": 16734000, "generalAndAdministrativeExpenses": 18108000, "sellingAndMarketingExpenses": -1000, "sellingGeneralAndAdministrativeExpenses": 18108000, "otherExpenses": 283000, "operatingExpenses": 35125000, "costAndExpenses": 75127000, "interestIncome": 550000, "interestExpense": 0, "depreciationAndAmortization": 3305000, "ebitda": 15380000, "ebitdaratio": 0.1769483881, "operatingIncome": 11793000, "operatingIncomeRatio": 0.1356796061, "totalOtherIncomeExpensesNet": 550000, "incomeBeforeTax": 12343000, "incomeBeforeTaxRatio": 0.1420074093, "incomeTaxExpense": 2233000, "netIncome": 10109000, "netIncomeRatio": 0.1163050231, "eps": 0.26, "epsdiluted": 0.24, "weightedAverageShsOut": 39615000, "weightedAverageShsOutDil": 41445000, "link": "https://www.sec.gov/Archives/edgar/data/1280452/000143774916026344/0001437749-16-026344-index.htm", "finalLink": "https://www.sec.gov/Archives/edgar/data/1280452/000143774916026344/mpwr20151119_10k.htm"}, {"date": "2015-09-30", "symbol": "MPWR", "reportedCurrency": "USD", "cik": "0001280452", "fillingDate": "2015-10-28", "acceptedDate": "2015-10-28 16:31:03", "calendarYear": "2015", "period": "Q3", "revenue": 91194000, "costOfRevenue": 41754000, "grossProfit": 49440000, "grossProfitRatio": 0.5421409303, "researchAndDevelopmentExpenses": 17272000, "generalAndAdministrativeExpenses": 18722000, "sellingAndMarketingExpenses": 0, "sellingGeneralAndAdministrativeExpenses": 18722000, "otherExpenses": 136000, "operatingExpenses": 36130000, "costAndExpenses": 77884000, "interestIncome": 0, "interestExpense": 0, "depreciationAndAmortization": 3386000, "ebitda": 16832000, "ebitdaratio": 0.1845735465, "operatingIncome": 13310000, "operatingIncomeRatio": 0.1459525846, "totalOtherIncomeExpensesNet": -6000, "incomeBeforeTax": 13304000, "incomeBeforeTaxRatio": 0.1458867908, "incomeTaxExpense": 2103000, "netIncome": 11201000, "netIncomeRatio": 0.1228260631, "eps": 0.28, "epsdiluted": 0.28, "weightedAverageShsOut": 39592000, "weightedAverageShsOutDil": 40689000, "link": "https://www.sec.gov/Archives/edgar/data/1280452/000143774915019011/0001437749-15-019011-index.htm", "finalLink": "https://www.sec.gov/Archives/edgar/data/1280452/000143774915019011/mpwr20150831_10q.htm"}, {"date": "2015-06-30", "symbol": "MPWR", "reportedCurrency": "USD", "cik": "0001280452", "fillingDate": "2015-08-03", "acceptedDate": "2015-07-31 19:04:06", "calendarYear": "2015", "period": "Q2", "revenue": 81416000, "costOfRevenue": 37287000, "grossProfit": 44129000, "grossProfitRatio": 0.5420187678, "researchAndDevelopmentExpenses": 15743000, "generalAndAdministrativeExpenses": 17964000, "sellingAndMarketingExpenses": 0, "sellingGeneralAndAdministrativeExpenses": 17964000, "otherExpenses": 311000, "operatingExpenses": 34018000, "costAndExpenses": 71305000, "interestIncome": 235000, "interestExpense": 0, "depreciationAndAmortization": 3471000, "ebitda": 13893000, "ebitdaratio": 0.1706421342, "operatingIncome": 10111000, "operatingIncomeRatio": 0.1241893485, "totalOtherIncomeExpensesNet": 235000, "incomeBeforeTax": 10346000, "incomeBeforeTaxRatio": 0.1270757591, "incomeTaxExpense": 2447000, "netIncome": 7899000, "netIncomeRatio": 0.0970202417, "eps": 0.2, "epsdiluted": 0.19, "weightedAverageShsOut": 39570000, "weightedAverageShsOutDil": 40745000, "link": "https://www.sec.gov/Archives/edgar/data/1280452/000143774915014479/0001437749-15-014479-index.htm", "finalLink": "https://www.sec.gov/Archives/edgar/data/1280452/000143774915014479/mpwr20150630_10q.htm"}, {"date": "2015-03-31", "symbol": "MPWR", "reportedCurrency": "USD", "cik": "0001280452", "fillingDate": "2015-05-06", "acceptedDate": "2015-05-06 16:15:32", "calendarYear": "2015", "period": "Q1", "revenue": 73538000, "costOfRevenue": 33855000, "grossProfit": 39683000, "grossProfitRatio": 0.5396257717, "researchAndDevelopmentExpenses": 16038000, "generalAndAdministrativeExpenses": 17518000, "sellingAndMarketingExpenses": 0, "sellingGeneralAndAdministrativeExpenses": 17518000, "otherExpenses": 270000, "operatingExpenses": 33826000, "costAndExpenses": 67681000, "interestIncome": 642000, "interestExpense": 0, "depreciationAndAmortization": 3621000, "ebitda": 9748000, "ebitdaratio": 0.1325573173, "operatingIncome": 5857000, "operatingIncomeRatio": 0.0796458974, "totalOtherIncomeExpensesNet": 642000, "incomeBeforeTax": 6499000, "incomeBeforeTaxRatio": 0.0883760777, "incomeTaxExpense": 536000, "netIncome": 5963000, "netIncomeRatio": 0.081087329, "eps": 0.15, "epsdiluted": 0.15, "weightedAverageShsOut": 39105000, "weightedAverageShsOutDil": 40596000, "link": "https://www.sec.gov/Archives/edgar/data/1280452/000143774915009116/0001437749-15-009116-index.htm", "finalLink": "https://www.sec.gov/Archives/edgar/data/1280452/000143774915009116/mpwr20150331_10q.htm"}, {"date": "2014-12-31", "symbol": "MPWR", "reportedCurrency": "USD", "cik": "0001280452", "fillingDate": "2015-03-02", "acceptedDate": "2015-03-02 16:15:34", "calendarYear": "2014", "period": "Q4", "revenue": 75703000, "costOfRevenue": 34744000, "grossProfit": 40959000, "grossProfitRatio": 0.5410485714, "researchAndDevelopmentExpenses": 14941000, "generalAndAdministrativeExpenses": 16787000, "sellingAndMarketingExpenses": 0, "sellingGeneralAndAdministrativeExpenses": 16787000, "otherExpenses": 66000, "operatingExpenses": 31794000, "costAndExpenses": 66538000, "interestIncome": 407000, "interestExpense": 0, "depreciationAndAmortization": 3442000, "ebitda": 12673000, "ebitdaratio": 0.167404198, "operatingIncome": 9165000, "operatingIncomeRatio": 0.1210652154, "totalOtherIncomeExpensesNet": 406000, "incomeBeforeTax": 9572000, "incomeBeforeTaxRatio": 0.1264414884, "incomeTaxExpense": 712000, "netIncome": 8860000, "netIncomeRatio": 0.117036313, "eps": 0.23, "epsdiluted": 0.22, "weightedAverageShsOut": 38807000, "weightedAverageShsOutDil": 40321000, "link": "https://www.sec.gov/Archives/edgar/data/1280452/000143774915003820/0001437749-15-003820-index.htm", "finalLink": "https://www.sec.gov/Archives/edgar/data/1280452/000143774915003820/mpwr20141231_10k.htm"}, {"date": "2014-09-30", "symbol": "MPWR", "reportedCurrency": "USD", "cik": "0001280452", "fillingDate": "2014-10-31", "acceptedDate": "2014-10-30 18:16:32", "calendarYear": "2014", "period": "Q3", "revenue": 78335000, "costOfRevenue": 35872000, "grossProfit": 42463000, "grossProfitRatio": 0.5420693177, "researchAndDevelopmentExpenses": 14679000, "generalAndAdministrativeExpenses": 17006000, "sellingAndMarketingExpenses": 0, "sellingGeneralAndAdministrativeExpenses": 17006000, "otherExpenses": 332000, "operatingExpenses": 32017000, "costAndExpenses": 67889000, "interestIncome": 202000, "interestExpense": 202000, "depreciationAndAmortization": 3388000, "ebitda": 14166000, "ebitdaratio": 0.1808387056, "operatingIncome": 10446000, "operatingIncomeRatio": 0.1333503542, "totalOtherIncomeExpensesNet": 202000, "incomeBeforeTax": 10648000, "incomeBeforeTaxRatio": 0.1359290228, "incomeTaxExpense": -573000, "netIncome": 11221000, "netIncomeRatio": 0.1432437608, "eps": 0.29, "epsdiluted": 0.28, "weightedAverageShsOut": 38785000, "weightedAverageShsOutDil": 39727000, "link": "https://www.sec.gov/Archives/edgar/data/1280452/000143774914019121/0001437749-14-019121-index.htm", "finalLink": "https://www.sec.gov/Archives/edgar/data/1280452/000143774914019121/mpwr20140930_10q.htm"}, {"date": "2014-06-30", "symbol": "MPWR", "reportedCurrency": "USD", "cik": "0001280452", "fillingDate": "2014-07-29", "acceptedDate": "2014-07-29 15:16:02", "calendarYear": "2014", "period": "Q2", "revenue": 68436000, "costOfRevenue": 31337000, "grossProfit": 37099000, "grossProfitRatio": 0.5420977263, "researchAndDevelopmentExpenses": 13368000, "generalAndAdministrativeExpenses": 16853000, "sellingAndMarketingExpenses": 0, "sellingGeneralAndAdministrativeExpenses": 16853000, "otherExpenses": 274000, "operatingExpenses": 30495000, "costAndExpenses": 61832000, "interestIncome": 295000, "interestExpense": 0, "depreciationAndAmortization": 3118000, "ebitda": 9996000, "ebitdaratio": 0.1460634754, "operatingIncome": 6604000, "operatingIncomeRatio": 0.0964989187, "totalOtherIncomeExpensesNet": 295000, "incomeBeforeTax": 6899000, "incomeBeforeTaxRatio": 0.1008095155, "incomeTaxExpense": 502000, "netIncome": 6397000, "netIncomeRatio": 0.0934741949, "eps": 0.17, "epsdiluted": 0.16, "weightedAverageShsOut": 38684000, "weightedAverageShsOutDil": 39608000, "link": "https://www.sec.gov/Archives/edgar/data/1280452/000143774914013585/0001437749-14-013585-index.htm", "finalLink": "https://www.sec.gov/Archives/edgar/data/1280452/000143774914013585/mpwr20140630_10q.htm"}, {"date": "2014-03-31", "symbol": "MPWR", "reportedCurrency": "USD", "cik": "0001280452", "fillingDate": "2014-05-01", "acceptedDate": "2014-05-01 17:18:07", "calendarYear": "2014", "period": "Q1", "revenue": 60061000, "costOfRevenue": 27964000, "grossProfit": 32097000, "grossProfitRatio": 0.5344066865, "researchAndDevelopmentExpenses": 15603000, "generalAndAdministrativeExpenses": 16109000, "sellingAndMarketingExpenses": 0, "sellingGeneralAndAdministrativeExpenses": 16109000, "otherExpenses": -8700000, "operatingExpenses": 23012000, "costAndExpenses": 50976000, "interestIncome": 190000, "interestExpense": 190000, "depreciationAndAmortization": 3182000, "ebitda": 3567000, "ebitdaratio": 0.0593896206, "operatingIncome": 9085000, "operatingIncomeRatio": 0.1512628827, "totalOtherIncomeExpensesNet": 190000, "incomeBeforeTax": 9275000, "incomeBeforeTaxRatio": 0.1544263332, "incomeTaxExpense": 257000, "netIncome": 9018000, "netIncomeRatio": 0.1501473502, "eps": 0.23, "epsdiluted": 0.23, "weightedAverageShsOut": 38470000, "weightedAverageShsOutDil": 39517000, "link": "https://www.sec.gov/Archives/edgar/data/1280452/000143774914007746/0001437749-14-007746-index.htm", "finalLink": "https://www.sec.gov/Archives/edgar/data/1280452/000143774914007746/mpwr20140331_10q.htm"}, {"date": "2013-12-31", "symbol": "MPWR", "reportedCurrency": "USD", "cik": "0001280452", "fillingDate": "2014-03-10", "acceptedDate": "2014-03-10 16:14:49", "calendarYear": "2013", "period": "Q4", "revenue": 63560000, "costOfRevenue": 29266000, "grossProfit": 34294000, "grossProfitRatio": 0.5395531781, "researchAndDevelopmentExpenses": 12487000, "generalAndAdministrativeExpenses": 13683000, "sellingAndMarketingExpenses": 0, "sellingGeneralAndAdministrativeExpenses": 13683000, "otherExpenses": 84000, "operatingExpenses": 26254000, "costAndExpenses": 55520000, "interestIncome": 0, "interestExpense": 0, "depreciationAndAmortization": 3200000, "ebitda": 11324000, "ebitdaratio": 0.1781623663, "operatingIncome": 8040000, "operatingIncomeRatio": 0.1264946507, "totalOtherIncomeExpensesNet": -57000, "incomeBeforeTax": 7983000, "incomeBeforeTaxRatio": 0.1255978603, "incomeTaxExpense": 484000, "netIncome": 7499000, "netIncomeRatio": 0.1179830082, "eps": 0.2, "epsdiluted": 0.19, "weightedAverageShsOut": 38328000, "weightedAverageShsOutDil": 39524000, "link": "https://www.sec.gov/Archives/edgar/data/1280452/000143774914003761/0001437749-14-003761-index.htm", "finalLink": "https://www.sec.gov/Archives/edgar/data/1280452/000143774914003761/mpwr20131231_10k.htm"}, {"date": "2013-09-30", "symbol": "MPWR", "reportedCurrency": "USD", "cik": "0001280452", "fillingDate": "2013-10-28", "acceptedDate": "2013-10-28 16:26:15", "calendarYear": "2013", "period": "Q3", "revenue": 65347000, "costOfRevenue": 30053000, "grossProfit": 35294000, "grossProfitRatio": 0.5401013053, "researchAndDevelopmentExpenses": 12643000, "generalAndAdministrativeExpenses": 13891000, "sellingAndMarketingExpenses": 0, "sellingGeneralAndAdministrativeExpenses": 13891000, "otherExpenses": 104000, "operatingExpenses": 26638000, "costAndExpenses": 56691000, "interestIncome": 0, "interestExpense": 0, "depreciationAndAmortization": 3249000, "ebitda": 12009000, "ebitdaratio": 0.1837727822, "operatingIncome": 8656000, "operatingIncomeRatio": 0.132462087, "totalOtherIncomeExpensesNet": -59000, "incomeBeforeTax": 8597000, "incomeBeforeTaxRatio": 0.1315592147, "incomeTaxExpense": 1187000, "netIncome": 7410000, "netIncomeRatio": 0.113394647, "eps": 0.2, "epsdiluted": 0.19, "weightedAverageShsOut": 37910000, "weightedAverageShsOutDil": 39009000, "link": "https://www.sec.gov/Archives/edgar/data/1280452/000143774913013503/0001437749-13-013503-index.htm", "finalLink": "https://www.sec.gov/Archives/edgar/data/1280452/000143774913013503/mpwr20131020_10q.htm"}, {"date": "2013-06-30", "symbol": "MPWR", "reportedCurrency": "USD", "cik": "0001280452", "fillingDate": "2013-08-06", "acceptedDate": "2013-08-06 16:28:06", "calendarYear": "2013", "period": "Q2", "revenue": 57714000, "costOfRevenue": 26786000, "grossProfit": 30928000, "grossProfitRatio": 0.535883841, "researchAndDevelopmentExpenses": 12478000, "generalAndAdministrativeExpenses": 13793000, "sellingAndMarketingExpenses": 0, "sellingGeneralAndAdministrativeExpenses": 13793000, "otherExpenses": -257000, "operatingExpenses": 26014000, "costAndExpenses": 52800000, "interestIncome": 218000, "interestExpense": 0, "depreciationAndAmortization": 3002000, "ebitda": 7659000, "ebitdaratio": 0.1327061025, "operatingIncome": 4914000, "operatingIncomeRatio": 0.0851439859, "totalOtherIncomeExpensesNet": 218000, "incomeBeforeTax": 5132000, "incomeBeforeTaxRatio": 0.0889212323, "incomeTaxExpense": -357000, "netIncome": 5489000, "netIncomeRatio": 0.0951069065, "eps": 0.15, "epsdiluted": 0.14, "weightedAverageShsOut": 37053000, "weightedAverageShsOutDil": 38239000, "link": "https://www.sec.gov/Archives/edgar/data/1280452/000143774913010006/0001437749-13-010006-index.htm", "finalLink": "https://www.sec.gov/Archives/edgar/data/1280452/000143774913010006/mpwr20130630_10q.htm"}, {"date": "2013-03-31", "symbol": "MPWR", "reportedCurrency": "USD", "cik": "0001280452", "fillingDate": "2013-05-02", "acceptedDate": "2013-05-02 16:42:00", "calendarYear": "2013", "period": "Q1", "revenue": 51470000, "costOfRevenue": 24085000, "grossProfit": 27385000, "grossProfitRatio": 0.5320575092, "researchAndDevelopmentExpenses": 12123000, "generalAndAdministrativeExpenses": 13258000, "sellingAndMarketingExpenses": 0, "sellingGeneralAndAdministrativeExpenses": 13258000, "otherExpenses": -301000, "operatingExpenses": 25080000, "costAndExpenses": 49165000, "interestIncome": 0, "interestExpense": 0, "depreciationAndAmortization": 2709000, "ebitda": 4713000, "ebitdaratio": 0.0915679036, "operatingIncome": 2305000, "operatingIncomeRatio": 0.044783369, "totalOtherIncomeExpensesNet": -10000, "incomeBeforeTax": 2295000, "incomeBeforeTaxRatio": 0.044589081, "incomeTaxExpense": -204000, "netIncome": 2499000, "netIncomeRatio": 0.0485525549, "eps": 0.07, "epsdiluted": 0.07, "weightedAverageShsOut": 36259000, "weightedAverageShsOutDil": 37708000, "link": "https://www.sec.gov/Archives/edgar/data/1280452/000143774913005195/0001437749-13-005195-index.htm", "finalLink": "https://www.sec.gov/Archives/edgar/data/1280452/000143774913005195/mpwr_10q-033113.htm"}, {"date": "2012-12-31", "symbol": "MPWR", "reportedCurrency": "USD", "cik": "0001280452", "fillingDate": "2013-03-05", "acceptedDate": "2013-03-05 16:57:35", "calendarYear": "2012", "period": "Q4", "revenue": 48214000, "costOfRevenue": 22661000, "grossProfit": 25553000, "grossProfitRatio": 0.5299912888, "researchAndDevelopmentExpenses": 13243000, "generalAndAdministrativeExpenses": 13930000, "sellingAndMarketingExpenses": 0, "sellingGeneralAndAdministrativeExpenses": 13930000, "otherExpenses": -2600000, "operatingExpenses": 24573000, "costAndExpenses": 47234000, "interestIncome": 0, "interestExpense": 0, "depreciationAndAmortization": 2466000, "ebitda": 846000, "ebitdaratio": 0.0175467706, "operatingIncome": 980000, "operatingIncomeRatio": 0.0203260464, "totalOtherIncomeExpensesNet": -10000, "incomeBeforeTax": 970000, "incomeBeforeTaxRatio": 0.0201186377, "incomeTaxExpense": 722000, "netIncome": 248000, "netIncomeRatio": 0.0051437342, "eps": 0.01, "epsdiluted": 0.01, "weightedAverageShsOut": 35556000, "weightedAverageShsOutDil": 36763000, "link": "https://www.sec.gov/Archives/edgar/data/1280452/000143774913002333/0001437749-13-002333-index.htm", "finalLink": "https://www.sec.gov/Archives/edgar/data/1280452/000143774913002333/monolithic_10k-123112.htm"}, {"date": "2012-09-30", "symbol": "MPWR", "reportedCurrency": "USD", "cik": "0001280452", "fillingDate": "2012-11-05", "acceptedDate": "2012-11-05 16:39:42", "calendarYear": "2012", "period": "Q3", "revenue": 56508000, "costOfRevenue": 26495000, "grossProfit": 30013000, "grossProfitRatio": 0.5311283358, "researchAndDevelopmentExpenses": 11967000, "generalAndAdministrativeExpenses": 11955000, "sellingAndMarketingExpenses": 0, "sellingGeneralAndAdministrativeExpenses": 11955000, "otherExpenses": -229000, "operatingExpenses": 23693000, "costAndExpenses": 50188000, "interestIncome": 156000, "interestExpense": 0, "depreciationAndAmortization": 2413000, "ebitda": 8504000, "ebitdaratio": 0.1504919657, "operatingIncome": 6320000, "operatingIncomeRatio": 0.111842571, "totalOtherIncomeExpensesNet": 156000, "incomeBeforeTax": 6476000, "incomeBeforeTaxRatio": 0.114603242, "incomeTaxExpense": 555000, "netIncome": 5921000, "netIncomeRatio": 0.1047816238, "eps": 0.17, "epsdiluted": 0.16, "weightedAverageShsOut": 35145000, "weightedAverageShsOutDil": 36438000, "link": "https://www.sec.gov/Archives/edgar/data/1280452/000143774912010999/0001437749-12-010999-index.htm", "finalLink": "https://www.sec.gov/Archives/edgar/data/1280452/000143774912010999/mpwr20121022_10q.htm"}, {"date": "2012-06-30", "symbol": "MPWR", "reportedCurrency": "USD", "cik": "0001280452", "fillingDate": "2012-07-30", "acceptedDate": "2012-07-30 17:05:20", "calendarYear": "2012", "period": "Q2", "revenue": 58607000, "costOfRevenue": 27435000, "grossProfit": 31172000, "grossProfitRatio": 0.5318818571, "researchAndDevelopmentExpenses": 12468000, "generalAndAdministrativeExpenses": 12167000, "sellingAndMarketingExpenses": 0, "sellingGeneralAndAdministrativeExpenses": 12167000, "otherExpenses": -244000, "operatingExpenses": 24391000, "costAndExpenses": 51826000, "interestIncome": 359000, "interestExpense": 0, "depreciationAndAmortization": 2269000, "ebitda": 8806000, "ebitdaratio": 0.150255089, "operatingIncome": 6781000, "operatingIncomeRatio": 0.1157029024, "totalOtherIncomeExpensesNet": 359000, "incomeBeforeTax": 7140000, "incomeBeforeTaxRatio": 0.1218284505, "incomeTaxExpense": 548000, "netIncome": 6592000, "netIncomeRatio": 0.1124780316, "eps": 0.19, "epsdiluted": 0.18, "weightedAverageShsOut": 34665000, "weightedAverageShsOutDil": 35997000, "link": "https://www.sec.gov/Archives/edgar/data/1280452/000143774912007381/0001437749-12-007381-index.htm", "finalLink": "https://www.sec.gov/Archives/edgar/data/1280452/000143774912007381/mpsi_10q-063012.htm"}, {"date": "2012-03-31", "symbol": "MPWR", "reportedCurrency": "USD", "cik": "0001280452", "fillingDate": "2012-05-08", "acceptedDate": "2012-05-08 16:55:17", "calendarYear": "2012", "period": "Q1", "revenue": 50484000, "costOfRevenue": 24074000, "grossProfit": 26410000, "grossProfitRatio": 0.5231360431, "researchAndDevelopmentExpenses": 11118000, "generalAndAdministrativeExpenses": 11966000, "sellingAndMarketingExpenses": 0, "sellingGeneralAndAdministrativeExpenses": 11966000, "otherExpenses": 128000, "operatingExpenses": 23212000, "costAndExpenses": 47286000, "interestIncome": 157000, "interestExpense": 51000, "depreciationAndAmortization": 2184000, "ebitda": 5510000, "ebitdaratio": 0.109143491, "operatingIncome": 3198000, "operatingIncomeRatio": 0.0633468029, "totalOtherIncomeExpensesNet": 106000, "incomeBeforeTax": 3304000, "incomeBeforeTaxRatio": 0.0654464781, "incomeTaxExpense": 309000, "netIncome": 2995000, "netIncomeRatio": 0.059325727, "eps": 0.09, "epsdiluted": 0.08, "weightedAverageShsOut": 34105000, "weightedAverageShsOutDil": 35538000, "link": "https://www.sec.gov/Archives/edgar/data/1280452/000143774912004661/0001437749-12-004661-index.htm", "finalLink": "https://www.sec.gov/Archives/edgar/data/1280452/000143774912004661/mpsi_10q-033112.htm"}, {"date": "2011-12-31", "symbol": "MPWR", "reportedCurrency": "USD", "cik": "0001280452", "fillingDate": "2012-03-12", "acceptedDate": "2012-03-12 06:33:23", "calendarYear": "2011", "period": "Q4", "revenue": 47461000, "costOfRevenue": 22544000, "grossProfit": 24917000, "grossProfitRatio": 0.5249994733, "researchAndDevelopmentExpenses": 11403000, "generalAndAdministrativeExpenses": 10198000, "sellingAndMarketingExpenses": 0, "sellingGeneralAndAdministrativeExpenses": 10198000, "otherExpenses": 905000, "operatingExpenses": 22506000, "costAndExpenses": 45050000, "interestIncome": 137000, "interestExpense": -324000, "depreciationAndAmortization": 2182000, "ebitda": 7438000, "ebitdaratio": 0.1567181475, "operatingIncome": 2411000, "operatingIncomeRatio": 0.0507996039, "totalOtherIncomeExpensesNet": 99000, "incomeBeforeTax": 2510000, "incomeBeforeTaxRatio": 0.0528855271, "incomeTaxExpense": 57000, "netIncome": 2453000, "netIncomeRatio": 0.051684541, "eps": 0.0719, "epsdiluted": 0.0719, "weightedAverageShsOut": 33753000, "weightedAverageShsOutDil": 34105000, "link": "https://www.sec.gov/Archives/edgar/data/1280452/000143774912002162/0001437749-12-002162-index.htm", "finalLink": "https://www.sec.gov/Archives/edgar/data/1280452/000143774912002162/mps_10k-123111.htm"}, {"date": "2011-09-30", "symbol": "MPWR", "reportedCurrency": "USD", "cik": "0001280452", "fillingDate": "2011-10-27", "acceptedDate": "2011-10-27 16:16:40", "calendarYear": "2011", "period": "Q3", "revenue": 52962000, "costOfRevenue": 25148000, "grossProfit": 27814000, "grossProfitRatio": 0.5251689891, "researchAndDevelopmentExpenses": 11792000, "generalAndAdministrativeExpenses": 10249000, "sellingAndMarketingExpenses": 0, "sellingGeneralAndAdministrativeExpenses": 10249000, "otherExpenses": 722000, "operatingExpenses": 22763000, "costAndExpenses": 47911000, "interestIncome": 103000, "interestExpense": 100000, "depreciationAndAmortization": 2175000, "ebitda": 7948000, "ebitdaratio": 0.1500698614, "operatingIncome": 5051000, "operatingIncomeRatio": 0.0953702655, "totalOtherIncomeExpensesNet": 3000, "incomeBeforeTax": 5054000, "incomeBeforeTaxRatio": 0.0954269099, "incomeTaxExpense": -419000, "netIncome": 5473000, "netIncomeRatio": 0.1033382425, "eps": 0.16, "epsdiluted": 0.16, "weightedAverageShsOut": 33594000, "weightedAverageShsOutDil": 34240000, "link": "https://www.sec.gov/Archives/edgar/data/1280452/000143774911007798/0001437749-11-007798-index.htm", "finalLink": "https://www.sec.gov/Archives/edgar/data/1280452/000143774911007798/mono_10q-093011.htm"}, {"date": "2011-06-30", "symbol": "MPWR", "reportedCurrency": "USD", "cik": "0001280452", "fillingDate": "2011-08-09", "acceptedDate": "2011-08-09 13:00:33", "calendarYear": "2011", "period": "Q2", "revenue": 51628000, "costOfRevenue": 25070000, "grossProfit": 26558000, "grossProfitRatio": 0.5144107848, "researchAndDevelopmentExpenses": 11237000, "generalAndAdministrativeExpenses": 10343000, "sellingAndMarketingExpenses": 0, "sellingGeneralAndAdministrativeExpenses": 10343000, "otherExpenses": 939000, "operatingExpenses": 22519000, "costAndExpenses": 47589000, "interestIncome": 160000, "interestExpense": 136000, "depreciationAndAmortization": 2105000, "ebitda": 7083000, "ebitdaratio": 0.137192996, "operatingIncome": 4039000, "operatingIncomeRatio": 0.0782327419, "totalOtherIncomeExpensesNet": 24000, "incomeBeforeTax": 4063000, "incomeBeforeTaxRatio": 0.078697606, "incomeTaxExpense": 581000, "netIncome": 3482000, "netIncomeRatio": 0.0674440226, "eps": 0.1, "epsdiluted": 0.1, "weightedAverageShsOut": 33846000, "weightedAverageShsOutDil": 34903000, "link": "https://www.sec.gov/Archives/edgar/data/1280452/000143774911005640/0001437749-11-005640-index.htm", "finalLink": "https://www.sec.gov/Archives/edgar/data/1280452/000143774911005640/monolithicpower_10q-063111.htm"}, {"date": "2011-03-31", "symbol": "MPWR", "reportedCurrency": "USD", "cik": "0001280452", "fillingDate": "2011-04-28", "acceptedDate": "2011-04-28 16:07:40", "calendarYear": "2011", "period": "Q1", "revenue": 44468000, "costOfRevenue": 22163000, "grossProfit": 22305000, "grossProfitRatio": 0.5015966538, "researchAndDevelopmentExpenses": 10086000, "generalAndAdministrativeExpenses": 10303000, "sellingAndMarketingExpenses": 0, "sellingGeneralAndAdministrativeExpenses": 9490000, "otherExpenses": 813000, "operatingExpenses": 20389000, "costAndExpenses": 42552000, "interestIncome": 271000, "interestExpense": 88000, "depreciationAndAmortization": 2270000, "ebitda": 4457000, "ebitdaratio": 0.1002293784, "operatingIncome": 1916000, "operatingIncomeRatio": 0.0430871638, "totalOtherIncomeExpensesNet": 183000, "incomeBeforeTax": 2099000, "incomeBeforeTaxRatio": 0.0472024827, "incomeTaxExpense": 206000, "netIncome": 1893000, "netIncomeRatio": 0.0425699379, "eps": 0.05, "epsdiluted": 0.05, "weightedAverageShsOut": 35024000, "weightedAverageShsOutDil": 36105000, "link": "https://www.sec.gov/Archives/edgar/data/1280452/000143774911002604/0001437749-11-002604-index.htm", "finalLink": "https://www.sec.gov/Archives/edgar/data/1280452/000143774911002604/monolithic_10q-033111.htm"}, {"date": "2010-12-31", "symbol": "MPWR", "reportedCurrency": "USD", "cik": "0001280452", "fillingDate": "2011-03-04", "acceptedDate": "2011-03-04 16:26:56", "calendarYear": "2010", "period": "Q4", "revenue": 47057000, "costOfRevenue": 23316000, "grossProfit": 23741000, "grossProfitRatio": 0.5045158, "researchAndDevelopmentExpenses": 10256000, "generalAndAdministrativeExpenses": 9524000, "sellingAndMarketingExpenses": 0, "sellingGeneralAndAdministrativeExpenses": 9524000, "otherExpenses": 0, "operatingExpenses": 19780000, "costAndExpenses": 43096000, "interestIncome": 231000, "interestExpense": -163000, "depreciationAndAmortization": 2392000, "ebitda": 5428000, "ebitdaratio": 0.1153494698, "operatingIncome": 3961000, "operatingIncomeRatio": 0.0841745118, "totalOtherIncomeExpensesNet": 160000, "incomeBeforeTax": 4121000, "incomeBeforeTaxRatio": 0.0875746435, "incomeTaxExpense": 540000, "netIncome": 3581000, "netIncomeRatio": 0.0760991988, "eps": 0.1, "epsdiluted": 0.1, "weightedAverageShsOut": 35024000, "weightedAverageShsOutDil": 35024000, "link": "https://www.sec.gov/Archives/edgar/data/1280452/000143774911001307/0001437749-11-001307-index.htm", "finalLink": "https://www.sec.gov/Archives/edgar/data/1280452/000143774911001307/monolithic_10k-123110.htm"}, {"date": "2010-09-30", "symbol": "MPWR", "reportedCurrency": "USD", "cik": "0001280452", "fillingDate": "2010-11-03", "acceptedDate": "2010-11-03 16:06:49", "calendarYear": "2010", "period": "Q3", "revenue": 65843000, "costOfRevenue": 29857000, "grossProfit": 35986000, "grossProfitRatio": 0.546542533, "researchAndDevelopmentExpenses": 11291000, "generalAndAdministrativeExpenses": 11260000, "sellingAndMarketingExpenses": 0, "sellingGeneralAndAdministrativeExpenses": 10296000, "otherExpenses": 964000, "operatingExpenses": 22551000, "costAndExpenses": 52408000, "interestIncome": 240000, "interestExpense": 159000, "depreciationAndAmortization": 2020000, "ebitda": 15695000, "ebitdaratio": 0.2383700621, "operatingIncome": 13435000, "operatingIncomeRatio": 0.2040459882, "totalOtherIncomeExpensesNet": 81000, "incomeBeforeTax": 13516000, "incomeBeforeTaxRatio": 0.2052761873, "incomeTaxExpense": 297000, "netIncome": 13219000, "netIncomeRatio": 0.2007654572, "eps": 0.37, "epsdiluted": 0.35, "weightedAverageShsOut": 36185000, "weightedAverageShsOutDil": 37727000, "link": "https://www.sec.gov/Archives/edgar/data/1280452/000143774910003649/0001437749-10-003649-index.htm", "finalLink": "https://www.sec.gov/Archives/edgar/data/1280452/000143774910003649/monolithic_10q-093010.htm"}]