[{"date": "2025-06-30", "symbol": "MKTX", "reportedCurrency": "USD", "cik": "0001278021", "fillingDate": "2025-08-06", "acceptedDate": "2025-08-06 16:06:33", "calendarYear": "2025", "period": "Q2", "revenue": 224292000, "costOfRevenue": 43063000, "grossProfit": 181229000, "grossProfitRatio": 0.8080047438, "researchAndDevelopmentExpenses": 0, "generalAndAdministrativeExpenses": 12593000, "sellingAndMarketingExpenses": 2952000, "sellingGeneralAndAdministrativeExpenses": 15545000, "otherExpenses": 0, "operatingExpenses": 15545000, "costAndExpenses": 127036000, "interestIncome": 5930000, "interestExpense": 139000, "depreciationAndAmortization": 21058000, "ebitda": 118314000, "ebitdaratio": 0.5274998662, "operatingIncome": 97256000, "operatingIncomeRatio": 0.4336133255, "totalOtherIncomeExpensesNet": 160000, "incomeBeforeTax": 97416000, "incomeBeforeTaxRatio": 0.4343266813, "incomeTaxExpense": 26236000, "netIncome": 71149000, "netIncomeRatio": 0.3172159506, "eps": 1.9121, "epsdiluted": 1.9076, "weightedAverageShsOut": 37210000, "weightedAverageShsOutDil": 37298000, "link": "https://www.sec.gov/Archives/edgar/data/1278021/000095017025103993/0000950170-25-103993-index.htm", "finalLink": "https://www.sec.gov/Archives/edgar/data/1278021/000095017025103993/mktx-20250630.htm"}, {"date": "2025-03-31", "symbol": "MKTX", "reportedCurrency": "USD", "cik": "0001278021", "fillingDate": "2025-05-07", "acceptedDate": "2025-05-07 16:04:37", "calendarYear": "2025", "period": "Q1", "revenue": 208576000, "costOfRevenue": 66101000, "grossProfit": 142475000, "grossProfitRatio": 0.6830843434, "researchAndDevelopmentExpenses": 0, "generalAndAdministrativeExpenses": 33796000, "sellingAndMarketingExpenses": 2061000, "sellingGeneralAndAdministrativeExpenses": 35857000, "otherExpenses": 18236000, "operatingExpenses": 54093000, "costAndExpenses": 120194000, "interestIncome": 7169000, "interestExpense": 213000, "depreciationAndAmortization": 19999000, "ebitda": 116366000, "ebitdaratio": 0.55790695, "operatingIncome": 88382000, "operatingIncomeRatio": 0.4237400276, "totalOtherIncomeExpensesNet": 7772000, "incomeBeforeTax": 96154000, "incomeBeforeTaxRatio": 0.4610022246, "incomeTaxExpense": 81089000, "netIncome": 15065000, "netIncomeRatio": 0.072227869, "eps": 0.4, "epsdiluted": 0.4, "weightedAverageShsOut": 37388000, "weightedAverageShsOutDil": 37456000, "link": "https://www.sec.gov/Archives/edgar/data/1278021/000095017025065612/0000950170-25-065612-index.htm", "finalLink": "https://www.sec.gov/Archives/edgar/data/1278021/000095017025065612/mktx-20250331.htm"}, {"date": "2024-12-31", "symbol": "MKTX", "reportedCurrency": "USD", "cik": "0001278021", "fillingDate": "2025-02-24", "acceptedDate": "2025-02-24 16:06:08", "calendarYear": "2024", "period": "Q4", "revenue": 202404000, "costOfRevenue": 63838000, "grossProfit": 138566000, "grossProfitRatio": 0.6846010948, "researchAndDevelopmentExpenses": 0, "generalAndAdministrativeExpenses": 17287000, "sellingAndMarketingExpenses": 3972000, "sellingGeneralAndAdministrativeExpenses": 21259000, "otherExpenses": 37331000, "operatingExpenses": 58590000, "costAndExpenses": 122428000, "interestIncome": 6719000, "interestExpense": 318000, "depreciationAndAmortization": 20154000, "ebitda": 105067000, "ebitdaratio": 0.5190954724, "operatingIncome": 79976000, "operatingIncomeRatio": 0.395130531, "totalOtherIncomeExpensesNet": 4619000, "incomeBeforeTax": 84595000, "incomeBeforeTaxRatio": 0.4179512263, "incomeTaxExpense": 19456000, "netIncome": 65139000, "netIncomeRatio": 0.3218266437, "eps": 1.74, "epsdiluted": 1.73, "weightedAverageShsOut": 37479000, "weightedAverageShsOutDil": 37601000, "link": "https://www.sec.gov/Archives/edgar/data/1278021/000095017025025606/0000950170-25-025606-index.htm", "finalLink": "https://www.sec.gov/Archives/edgar/data/1278021/000095017025025606/mktx-20241231.htm"}, {"date": "2024-09-30", "symbol": "MKTX", "reportedCurrency": "USD", "cik": "0001278021", "fillingDate": "2024-11-06", "acceptedDate": "2024-11-06 16:17:39", "calendarYear": "2024", "period": "Q3", "revenue": 206715000, "costOfRevenue": 62818000, "grossProfit": 143897000, "grossProfitRatio": 0.6961130058, "researchAndDevelopmentExpenses": 0, "generalAndAdministrativeExpenses": 16663000, "sellingAndMarketingExpenses": 2898000, "sellingGeneralAndAdministrativeExpenses": 19561000, "otherExpenses": 37281000, "operatingExpenses": 56842000, "costAndExpenses": 119660000, "interestIncome": 6953000, "interestExpense": 346000, "depreciationAndAmortization": 20515000, "ebitda": 113758000, "ebitdaratio": 0.5503132332, "operatingIncome": 87055000, "operatingIncomeRatio": 0.4211353796, "totalOtherIncomeExpensesNet": 5842000, "incomeBeforeTax": 92897000, "incomeBeforeTaxRatio": 0.4493965121, "incomeTaxExpense": 21408000, "netIncome": 71489000, "netIncomeRatio": 0.3458336357, "eps": 1.91, "epsdiluted": 1.9, "weightedAverageShsOut": 37527000, "weightedAverageShsOutDil": 37608000, "link": "https://www.sec.gov/Archives/edgar/data/1278021/000095017024122345/0000950170-24-122345-index.htm", "finalLink": "https://www.sec.gov/Archives/edgar/data/1278021/000095017024122345/mktx-20240930.htm"}, {"date": "2024-06-30", "symbol": "MKTX", "reportedCurrency": "USD", "cik": "0001278021", "fillingDate": "2024-08-06", "acceptedDate": "2024-08-06 17:10:36", "calendarYear": "2024", "period": "Q2", "revenue": 197660000, "costOfRevenue": 60912000, "grossProfit": 136748000, "grossProfitRatio": 0.6918344632, "researchAndDevelopmentExpenses": 0, "generalAndAdministrativeExpenses": 16272000, "sellingAndMarketingExpenses": 3010000, "sellingGeneralAndAdministrativeExpenses": 19282000, "otherExpenses": 36127000, "operatingExpenses": 55409000, "costAndExpenses": 116321000, "interestIncome": 6401000, "interestExpense": 621000, "depreciationAndAmortization": 19995000, "ebitda": 106953000, "ebitdaratio": 0.5410958211, "operatingIncome": 81339000, "operatingIncomeRatio": 0.4115096631, "totalOtherIncomeExpensesNet": 4998000, "incomeBeforeTax": 86337000, "incomeBeforeTaxRatio": 0.4367955074, "incomeTaxExpense": 21399000, "netIncome": 64938000, "netIncomeRatio": 0.328533846, "eps": 1.72, "epsdiluted": 1.72, "weightedAverageShsOut": 37655000, "weightedAverageShsOutDil": 37689000, "link": "https://www.sec.gov/Archives/edgar/data/1278021/000095017024091990/0000950170-24-091990-index.htm", "finalLink": "https://www.sec.gov/Archives/edgar/data/1278021/000095017024091990/mktx-20240630.htm"}, {"date": "2024-03-31", "symbol": "MKTX", "reportedCurrency": "USD", "cik": "0001278021", "fillingDate": "2024-05-07", "acceptedDate": "2024-05-07 16:42:04", "calendarYear": "2024", "period": "Q1", "revenue": 210318000, "costOfRevenue": 66175000, "grossProfit": 144143000, "grossProfitRatio": 0.6853574112, "researchAndDevelopmentExpenses": 0, "generalAndAdministrativeExpenses": 31610000, "sellingAndMarketingExpenses": 1833000, "sellingGeneralAndAdministrativeExpenses": 33443000, "otherExpenses": 18200000, "operatingExpenses": 51643000, "costAndExpenses": 117818000, "interestIncome": 5973000, "interestExpense": 316000, "depreciationAndAmortization": 19799000, "ebitda": 116832000, "ebitdaratio": 0.5555016689, "operatingIncome": 92500000, "operatingIncomeRatio": 0.4398101922, "totalOtherIncomeExpensesNet": 4217000, "incomeBeforeTax": 96717000, "incomeBeforeTaxRatio": 0.4598607822, "incomeTaxExpense": 24102000, "netIncome": 72615000, "netIncomeRatio": 0.3452628876, "eps": 1.92, "epsdiluted": 1.92, "weightedAverageShsOut": 37740000, "weightedAverageShsOutDil": 37790000, "link": "https://www.sec.gov/Archives/edgar/data/1278021/000095017024054646/0000950170-24-054646-index.htm", "finalLink": "https://www.sec.gov/Archives/edgar/data/1278021/000095017024054646/mktx-20240331.htm"}, {"date": "2023-12-31", "symbol": "MKTX", "reportedCurrency": "USD", "cik": "0001278021", "fillingDate": "2024-02-22", "acceptedDate": "2024-02-22 17:22:26", "calendarYear": "2023", "period": "Q4", "revenue": 197248000, "costOfRevenue": 61966000, "grossProfit": 135282000, "grossProfitRatio": 0.6858472583, "researchAndDevelopmentExpenses": 0, "generalAndAdministrativeExpenses": 18851000, "sellingAndMarketingExpenses": 2646000, "sellingGeneralAndAdministrativeExpenses": 21497000, "otherExpenses": 36758000, "operatingExpenses": 58255000, "costAndExpenses": 120221000, "interestIncome": 6274000, "interestExpense": 1636000, "depreciationAndAmortization": 21176000, "ebitda": 106624000, "ebitdaratio": 0.5405580792, "operatingIncome": 77027000, "operatingIncomeRatio": 0.3905083955, "totalOtherIncomeExpensesNet": 6785000, "incomeBeforeTax": 83812000, "incomeBeforeTaxRatio": 0.4249067164, "incomeTaxExpense": 14185000, "netIncome": 69627000, "netIncomeRatio": 0.3529921723, "eps": 1.84, "epsdiluted": 1.84, "weightedAverageShsOut": 37730000, "weightedAverageShsOutDil": 37809000, "link": "https://www.sec.gov/Archives/edgar/data/1278021/000095017024018935/0000950170-24-018935-index.htm", "finalLink": "https://www.sec.gov/Archives/edgar/data/1278021/000095017024018935/mktx-20231231.htm"}, {"date": "2023-09-30", "symbol": "MKTX", "reportedCurrency": "USD", "cik": "0001278021", "fillingDate": "2023-10-25", "acceptedDate": "2023-10-25 16:42:47", "calendarYear": "2023", "period": "Q3", "revenue": 172284000, "costOfRevenue": 48872000, "grossProfit": 123412000, "grossProfitRatio": 0.7163288524, "researchAndDevelopmentExpenses": 0, "generalAndAdministrativeExpenses": 29674000, "sellingAndMarketingExpenses": 2100000, "sellingGeneralAndAdministrativeExpenses": 31774000, "otherExpenses": -1717000, "operatingExpenses": 56503000, "costAndExpenses": 105375000, "interestIncome": 6590000, "interestExpense": 164000, "depreciationAndAmortization": 19051000, "ebitda": 90958000, "ebitdaratio": 0.5279538437, "operatingIncome": 66909000, "operatingIncomeRatio": 0.3883645608, "totalOtherIncomeExpensesNet": 4834000, "incomeBeforeTax": 71743000, "incomeBeforeTaxRatio": 0.4164228831, "incomeTaxExpense": 16802000, "netIncome": 54941000, "netIncomeRatio": 0.3188978663, "eps": 1.47, "epsdiluted": 1.46, "weightedAverageShsOut": 37491000, "weightedAverageShsOutDil": 37574000, "link": "https://www.sec.gov/Archives/edgar/data/1278021/000095017023055230/0000950170-23-055230-index.htm", "finalLink": "https://www.sec.gov/Archives/edgar/data/1278021/000095017023055230/mktx-20230930.htm"}, {"date": "2023-06-30", "symbol": "MKTX", "reportedCurrency": "USD", "cik": "0001278021", "fillingDate": "2023-07-27", "acceptedDate": "2023-07-27 16:17:00", "calendarYear": "2023", "period": "Q2", "revenue": 179846000, "costOfRevenue": 48383000, "grossProfit": 131463000, "grossProfitRatio": 0.7309753901, "researchAndDevelopmentExpenses": 0, "generalAndAdministrativeExpenses": 31241000, "sellingAndMarketingExpenses": 3308000, "sellingGeneralAndAdministrativeExpenses": 34549000, "otherExpenses": 21187000, "operatingExpenses": 55736000, "costAndExpenses": 104119000, "interestIncome": 5312000, "interestExpense": 53000, "depreciationAndAmortization": 18354000, "ebitda": 94081000, "ebitdaratio": 0.5231197803, "operatingIncome": 75727000, "operatingIncomeRatio": 0.4210658007, "totalOtherIncomeExpensesNet": 3223000, "incomeBeforeTax": 78950000, "incomeBeforeTaxRatio": 0.4389866886, "incomeTaxExpense": 19091000, "netIncome": 59859000, "netIncomeRatio": 0.3328347586, "eps": 1.6, "epsdiluted": 1.6, "weightedAverageShsOut": 37485000, "weightedAverageShsOutDil": 37588000, "link": "https://www.sec.gov/Archives/edgar/data/1278021/000095017023035159/0000950170-23-035159-index.htm", "finalLink": "https://www.sec.gov/Archives/edgar/data/1278021/000095017023035159/mktx-20230630.htm"}, {"date": "2023-03-31", "symbol": "MKTX", "reportedCurrency": "USD", "cik": "0001278021", "fillingDate": "2023-04-27", "acceptedDate": "2023-04-27 16:32:03", "calendarYear": "2023", "period": "Q1", "revenue": 203169000, "costOfRevenue": 52315000, "grossProfit": 150854000, "grossProfitRatio": 0.7425050081, "researchAndDevelopmentExpenses": 0, "generalAndAdministrativeExpenses": 31497000, "sellingAndMarketingExpenses": 2995000, "sellingGeneralAndAdministrativeExpenses": 34492000, "otherExpenses": 21006000, "operatingExpenses": 55498000, "costAndExpenses": 107813000, "interestIncome": 4249000, "interestExpense": 130000, "depreciationAndAmortization": 17829000, "ebitda": 113185000, "ebitdaratio": 0.5570977856, "operatingIncome": 95356000, "operatingIncomeRatio": 0.4693432561, "totalOtherIncomeExpensesNet": 2839000, "incomeBeforeTax": 98195000, "incomeBeforeTaxRatio": 0.4833168446, "incomeTaxExpense": 24567000, "netIncome": 73628000, "netIncomeRatio": 0.3623978068, "eps": 1.96, "epsdiluted": 1.96, "weightedAverageShsOut": 37478000, "weightedAverageShsOutDil": 37645000, "link": "https://www.sec.gov/Archives/edgar/data/1278021/000095017023015318/0000950170-23-015318-index.htm", "finalLink": "https://www.sec.gov/Archives/edgar/data/1278021/000095017023015318/mktx-20230331.htm"}, {"date": "2022-12-31", "symbol": "MKTX", "reportedCurrency": "USD", "cik": "0001278021", "fillingDate": "2023-02-22", "acceptedDate": "2023-02-22 17:27:14", "calendarYear": "2022", "period": "Q4", "revenue": 177902000, "costOfRevenue": 44108000, "grossProfit": 133794000, "grossProfitRatio": 0.7520657441, "researchAndDevelopmentExpenses": 6700000, "generalAndAdministrativeExpenses": 32335000, "sellingAndMarketingExpenses": 3442000, "sellingGeneralAndAdministrativeExpenses": 35777000, "otherExpenses": 20344000, "operatingExpenses": 56121000, "costAndExpenses": 100229000, "interestIncome": 3294000, "interestExpense": 52000, "depreciationAndAmortization": 17206000, "ebitda": 94879000, "ebitdaratio": 0.5333217165, "operatingIncome": 77673000, "operatingIncomeRatio": 0.4366055469, "totalOtherIncomeExpensesNet": 1755000, "incomeBeforeTax": 79428000, "incomeBeforeTaxRatio": 0.4464705287, "incomeTaxExpense": 20202000, "netIncome": 59226000, "netIncomeRatio": 0.3329136266, "eps": 1.58, "epsdiluted": 1.58, "weightedAverageShsOut": 37480000, "weightedAverageShsOutDil": 37573000, "link": "https://www.sec.gov/Archives/edgar/data/1278021/000095017023003824/0000950170-23-003824-index.htm", "finalLink": "https://www.sec.gov/Archives/edgar/data/1278021/000095017023003824/mktx-20221231.htm"}, {"date": "2022-09-30", "symbol": "MKTX", "reportedCurrency": "USD", "cik": "0001278021", "fillingDate": "2022-10-26", "acceptedDate": "2022-10-26 16:18:02", "calendarYear": "2022", "period": "Q3", "revenue": 172112000, "costOfRevenue": 44805000, "grossProfit": 127307000, "grossProfitRatio": 0.7396753277, "researchAndDevelopmentExpenses": 0, "generalAndAdministrativeExpenses": 29686000, "sellingAndMarketingExpenses": 1797000, "sellingGeneralAndAdministrativeExpenses": 31483000, "otherExpenses": 19513000, "operatingExpenses": 50996000, "costAndExpenses": 95801000, "interestIncome": 1433000, "interestExpense": 138000, "depreciationAndAmortization": 16535000, "ebitda": 92846000, "ebitdaratio": 0.5394510551, "operatingIncome": 76311000, "operatingIncomeRatio": 0.4433798922, "totalOtherIncomeExpensesNet": 2552000, "incomeBeforeTax": 78863000, "incomeBeforeTaxRatio": 0.4582074463, "incomeTaxExpense": 19556000, "netIncome": 59307000, "netIncomeRatio": 0.3445837594, "eps": 1.58, "epsdiluted": 1.58, "weightedAverageShsOut": 37479000, "weightedAverageShsOutDil": 37567000, "link": "https://www.sec.gov/Archives/edgar/data/1278021/000095017022020175/0000950170-22-020175-index.htm", "finalLink": "https://www.sec.gov/Archives/edgar/data/1278021/000095017022020175/mktx-20220930.htm"}, {"date": "2022-06-30", "symbol": "MKTX", "reportedCurrency": "USD", "cik": "0001278021", "fillingDate": "2022-07-27", "acceptedDate": "2022-07-27 16:41:21", "calendarYear": "2022", "period": "Q2", "revenue": 182229000, "costOfRevenue": 45435000, "grossProfit": 136794000, "grossProfitRatio": 0.7506708592, "researchAndDevelopmentExpenses": 0, "generalAndAdministrativeExpenses": 29554000, "sellingAndMarketingExpenses": 2949000, "sellingGeneralAndAdministrativeExpenses": 32503000, "otherExpenses": 4682000, "operatingExpenses": 52006000, "costAndExpenses": 97441000, "interestIncome": 254000, "interestExpense": 337000, "depreciationAndAmortization": 16643000, "ebitda": 101433000, "ebitdaratio": 0.5566238085, "operatingIncome": 84788000, "operatingIncomeRatio": 0.4652826938, "totalOtherIncomeExpensesNet": 4790000, "incomeBeforeTax": 89578000, "incomeBeforeTaxRatio": 0.4915683014, "incomeTaxExpense": 22656000, "netIncome": 66922000, "netIncomeRatio": 0.3672412185, "eps": 1.78, "epsdiluted": 1.78, "weightedAverageShsOut": 37529000, "weightedAverageShsOutDil": 37608000, "link": "https://www.sec.gov/Archives/edgar/data/1278021/000095017022013225/0000950170-22-013225-index.htm", "finalLink": "https://www.sec.gov/Archives/edgar/data/1278021/000095017022013225/mktx-20220630.htm"}, {"date": "2022-03-31", "symbol": "MKTX", "reportedCurrency": "USD", "cik": "0001278021", "fillingDate": "2022-04-27", "acceptedDate": "2022-04-27 16:45:34", "calendarYear": "2022", "period": "Q1", "revenue": 186057000, "costOfRevenue": 47756000, "grossProfit": 138301000, "grossProfitRatio": 0.74332597, "researchAndDevelopmentExpenses": 0, "generalAndAdministrativeExpenses": 28659000, "sellingAndMarketingExpenses": 1789000, "sellingGeneralAndAdministrativeExpenses": 30448000, "otherExpenses": 19749000, "operatingExpenses": 50197000, "costAndExpenses": 97953000, "interestIncome": 59000, "interestExpense": 173000, "depreciationAndAmortization": 16770000, "ebitda": 103761000, "ebitdaratio": 0.5576839356, "operatingIncome": 88104000, "operatingIncomeRatio": 0.4735323046, "totalOtherIncomeExpensesNet": 2315000, "incomeBeforeTax": 90419000, "incomeBeforeTaxRatio": 0.4859747282, "incomeTaxExpense": 25650000, "netIncome": 64769000, "netIncomeRatio": 0.3481137501, "eps": 1.71, "epsdiluted": 1.71, "weightedAverageShsOut": 37384000, "weightedAverageShsOutDil": 37824000, "link": "https://www.sec.gov/Archives/edgar/data/1278021/000095017022006389/0000950170-22-006389-index.htm", "finalLink": "https://www.sec.gov/Archives/edgar/data/1278021/000095017022006389/mktx-20220331.htm"}, {"date": "2021-12-31", "symbol": "MKTX", "reportedCurrency": "USD", "cik": "0001278021", "fillingDate": "2022-02-23", "acceptedDate": "2022-02-23 17:22:11", "calendarYear": "2021", "period": "Q4", "revenue": 165060000, "costOfRevenue": 41218000, "grossProfit": 123842000, "grossProfitRatio": 0.7502847449, "researchAndDevelopmentExpenses": 0, "generalAndAdministrativeExpenses": 30009000, "sellingAndMarketingExpenses": 2906000, "sellingGeneralAndAdministrativeExpenses": 32915000, "otherExpenses": -919000, "operatingExpenses": 51261000, "costAndExpenses": 92479000, "interestIncome": 0, "interestExpense": 166000, "depreciationAndAmortization": 16351000, "ebitda": 88946000, "ebitdaratio": 0.5388707137, "operatingIncome": 72581000, "operatingIncomeRatio": 0.4397249485, "totalOtherIncomeExpensesNet": -1006000, "incomeBeforeTax": 71575000, "incomeBeforeTaxRatio": 0.4336301951, "incomeTaxExpense": 19390000, "netIncome": 52185000, "netIncomeRatio": 0.3161577608, "eps": 1.39, "epsdiluted": 1.37, "weightedAverageShsOut": 37527000, "weightedAverageShsOutDil": 38046000, "link": "https://www.sec.gov/Archives/edgar/data/1278021/000095017022001811/0000950170-22-001811-index.htm", "finalLink": "https://www.sec.gov/Archives/edgar/data/1278021/000095017022001811/mktx-20211231.htm"}, {"date": "2021-09-30", "symbol": "MKTX", "reportedCurrency": "USD", "cik": "0001278021", "fillingDate": "2021-10-26", "acceptedDate": "2021-10-26 16:59:11", "calendarYear": "2021", "period": "Q3", "revenue": 162093000, "costOfRevenue": 40878000, "grossProfit": 121215000, "grossProfitRatio": 0.7478114416, "researchAndDevelopmentExpenses": 0, "generalAndAdministrativeExpenses": 28158000, "sellingAndMarketingExpenses": 1821000, "sellingGeneralAndAdministrativeExpenses": 29979000, "otherExpenses": 697000, "operatingExpenses": 47212000, "costAndExpenses": 88090000, "interestIncome": 0, "interestExpense": 314000, "depreciationAndAmortization": 15651000, "ebitda": 89659000, "ebitdaratio": 0.5531330779, "operatingIncome": 74003000, "operatingIncomeRatio": 0.4565465504, "totalOtherIncomeExpensesNet": 491000, "incomeBeforeTax": 74494000, "incomeBeforeTaxRatio": 0.4595756757, "incomeTaxExpense": 16536000, "netIncome": 57958000, "netIncomeRatio": 0.3575601661, "eps": 1.54, "epsdiluted": 1.52, "weightedAverageShsOut": 37529000, "weightedAverageShsOutDil": 38084000, "link": "https://www.sec.gov/Archives/edgar/data/1278021/000095017021002319/0000950170-21-002319-index.htm", "finalLink": "https://www.sec.gov/Archives/edgar/data/1278021/000095017021002319/mktx-20210930.htm"}, {"date": "2021-06-30", "symbol": "MKTX", "reportedCurrency": "USD", "cik": "0001278021", "fillingDate": "2021-07-27", "acceptedDate": "2021-07-27 16:51:53", "calendarYear": "2021", "period": "Q2", "revenue": 176334000, "costOfRevenue": 40732000, "grossProfit": 135602000, "grossProfitRatio": 0.7690065444, "researchAndDevelopmentExpenses": 0, "generalAndAdministrativeExpenses": 27828000, "sellingAndMarketingExpenses": 3128000, "sellingGeneralAndAdministrativeExpenses": 30956000, "otherExpenses": -1060000, "operatingExpenses": 48425000, "costAndExpenses": 89157000, "interestIncome": 0, "interestExpense": 171000, "depreciationAndAmortization": 14801000, "ebitda": 101978000, "ebitdaratio": 0.5783229553, "operatingIncome": 87177000, "operatingIncomeRatio": 0.4943856545, "totalOtherIncomeExpensesNet": -1124000, "incomeBeforeTax": 86053000, "incomeBeforeTaxRatio": 0.4880113875, "incomeTaxExpense": 18765000, "netIncome": 67288000, "netIncomeRatio": 0.3815940204, "eps": 1.79, "epsdiluted": 1.77, "weightedAverageShsOut": 37508000, "weightedAverageShsOutDil": 38104000, "link": "https://www.sec.gov/Archives/edgar/data/1278021/000156459021038311/0001564590-21-038311-index.htm", "finalLink": "https://www.sec.gov/Archives/edgar/data/1278021/000156459021038311/mktx-10q_20210630.htm"}, {"date": "2021-03-31", "symbol": "MKTX", "reportedCurrency": "USD", "cik": "0001278021", "fillingDate": "2021-04-28", "acceptedDate": "2021-04-28 16:14:53", "calendarYear": "2021", "period": "Q1", "revenue": 195464000, "costOfRevenue": 48088000, "grossProfit": 147376000, "grossProfitRatio": 0.7539802726, "researchAndDevelopmentExpenses": 0, "generalAndAdministrativeExpenses": 26225000, "sellingAndMarketingExpenses": 1204000, "sellingGeneralAndAdministrativeExpenses": 27429000, "otherExpenses": -1589000, "operatingExpenses": 43902000, "costAndExpenses": 91990000, "interestIncome": 0, "interestExpense": 191000, "depreciationAndAmortization": 11779000, "ebitda": 115435000, "ebitdaratio": 0.5905691074, "operatingIncome": 103474000, "operatingIncomeRatio": 0.5293762534, "totalOtherIncomeExpensesNet": -1673000, "incomeBeforeTax": 101801000, "incomeBeforeTaxRatio": 0.5208171326, "incomeTaxExpense": 21344000, "netIncome": 80457000, "netIncomeRatio": 0.4116205542, "eps": 2.15, "epsdiluted": 2.11, "weightedAverageShsOut": 37470000, "weightedAverageShsOutDil": 38155000, "link": "https://www.sec.gov/Archives/edgar/data/1278021/000156459021021356/0001564590-21-021356-index.htm", "finalLink": "https://www.sec.gov/Archives/edgar/data/1278021/000156459021021356/mktx-10q_20210331.htm"}, {"date": "2020-12-31", "symbol": "MKTX", "reportedCurrency": "USD", "cik": "0001278021", "fillingDate": "2021-02-19", "acceptedDate": "2021-02-19 17:20:28", "calendarYear": "2020", "period": "Q4", "revenue": 171346000, "costOfRevenue": 36472000, "grossProfit": 134874000, "grossProfitRatio": 0.7871441411, "researchAndDevelopmentExpenses": 0, "generalAndAdministrativeExpenses": 25281000, "sellingAndMarketingExpenses": 2307000, "sellingGeneralAndAdministrativeExpenses": 27588000, "otherExpenses": -1431000, "operatingExpenses": 43177000, "costAndExpenses": 79649000, "interestIncome": 0, "interestExpense": 96000, "depreciationAndAmortization": 10592000, "ebitda": 102309000, "ebitdaratio": 0.5970900984, "operatingIncome": 91697000, "operatingIncomeRatio": 0.5351569339, "totalOtherIncomeExpensesNet": -1408000, "incomeBeforeTax": 90289000, "incomeBeforeTaxRatio": 0.5269396426, "incomeTaxExpense": 17358000, "netIncome": 72931000, "netIncomeRatio": 0.4256358479, "eps": 1.95, "epsdiluted": 1.91, "weightedAverageShsOut": 37405000, "weightedAverageShsOutDil": 38188000, "link": "https://www.sec.gov/Archives/edgar/data/1278021/000156459021006981/0001564590-21-006981-index.htm", "finalLink": "https://www.sec.gov/Archives/edgar/data/1278021/000156459021006981/mktx-10k_20201231.htm"}, {"date": "2020-09-30", "symbol": "MKTX", "reportedCurrency": "USD", "cik": "0001278021", "fillingDate": "2020-10-30", "acceptedDate": "2020-10-30 16:39:09", "calendarYear": "2020", "period": "Q3", "revenue": 164006000, "costOfRevenue": 37583000, "grossProfit": 126423000, "grossProfitRatio": 0.7708437496, "researchAndDevelopmentExpenses": 0, "generalAndAdministrativeExpenses": 23598000, "sellingAndMarketingExpenses": 1148000, "sellingGeneralAndAdministrativeExpenses": 24746000, "otherExpenses": 860000, "operatingExpenses": 38616000, "costAndExpenses": 76199000, "interestIncome": 0, "interestExpense": 1046000, "depreciationAndAmortization": 9032000, "ebitda": 97699000, "ebitdaratio": 0.5957038157, "operatingIncome": 87807000, "operatingIncomeRatio": 0.5353889492, "totalOtherIncomeExpensesNet": 158000, "incomeBeforeTax": 87965000, "incomeBeforeTaxRatio": 0.5363523286, "incomeTaxExpense": 20189000, "netIncome": 67776000, "netIncomeRatio": 0.4132531737, "eps": 1.81, "epsdiluted": 1.78, "weightedAverageShsOut": 37386000, "weightedAverageShsOutDil": 38160000, "link": "https://www.sec.gov/Archives/edgar/data/1278021/000156459020049336/0001564590-20-049336-index.htm", "finalLink": "https://www.sec.gov/Archives/edgar/data/1278021/000156459020049336/mktx-10q_20200930.htm"}, {"date": "2020-06-30", "symbol": "MKTX", "reportedCurrency": "USD", "cik": "0001278021", "fillingDate": "2020-07-24", "acceptedDate": "2020-07-24 17:26:56", "calendarYear": "2020", "period": "Q2", "revenue": 184795000, "costOfRevenue": 41636000, "grossProfit": 143159000, "grossProfitRatio": 0.7746908737, "researchAndDevelopmentExpenses": 0, "generalAndAdministrativeExpenses": 23196000, "sellingAndMarketingExpenses": 1810000, "sellingGeneralAndAdministrativeExpenses": 25006000, "otherExpenses": -446000, "operatingExpenses": 39024000, "costAndExpenses": 80660000, "interestIncome": 0, "interestExpense": 0, "depreciationAndAmortization": 8305000, "ebitda": 112708000, "ebitdaratio": 0.6099082767, "operatingIncome": 104135000, "operatingIncomeRatio": 0.5635163289, "totalOtherIncomeExpensesNet": 268000, "incomeBeforeTax": 104403000, "incomeBeforeTaxRatio": 0.5649665846, "incomeTaxExpense": 20549000, "netIncome": 83854000, "netIncomeRatio": 0.4537676885, "eps": 2.25, "epsdiluted": 2.2, "weightedAverageShsOut": 37340000, "weightedAverageShsOutDil": 38153000, "link": "https://www.sec.gov/Archives/edgar/data/1278021/000156459020033405/0001564590-20-033405-index.htm", "finalLink": "https://www.sec.gov/Archives/edgar/data/1278021/000156459020033405/mktx-10q_20200630.htm"}, {"date": "2020-03-31", "symbol": "MKTX", "reportedCurrency": "USD", "cik": "0001278021", "fillingDate": "2020-05-01", "acceptedDate": "2020-05-01 16:21:49", "calendarYear": "2020", "period": "Q1", "revenue": 168978000, "costOfRevenue": 41194000, "grossProfit": 127784000, "grossProfitRatio": 0.7562167856, "researchAndDevelopmentExpenses": 0, "generalAndAdministrativeExpenses": 20443000, "sellingAndMarketingExpenses": 2675000, "sellingGeneralAndAdministrativeExpenses": 23118000, "otherExpenses": -656000, "operatingExpenses": 36695000, "costAndExpenses": 77889000, "interestIncome": 0, "interestExpense": 0, "depreciationAndAmortization": 8067000, "ebitda": 99769000, "ebitdaratio": 0.5904259726, "operatingIncome": 91089000, "operatingIncomeRatio": 0.539058339, "totalOtherIncomeExpensesNet": 613000, "incomeBeforeTax": 91702000, "incomeBeforeTaxRatio": 0.5426860301, "incomeTaxExpense": 16886000, "netIncome": 74816000, "netIncomeRatio": 0.4427558617, "eps": 2.01, "epsdiluted": 1.96, "weightedAverageShsOut": 37303000, "weightedAverageShsOutDil": 38075000, "link": "https://www.sec.gov/Archives/edgar/data/1278021/000156459020020511/0001564590-20-020511-index.htm", "finalLink": "https://www.sec.gov/Archives/edgar/data/1278021/000156459020020511/mktx-10q_20200331.htm"}, {"date": "2019-12-31", "symbol": "MKTX", "reportedCurrency": "USD", "cik": "0001278021", "fillingDate": "2020-02-18", "acceptedDate": "2020-02-18 09:40:30", "calendarYear": "2019", "period": "Q4", "revenue": 129774000, "costOfRevenue": 33117000, "grossProfit": 96657000, "grossProfitRatio": 0.7448102085, "researchAndDevelopmentExpenses": 0, "generalAndAdministrativeExpenses": 21644000, "sellingAndMarketingExpenses": 3087000, "sellingGeneralAndAdministrativeExpenses": 24731000, "otherExpenses": -661000, "operatingExpenses": 35806000, "costAndExpenses": 68923000, "interestIncome": 0, "interestExpense": 0, "depreciationAndAmortization": 7730000, "ebitda": 68581000, "ebitdaratio": 0.5284648697, "operatingIncome": 60851000, "operatingIncomeRatio": 0.4688997796, "totalOtherIncomeExpensesNet": 1106000, "incomeBeforeTax": 61957000, "incomeBeforeTaxRatio": 0.477422288, "incomeTaxExpense": 11684000, "netIncome": 50273000, "netIncomeRatio": 0.3873888452, "eps": 1.35, "epsdiluted": 1.32, "weightedAverageShsOut": 37176000, "weightedAverageShsOutDil": 38091000, "link": "https://www.sec.gov/Archives/edgar/data/1278021/000156459020004935/0001564590-20-004935-index.htm", "finalLink": "https://www.sec.gov/Archives/edgar/data/1278021/000156459020004935/mktx-10k_20191231.htm"}, {"date": "2019-09-30", "symbol": "MKTX", "reportedCurrency": "USD", "cik": "0001278021", "fillingDate": "2019-10-25", "acceptedDate": "2019-10-25 09:12:11", "calendarYear": "2019", "period": "Q3", "revenue": 131597000, "costOfRevenue": 32681000, "grossProfit": 98916000, "grossProfitRatio": 0.7516584725, "researchAndDevelopmentExpenses": 0, "generalAndAdministrativeExpenses": 20963000, "sellingAndMarketingExpenses": 2506000, "sellingGeneralAndAdministrativeExpenses": 23469000, "otherExpenses": -838000, "operatingExpenses": 32951000, "costAndExpenses": 65632000, "interestIncome": 0, "interestExpense": 0, "depreciationAndAmortization": 6700000, "ebitda": 74038000, "ebitdaratio": 0.5626116097, "operatingIncome": 65965000, "operatingIncomeRatio": 0.5012652264, "totalOtherIncomeExpensesNet": 1373000, "incomeBeforeTax": 67338000, "incomeBeforeTaxRatio": 0.511698595, "incomeTaxExpense": 13336000, "netIncome": 54002000, "netIncomeRatio": 0.4103588988, "eps": 1.46, "epsdiluted": 1.42, "weightedAverageShsOut": 37066000, "weightedAverageShsOutDil": 37995000, "link": "https://www.sec.gov/Archives/edgar/data/1278021/000156459019037845/0001564590-19-037845-index.htm", "finalLink": "https://www.sec.gov/Archives/edgar/data/1278021/000156459019037845/mktx-10q_20190930.htm"}, {"date": "2019-06-30", "symbol": "MKTX", "reportedCurrency": "USD", "cik": "0001278021", "fillingDate": "2019-07-25", "acceptedDate": "2019-07-25 16:28:38", "calendarYear": "2019", "period": "Q2", "revenue": 125490000, "costOfRevenue": 32623000, "grossProfit": 92867000, "grossProfitRatio": 0.7400350626, "researchAndDevelopmentExpenses": 0, "generalAndAdministrativeExpenses": 19368000, "sellingAndMarketingExpenses": 3667000, "sellingGeneralAndAdministrativeExpenses": 23035000, "otherExpenses": -64000, "operatingExpenses": 31990000, "costAndExpenses": 64613000, "interestIncome": 0, "interestExpense": 0, "depreciationAndAmortization": 6345000, "ebitda": 67222000, "ebitdaratio": 0.5356761495, "operatingIncome": 60877000, "operatingIncomeRatio": 0.4851143517, "totalOtherIncomeExpensesNet": 2032000, "incomeBeforeTax": 62909000, "incomeBeforeTaxRatio": 0.501306877, "incomeTaxExpense": 14804000, "netIncome": 48105000, "netIncomeRatio": 0.3833373177, "eps": 1.3, "epsdiluted": 1.27, "weightedAverageShsOut": 37049000, "weightedAverageShsOutDil": 37910000, "link": "https://www.sec.gov/Archives/edgar/data/1278021/000156459019026136/0001564590-19-026136-index.htm", "finalLink": "https://www.sec.gov/Archives/edgar/data/1278021/000156459019026136/mktx-10q_20190630.htm"}, {"date": "2019-03-31", "symbol": "MKTX", "reportedCurrency": "USD", "cik": "0001278021", "fillingDate": "2019-04-25", "acceptedDate": "2019-04-25 16:22:21", "calendarYear": "2019", "period": "Q1", "revenue": 124491000, "costOfRevenue": 32658000, "grossProfit": 91833000, "grossProfitRatio": 0.7376677832, "researchAndDevelopmentExpenses": 0, "generalAndAdministrativeExpenses": 17686000, "sellingAndMarketingExpenses": 2299000, "sellingGeneralAndAdministrativeExpenses": 19985000, "otherExpenses": 42000, "operatingExpenses": 28644000, "costAndExpenses": 61302000, "interestIncome": 0, "interestExpense": 0, "depreciationAndAmortization": 6082000, "ebitda": 69271000, "ebitdaratio": 0.5564337984, "operatingIncome": 63189000, "operatingIncomeRatio": 0.5075788611, "totalOtherIncomeExpensesNet": 2031000, "incomeBeforeTax": 65220000, "incomeBeforeTaxRatio": 0.5238932935, "incomeTaxExpense": 12698000, "netIncome": 52522000, "netIncomeRatio": 0.4218939522, "eps": 1.42, "epsdiluted": 1.39, "weightedAverageShsOut": 37043000, "weightedAverageShsOutDil": 37832000, "link": "https://www.sec.gov/Archives/edgar/data/1278021/000156459019013062/0001564590-19-013062-index.htm", "finalLink": "https://www.sec.gov/Archives/edgar/data/1278021/000156459019013062/mktx-10q_20190331.htm"}, {"date": "2018-12-31", "symbol": "MKTX", "reportedCurrency": "USD", "cik": "0001278021", "fillingDate": "2019-03-18", "acceptedDate": "2019-03-18 16:02:02", "calendarYear": "2018", "period": "Q4", "revenue": 112444000, "costOfRevenue": 27802000, "grossProfit": 84642000, "grossProfitRatio": 0.7527480346, "researchAndDevelopmentExpenses": 0, "generalAndAdministrativeExpenses": 19038000, "sellingAndMarketingExpenses": 3534000, "sellingGeneralAndAdministrativeExpenses": 22572000, "otherExpenses": 175000, "operatingExpenses": 30677000, "costAndExpenses": 58479000, "interestIncome": 0, "interestExpense": 0, "depreciationAndAmortization": 5848000, "ebitda": 59813000, "ebitdaratio": 0.531935897, "operatingIncome": 53965000, "operatingIncomeRatio": 0.4799277863, "totalOtherIncomeExpensesNet": 2101000, "incomeBeforeTax": 56066000, "incomeBeforeTaxRatio": 0.4986126427, "incomeTaxExpense": 10235000, "netIncome": 45831000, "netIncomeRatio": 0.4075895557, "eps": 1.24, "epsdiluted": 1.21, "weightedAverageShsOut": 36978000, "weightedAverageShsOutDil": 37845000, "link": "https://www.sec.gov/Archives/edgar/data/1278021/000156459019008251/0001564590-19-008251-index.htm", "finalLink": "https://www.sec.gov/Archives/edgar/data/1278021/000156459019008251/mktx-10ka_20181231.htm"}, {"date": "2018-09-30", "symbol": "MKTX", "reportedCurrency": "USD", "cik": "0001278021", "fillingDate": "2018-10-25", "acceptedDate": "2018-10-25 16:10:28", "calendarYear": "2018", "period": "Q3", "revenue": 101443000, "costOfRevenue": 26282000, "grossProfit": 75161000, "grossProfitRatio": 0.7409185454, "researchAndDevelopmentExpenses": 0, "generalAndAdministrativeExpenses": 17836000, "sellingAndMarketingExpenses": 2980000, "sellingGeneralAndAdministrativeExpenses": 20816000, "otherExpenses": -250000, "operatingExpenses": 28749000, "costAndExpenses": 55031000, "interestIncome": 0, "interestExpense": 0, "depreciationAndAmortization": 6173000, "ebitda": 52585000, "ebitdaratio": 0.518369922, "operatingIncome": 46412000, "operatingIncomeRatio": 0.457518015, "totalOtherIncomeExpensesNet": 1385000, "incomeBeforeTax": 47797000, "incomeBeforeTaxRatio": 0.4711710024, "incomeTaxExpense": 9203000, "netIncome": 38594000, "netIncomeRatio": 0.380450105, "eps": 1.04, "epsdiluted": 1.02, "weightedAverageShsOut": 36951000, "weightedAverageShsOutDil": 37828000, "link": "https://www.sec.gov/Archives/edgar/data/1278021/000156459018025116/0001564590-18-025116-index.htm", "finalLink": "https://www.sec.gov/Archives/edgar/data/1278021/000156459018025116/mktx-10q_20180930.htm"}, {"date": "2018-06-30", "symbol": "MKTX", "reportedCurrency": "USD", "cik": "0001278021", "fillingDate": "2018-07-26", "acceptedDate": "2018-07-26 16:11:36", "calendarYear": "2018", "period": "Q2", "revenue": 108347000, "costOfRevenue": 26199000, "grossProfit": 82148000, "grossProfitRatio": 0.7581935817, "researchAndDevelopmentExpenses": 0, "generalAndAdministrativeExpenses": 17394000, "sellingAndMarketingExpenses": 3535000, "sellingGeneralAndAdministrativeExpenses": 20929000, "otherExpenses": -207000, "operatingExpenses": 28731000, "costAndExpenses": 54930000, "interestIncome": 0, "interestExpense": 0, "depreciationAndAmortization": 5790000, "ebitda": 57824000, "ebitdaratio": 0.5336926726, "operatingIncome": 52034000, "operatingIncomeRatio": 0.4802532604, "totalOtherIncomeExpensesNet": 1176000, "incomeBeforeTax": 53210000, "incomeBeforeTaxRatio": 0.4911072757, "incomeTaxExpense": 12723000, "netIncome": 40487000, "netIncomeRatio": 0.3736790128, "eps": 1.1, "epsdiluted": 1.07, "weightedAverageShsOut": 36950000, "weightedAverageShsOutDil": 37862000, "link": "https://www.sec.gov/Archives/edgar/data/1278021/000156459018017609/0001564590-18-017609-index.htm", "finalLink": "https://www.sec.gov/Archives/edgar/data/1278021/000156459018017609/mktx-10q_20180630.htm"}, {"date": "2018-03-31", "symbol": "MKTX", "reportedCurrency": "USD", "cik": "0001278021", "fillingDate": "2018-04-26", "acceptedDate": "2018-04-26 16:21:21", "calendarYear": "2018", "period": "Q1", "revenue": 115882000, "costOfRevenue": 28834000, "grossProfit": 87048000, "grossProfitRatio": 0.7511779224, "researchAndDevelopmentExpenses": 0, "generalAndAdministrativeExpenses": 16648000, "sellingAndMarketingExpenses": 2065000, "sellingGeneralAndAdministrativeExpenses": 18713000, "otherExpenses": -328000, "operatingExpenses": 25707000, "costAndExpenses": 54541000, "interestIncome": 0, "interestExpense": 0, "depreciationAndAmortization": 5269000, "ebitda": 65442000, "ebitdaratio": 0.5647296388, "operatingIncome": 60173000, "operatingIncomeRatio": 0.5192609724, "totalOtherIncomeExpensesNet": 840000, "incomeBeforeTax": 61013000, "incomeBeforeTaxRatio": 0.5265097254, "incomeTaxExpense": 13073000, "netIncome": 47940000, "netIncomeRatio": 0.4136966915, "eps": 1.3, "epsdiluted": 1.27, "weightedAverageShsOut": 36954000, "weightedAverageShsOutDil": 37886000, "link": "https://www.sec.gov/Archives/edgar/data/1278021/000156459018009322/0001564590-18-009322-index.htm", "finalLink": "https://www.sec.gov/Archives/edgar/data/1278021/000156459018009322/mktx-10q_20180331.htm"}, {"date": "2017-12-31", "symbol": "MKTX", "reportedCurrency": "USD", "cik": "0001278021", "fillingDate": "2018-02-21", "acceptedDate": "2018-02-21 17:20:24", "calendarYear": "2017", "period": "Q4", "revenue": 99565000, "costOfRevenue": 24334000, "grossProfit": 75231000, "grossProfitRatio": 0.7555968463, "researchAndDevelopmentExpenses": 0, "generalAndAdministrativeExpenses": 16170000, "sellingAndMarketingExpenses": 3005000, "sellingGeneralAndAdministrativeExpenses": 19175000, "otherExpenses": 6685000, "operatingExpenses": 25860000, "costAndExpenses": 50194000, "interestIncome": 0, "interestExpense": 0, "depreciationAndAmortization": 5208000, "ebitda": 54579000, "ebitdaratio": 0.5481745593, "operatingIncome": 49371000, "operatingIncomeRatio": 0.4958670215, "totalOtherIncomeExpensesNet": 0, "incomeBeforeTax": 49371000, "incomeBeforeTaxRatio": 0.4958670215, "incomeTaxExpense": 15898000, "netIncome": 33473000, "netIncomeRatio": 0.3361924371, "eps": 0.91, "epsdiluted": 0.88, "weightedAverageShsOut": 36887000, "weightedAverageShsOutDil": 37943000, "link": "https://www.sec.gov/Archives/edgar/data/1278021/000156459018002713/0001564590-18-002713-index.htm", "finalLink": "https://www.sec.gov/Archives/edgar/data/1278021/000156459018002713/mktx-10k_20171231.htm"}, {"date": "2017-09-30", "symbol": "MKTX", "reportedCurrency": "USD", "cik": "0001278021", "fillingDate": "2017-10-27", "acceptedDate": "2017-10-27 16:27:56", "calendarYear": "2017", "period": "Q3", "revenue": 96701000, "costOfRevenue": 25595000, "grossProfit": 71106000, "grossProfitRatio": 0.7353181456, "researchAndDevelopmentExpenses": 0, "generalAndAdministrativeExpenses": 15741000, "sellingAndMarketingExpenses": 2089000, "sellingGeneralAndAdministrativeExpenses": 17830000, "otherExpenses": 6059000, "operatingExpenses": 23889000, "costAndExpenses": 49484000, "interestIncome": 0, "interestExpense": 0, "depreciationAndAmortization": 4583000, "ebitda": 51800000, "ebitdaratio": 0.5356718131, "operatingIncome": 47217000, "operatingIncomeRatio": 0.4882783012, "totalOtherIncomeExpensesNet": -6059000, "incomeBeforeTax": 47217000, "incomeBeforeTaxRatio": 0.4882783012, "incomeTaxExpense": 13087000, "netIncome": 34130000, "netIncomeRatio": 0.3529436097, "eps": 0.93, "epsdiluted": 0.9, "weightedAverageShsOut": 36865000, "weightedAverageShsOutDil": 38019000, "link": "https://www.sec.gov/Archives/edgar/data/1278021/000156459017020294/0001564590-17-020294-index.htm", "finalLink": "https://www.sec.gov/Archives/edgar/data/1278021/000156459017020294/mktx-10q_20170930.htm"}, {"date": "2017-06-30", "symbol": "MKTX", "reportedCurrency": "USD", "cik": "0001278021", "fillingDate": "2017-07-27", "acceptedDate": "2017-07-27 16:18:12", "calendarYear": "2017", "period": "Q2", "revenue": 97314000, "costOfRevenue": 25421000, "grossProfit": 71893000, "grossProfitRatio": 0.738773455, "researchAndDevelopmentExpenses": 0, "generalAndAdministrativeExpenses": 13231000, "sellingAndMarketingExpenses": 2782000, "sellingGeneralAndAdministrativeExpenses": 16013000, "otherExpenses": 6307000, "operatingExpenses": 22320000, "costAndExpenses": 47741000, "interestIncome": 0, "interestExpense": 0, "depreciationAndAmortization": 4790000, "ebitda": 54363000, "ebitdaratio": 0.5586349343, "operatingIncome": 49573000, "operatingIncomeRatio": 0.5094128286, "totalOtherIncomeExpensesNet": -6307000, "incomeBeforeTax": 49573000, "incomeBeforeTaxRatio": 0.5094128286, "incomeTaxExpense": 11550000, "netIncome": 38023000, "netIncomeRatio": 0.39072487, "eps": 1.03, "epsdiluted": 1, "weightedAverageShsOut": 36853000, "weightedAverageShsOutDil": 38077000, "link": "https://www.sec.gov/Archives/edgar/data/1278021/000156459017014282/0001564590-17-014282-index.htm", "finalLink": "https://www.sec.gov/Archives/edgar/data/1278021/000156459017014282/mktx-10q_20170630.htm"}, {"date": "2017-03-31", "symbol": "MKTX", "reportedCurrency": "USD", "cik": "0001278021", "fillingDate": "2017-04-27", "acceptedDate": "2017-04-27 17:10:35", "calendarYear": "2017", "period": "Q1", "revenue": 103891000, "costOfRevenue": 27401000, "grossProfit": 76490000, "grossProfitRatio": 0.7362524184, "researchAndDevelopmentExpenses": 0, "generalAndAdministrativeExpenses": 12977000, "sellingAndMarketingExpenses": 1886000, "sellingGeneralAndAdministrativeExpenses": 14863000, "otherExpenses": 6020000, "operatingExpenses": 20883000, "costAndExpenses": 48284000, "interestIncome": 0, "interestExpense": 0, "depreciationAndAmortization": 4693000, "ebitda": 60300000, "ebitdaratio": 0.5804160129, "operatingIncome": 55607000, "operatingIncomeRatio": 0.5352436688, "totalOtherIncomeExpensesNet": -6020000, "incomeBeforeTax": 55607000, "incomeBeforeTaxRatio": 0.5352436688, "incomeTaxExpense": 13144000, "netIncome": 42463000, "netIncomeRatio": 0.4087264537, "eps": 1.15, "epsdiluted": 1.11, "weightedAverageShsOut": 36850000, "weightedAverageShsOutDil": 38112000, "link": "https://www.sec.gov/Archives/edgar/data/1278021/000156459017007588/0001564590-17-007588-index.htm", "finalLink": "https://www.sec.gov/Archives/edgar/data/1278021/000156459017007588/mktx-10q_20170331.htm"}, {"date": "2016-12-31", "symbol": "MKTX", "reportedCurrency": "USD", "cik": "0001278021", "fillingDate": "2017-02-21", "acceptedDate": "2017-02-21 17:17:01", "calendarYear": "2016", "period": "Q4", "revenue": 94436000, "costOfRevenue": 22529000, "grossProfit": 71907000, "grossProfitRatio": 0.7614363167, "researchAndDevelopmentExpenses": 0, "generalAndAdministrativeExpenses": 14096000, "sellingAndMarketingExpenses": 3192000, "sellingGeneralAndAdministrativeExpenses": 17288000, "otherExpenses": 4292000, "operatingExpenses": 21580000, "costAndExpenses": 44109000, "interestIncome": 0, "interestExpense": 0, "depreciationAndAmortization": 4292000, "ebitda": 54619000, "ebitdaratio": 0.5783705367, "operatingIncome": 50327000, "operatingIncomeRatio": 0.5329217671, "totalOtherIncomeExpensesNet": 0, "incomeBeforeTax": 50327000, "incomeBeforeTaxRatio": 0.5329217671, "incomeTaxExpense": 17162000, "netIncome": 33165000, "netIncomeRatio": 0.3511902241, "eps": 0.9, "epsdiluted": 0.88, "weightedAverageShsOut": 36837000, "weightedAverageShsOutDil": 37742000, "link": "https://www.sec.gov/Archives/edgar/data/1278021/000156459017001915/0001564590-17-001915-index.htm", "finalLink": "https://www.sec.gov/Archives/edgar/data/1278021/000156459017001915/mktx-10k_20161231.htm"}, {"date": "2016-09-30", "symbol": "MKTX", "reportedCurrency": "USD", "cik": "0001278021", "fillingDate": "2016-10-28", "acceptedDate": "2016-10-28 08:25:34", "calendarYear": "2016", "period": "Q3", "revenue": 90271000, "costOfRevenue": 23914000, "grossProfit": 66357000, "grossProfitRatio": 0.7350865727, "researchAndDevelopmentExpenses": 0, "generalAndAdministrativeExpenses": 13538000, "sellingAndMarketingExpenses": 2140000, "sellingGeneralAndAdministrativeExpenses": 15678000, "otherExpenses": 4325000, "operatingExpenses": 20003000, "costAndExpenses": 43917000, "interestIncome": 0, "interestExpense": 0, "depreciationAndAmortization": 4325000, "ebitda": 50679000, "ebitdaratio": 0.5614095335, "operatingIncome": 46354000, "operatingIncomeRatio": 0.5134982442, "totalOtherIncomeExpensesNet": 0, "incomeBeforeTax": 46354000, "incomeBeforeTaxRatio": 0.5134982442, "incomeTaxExpense": 15436000, "netIncome": 30918000, "netIncomeRatio": 0.3425020217, "eps": 0.84, "epsdiluted": 0.82, "weightedAverageShsOut": 36889000, "weightedAverageShsOutDil": 37792000, "link": "https://www.sec.gov/Archives/edgar/data/1278021/000156459016026433/0001564590-16-026433-index.htm", "finalLink": "https://www.sec.gov/Archives/edgar/data/1278021/000156459016026433/mktx-10q_20160930.htm"}, {"date": "2016-06-30", "symbol": "MKTX", "reportedCurrency": "USD", "cik": "0001278021", "fillingDate": "2016-07-29", "acceptedDate": "2016-07-29 16:57:38", "calendarYear": "2016", "period": "Q2", "revenue": 96639000, "costOfRevenue": 25815000, "grossProfit": 70824000, "grossProfitRatio": 0.7328718219, "researchAndDevelopmentExpenses": 0, "generalAndAdministrativeExpenses": 13909000, "sellingAndMarketingExpenses": 1824000, "sellingGeneralAndAdministrativeExpenses": 15733000, "otherExpenses": 4540000, "operatingExpenses": 20273000, "costAndExpenses": 46088000, "interestIncome": 0, "interestExpense": 0, "depreciationAndAmortization": 4540000, "ebitda": 55091000, "ebitdaratio": 0.5700700545, "operatingIncome": 50551000, "operatingIncomeRatio": 0.5230910916, "totalOtherIncomeExpensesNet": -4540000, "incomeBeforeTax": 50551000, "incomeBeforeTaxRatio": 0.5230910916, "incomeTaxExpense": 17425000, "netIncome": 33126000, "netIncomeRatio": 0.3427808649, "eps": 0.9, "epsdiluted": 0.88, "weightedAverageShsOut": 36876000, "weightedAverageShsOutDil": 37748000, "link": "https://www.sec.gov/Archives/edgar/data/1278021/000156459016021803/0001564590-16-021803-index.htm", "finalLink": "https://www.sec.gov/Archives/edgar/data/1278021/000156459016021803/mktx-10q_20160630.htm"}, {"date": "2016-03-31", "symbol": "MKTX", "reportedCurrency": "USD", "cik": "0001278021", "fillingDate": "2016-04-28", "acceptedDate": "2016-04-28 16:02:16", "calendarYear": "2016", "period": "Q1", "revenue": 88573000, "costOfRevenue": 24527000, "grossProfit": 64046000, "grossProfitRatio": 0.723087171, "researchAndDevelopmentExpenses": 0, "generalAndAdministrativeExpenses": 13217000, "sellingAndMarketingExpenses": 1778000, "sellingGeneralAndAdministrativeExpenses": 14995000, "otherExpenses": 4681000, "operatingExpenses": 19676000, "costAndExpenses": 44203000, "interestIncome": 0, "interestExpense": 0, "depreciationAndAmortization": 4681000, "ebitda": 49051000, "ebitdaratio": 0.5537917876, "operatingIncome": 44370000, "operatingIncomeRatio": 0.5009427252, "totalOtherIncomeExpensesNet": -4681000, "incomeBeforeTax": 44370000, "incomeBeforeTaxRatio": 0.5009427252, "incomeTaxExpense": 15407000, "netIncome": 28963000, "netIncomeRatio": 0.3269958114, "eps": 0.79, "epsdiluted": 0.77, "weightedAverageShsOut": 36775000, "weightedAverageShsOutDil": 37671000, "link": "https://www.sec.gov/Archives/edgar/data/1278021/000156459016016948/0001564590-16-016948-index.htm", "finalLink": "https://www.sec.gov/Archives/edgar/data/1278021/000156459016016948/mktx-10q_20160331.htm"}, {"date": "2015-12-31", "symbol": "MKTX", "reportedCurrency": "USD", "cik": "0001278021", "fillingDate": "2016-02-25", "acceptedDate": "2016-02-25 17:14:56", "calendarYear": "2015", "period": "Q4", "revenue": 76644000, "costOfRevenue": 21087000, "grossProfit": 55557000, "grossProfitRatio": 0.7248708314, "researchAndDevelopmentExpenses": 0, "generalAndAdministrativeExpenses": 11998000, "sellingAndMarketingExpenses": 1888000, "sellingGeneralAndAdministrativeExpenses": 13886000, "otherExpenses": 4685000, "operatingExpenses": 18571000, "costAndExpenses": 39658000, "interestIncome": 0, "interestExpense": 0, "depreciationAndAmortization": 4685000, "ebitda": 41671000, "ebitdaratio": 0.5436955274, "operatingIncome": 36986000, "operatingIncomeRatio": 0.4825687595, "totalOtherIncomeExpensesNet": -4685000, "incomeBeforeTax": 36986000, "incomeBeforeTaxRatio": 0.4825687595, "incomeTaxExpense": 12495000, "netIncome": 24491000, "netIncomeRatio": 0.3195422995, "eps": 0.67, "epsdiluted": 0.65, "weightedAverageShsOut": 36673000, "weightedAverageShsOutDil": 37638000, "link": "https://www.sec.gov/Archives/edgar/data/1278021/000156459016013407/0001564590-16-013407-index.htm", "finalLink": "https://www.sec.gov/Archives/edgar/data/1278021/000156459016013407/mktx-10k_20151231.htm"}, {"date": "2015-09-30", "symbol": "MKTX", "reportedCurrency": "USD", "cik": "0001278021", "fillingDate": "2015-10-23", "acceptedDate": "2015-10-23 16:01:28", "calendarYear": "2015", "period": "Q3", "revenue": 74192000, "costOfRevenue": 21002000, "grossProfit": 53190000, "grossProfitRatio": 0.7169236575, "researchAndDevelopmentExpenses": 0, "generalAndAdministrativeExpenses": 11891000, "sellingAndMarketingExpenses": 1304000, "sellingGeneralAndAdministrativeExpenses": 13195000, "otherExpenses": 4642000, "operatingExpenses": 17837000, "costAndExpenses": 38839000, "interestIncome": 0, "interestExpense": 0, "depreciationAndAmortization": 4642000, "ebitda": 39995000, "ebitdaratio": 0.5390742937, "operatingIncome": 35353000, "operatingIncomeRatio": 0.476506901, "totalOtherIncomeExpensesNet": -4642000, "incomeBeforeTax": 35353000, "incomeBeforeTaxRatio": 0.476506901, "incomeTaxExpense": 12638000, "netIncome": 22715000, "netIncomeRatio": 0.3061650852, "eps": 0.62, "epsdiluted": 0.6, "weightedAverageShsOut": 36681000, "weightedAverageShsOutDil": 37643000, "link": "https://www.sec.gov/Archives/edgar/data/1278021/000156459015008583/0001564590-15-008583-index.htm", "finalLink": "https://www.sec.gov/Archives/edgar/data/1278021/000156459015008583/mktx-10q_20150930.htm"}, {"date": "2015-06-30", "symbol": "MKTX", "reportedCurrency": "USD", "cik": "0001278021", "fillingDate": "2015-07-24", "acceptedDate": "2015-07-24 16:01:03", "calendarYear": "2015", "period": "Q2", "revenue": 75491000, "costOfRevenue": 20593000, "grossProfit": 54898000, "grossProfitRatio": 0.7272125154, "researchAndDevelopmentExpenses": 0, "generalAndAdministrativeExpenses": 11472000, "sellingAndMarketingExpenses": 1764000, "sellingGeneralAndAdministrativeExpenses": 13236000, "otherExpenses": 4603000, "operatingExpenses": 17839000, "costAndExpenses": 38432000, "interestIncome": 0, "interestExpense": 0, "depreciationAndAmortization": 4603000, "ebitda": 41662000, "ebitdaratio": 0.5518803566, "operatingIncome": 37059000, "operatingIncomeRatio": 0.4909062007, "totalOtherIncomeExpensesNet": -4603000, "incomeBeforeTax": 37059000, "incomeBeforeTaxRatio": 0.4909062007, "incomeTaxExpense": 12821000, "netIncome": 24238000, "netIncomeRatio": 0.321071386, "eps": 0.66, "epsdiluted": 0.64, "weightedAverageShsOut": 36699000, "weightedAverageShsOutDil": 37642000, "link": "https://www.sec.gov/Archives/edgar/data/1278021/000156459015005639/0001564590-15-005639-index.htm", "finalLink": "https://www.sec.gov/Archives/edgar/data/1278021/000156459015005639/mktx-10q_20150630.htm"}, {"date": "2015-03-31", "symbol": "MKTX", "reportedCurrency": "USD", "cik": "0001278021", "fillingDate": "2015-04-24", "acceptedDate": "2015-04-24 14:41:44", "calendarYear": "2015", "period": "Q1", "revenue": 76771000, "costOfRevenue": 21174000, "grossProfit": 55597000, "grossProfitRatio": 0.724192729, "researchAndDevelopmentExpenses": 0, "generalAndAdministrativeExpenses": 11291000, "sellingAndMarketingExpenses": 1192000, "sellingGeneralAndAdministrativeExpenses": 12483000, "otherExpenses": 4612000, "operatingExpenses": 17095000, "costAndExpenses": 38269000, "interestIncome": 0, "interestExpense": 0, "depreciationAndAmortization": 4612000, "ebitda": 43114000, "ebitdaratio": 0.5615922679, "operatingIncome": 38502000, "operatingIncomeRatio": 0.5015175001, "totalOtherIncomeExpensesNet": -4612000, "incomeBeforeTax": 38502000, "incomeBeforeTaxRatio": 0.5015175001, "incomeTaxExpense": 13909000, "netIncome": 24593000, "netIncomeRatio": 0.3203423168, "eps": 0.67, "epsdiluted": 0.65, "weightedAverageShsOut": 36706000, "weightedAverageShsOutDil": 37626000, "link": "https://www.sec.gov/Archives/edgar/data/1278021/000156459015002831/0001564590-15-002831-index.htm", "finalLink": "https://www.sec.gov/Archives/edgar/data/1278021/000156459015002831/mktx-10q_20150331.htm"}, {"date": "2014-12-31", "symbol": "MKTX", "reportedCurrency": "USD", "cik": "0001278021", "fillingDate": "2015-02-25", "acceptedDate": "2015-02-25 16:30:41", "calendarYear": "2014", "period": "Q4", "revenue": 70167000, "costOfRevenue": 19376000, "grossProfit": 50791000, "grossProfitRatio": 0.723858794, "researchAndDevelopmentExpenses": 0, "generalAndAdministrativeExpenses": 11448000, "sellingAndMarketingExpenses": 1429000, "sellingGeneralAndAdministrativeExpenses": 12877000, "otherExpenses": 4425000, "operatingExpenses": 17302000, "costAndExpenses": 36678000, "interestIncome": 0, "interestExpense": 0, "depreciationAndAmortization": 4425000, "ebitda": 37914000, "ebitdaratio": 0.5403394758, "operatingIncome": 33489000, "operatingIncomeRatio": 0.4772756424, "totalOtherIncomeExpensesNet": 43730000, "incomeBeforeTax": 33489000, "incomeBeforeTaxRatio": 0.4772756424, "incomeTaxExpense": 11853000, "netIncome": 21636000, "netIncomeRatio": 0.3083500791, "eps": 0.59, "epsdiluted": 0.57, "weightedAverageShsOut": 36729000, "weightedAverageShsOutDil": 37711000, "link": "https://www.sec.gov/Archives/edgar/data/1278021/000156459015000953/0001564590-15-000953-index.htm", "finalLink": "https://www.sec.gov/Archives/edgar/data/1278021/000156459015000953/mktx-10k_20141231.htm"}, {"date": "2014-09-30", "symbol": "MKTX", "reportedCurrency": "USD", "cik": "0001278021", "fillingDate": "2014-10-24", "acceptedDate": "2014-10-24 16:48:00", "calendarYear": "2014", "period": "Q3", "revenue": 64245000, "costOfRevenue": 18589000, "grossProfit": 45656000, "grossProfitRatio": 0.7106545256, "researchAndDevelopmentExpenses": 0, "generalAndAdministrativeExpenses": 11575000, "sellingAndMarketingExpenses": 1331000, "sellingGeneralAndAdministrativeExpenses": 12906000, "otherExpenses": 4482000, "operatingExpenses": 17388000, "costAndExpenses": 35977000, "interestIncome": 0, "interestExpense": 0, "depreciationAndAmortization": 4482000, "ebitda": 32750000, "ebitdaratio": 0.5097672971, "operatingIncome": 28268000, "operatingIncomeRatio": 0.4400031131, "totalOtherIncomeExpensesNet": -4482000, "incomeBeforeTax": 28268000, "incomeBeforeTaxRatio": 0.4400031131, "incomeTaxExpense": 10764000, "netIncome": 17504000, "netIncomeRatio": 0.2724570005, "eps": 0.47, "epsdiluted": 0.46, "weightedAverageShsOut": 36856000, "weightedAverageShsOutDil": 37805000, "link": "https://www.sec.gov/Archives/edgar/data/1278021/000156459014004514/0001564590-14-004514-index.htm", "finalLink": "https://www.sec.gov/Archives/edgar/data/1278021/000156459014004514/mktx-10q_20140930.htm"}, {"date": "2014-06-30", "symbol": "MKTX", "reportedCurrency": "USD", "cik": "0001278021", "fillingDate": "2014-07-25", "acceptedDate": "2014-07-25 13:00:52", "calendarYear": "2014", "period": "Q2", "revenue": 64964000, "costOfRevenue": 18421000, "grossProfit": 46543000, "grossProfitRatio": 0.716442953, "researchAndDevelopmentExpenses": 0, "generalAndAdministrativeExpenses": 11321000, "sellingAndMarketingExpenses": 1800000, "sellingGeneralAndAdministrativeExpenses": 13121000, "otherExpenses": 4351000, "operatingExpenses": 17472000, "costAndExpenses": 35893000, "interestIncome": 0, "interestExpense": 0, "depreciationAndAmortization": 4351000, "ebitda": 33422000, "ebitdaratio": 0.5144695524, "operatingIncome": 29071000, "operatingIncomeRatio": 0.4474939967, "totalOtherIncomeExpensesNet": -4351000, "incomeBeforeTax": 29071000, "incomeBeforeTaxRatio": 0.4474939967, "incomeTaxExpense": 10880000, "netIncome": 18191000, "netIncomeRatio": 0.2800166246, "eps": 0.49, "epsdiluted": 0.48, "weightedAverageShsOut": 37015000, "weightedAverageShsOutDil": 37942000, "link": "https://www.sec.gov/Archives/edgar/data/1278021/000156459014002895/0001564590-14-002895-index.htm", "finalLink": "https://www.sec.gov/Archives/edgar/data/1278021/000156459014002895/mktx-10q_20140630.htm"}, {"date": "2014-03-31", "symbol": "MKTX", "reportedCurrency": "USD", "cik": "0001278021", "fillingDate": "2014-04-25", "acceptedDate": "2014-04-25 12:51:21", "calendarYear": "2014", "period": "Q1", "revenue": 63398000, "costOfRevenue": 18609000, "grossProfit": 44789000, "grossProfitRatio": 0.7064733903, "researchAndDevelopmentExpenses": 0, "generalAndAdministrativeExpenses": 11751000, "sellingAndMarketingExpenses": 1209000, "sellingGeneralAndAdministrativeExpenses": 12960000, "otherExpenses": 4121000, "operatingExpenses": 17081000, "costAndExpenses": 35690000, "interestIncome": 0, "interestExpense": 0, "depreciationAndAmortization": 4121000, "ebitda": 31829000, "ebitdaratio": 0.5020505379, "operatingIncome": 27708000, "operatingIncomeRatio": 0.4370484873, "totalOtherIncomeExpensesNet": -3421000, "incomeBeforeTax": 27708000, "incomeBeforeTaxRatio": 0.4370484873, "incomeTaxExpense": 10233000, "netIncome": 17475000, "netIncomeRatio": 0.2756396101, "eps": 0.47, "epsdiluted": 0.46, "weightedAverageShsOut": 37121000, "weightedAverageShsOutDil": 38096000, "link": "https://www.sec.gov/Archives/edgar/data/1278021/000119312514159062/0001193125-14-159062-index.htm", "finalLink": "https://www.sec.gov/Archives/edgar/data/1278021/000119312514159062/d710712d10q.htm"}, {"date": "2013-12-31", "symbol": "MKTX", "reportedCurrency": "USD", "cik": "0001278021", "fillingDate": "2014-02-24", "acceptedDate": "2014-02-24 16:56:26", "calendarYear": "2013", "period": "Q4", "revenue": 60442000, "costOfRevenue": 16768000, "grossProfit": 43674000, "grossProfitRatio": 0.722577016, "researchAndDevelopmentExpenses": 0, "generalAndAdministrativeExpenses": 13772000, "sellingAndMarketingExpenses": 1131000, "sellingGeneralAndAdministrativeExpenses": 14903000, "otherExpenses": 3972000, "operatingExpenses": 18875000, "costAndExpenses": 35643000, "interestIncome": 0, "interestExpense": 0, "depreciationAndAmortization": 3972000, "ebitda": 28771000, "ebitdaratio": 0.4760100592, "operatingIncome": 24799000, "operatingIncomeRatio": 0.4102941663, "totalOtherIncomeExpensesNet": -3972000, "incomeBeforeTax": 24799000, "incomeBeforeTaxRatio": 0.4102941663, "incomeTaxExpense": 9329000, "netIncome": 23133000, "netIncomeRatio": 0.3827305516, "eps": 0.63, "epsdiluted": 0.61, "weightedAverageShsOut": 36982000, "weightedAverageShsOutDil": 38093000, "link": "https://www.sec.gov/Archives/edgar/data/1278021/000119312514065153/0001193125-14-065153-index.htm", "finalLink": "https://www.sec.gov/Archives/edgar/data/1278021/000119312514065153/d663037d10k.htm"}, {"date": "2013-09-30", "symbol": "MKTX", "reportedCurrency": "USD", "cik": "0001278021", "fillingDate": "2013-10-25", "acceptedDate": "2013-10-25 16:26:22", "calendarYear": "2013", "period": "Q3", "revenue": 61133000, "costOfRevenue": 17910000, "grossProfit": 43223000, "grossProfitRatio": 0.7070322085, "researchAndDevelopmentExpenses": 0, "generalAndAdministrativeExpenses": 12180000, "sellingAndMarketingExpenses": 1195000, "sellingGeneralAndAdministrativeExpenses": 13375000, "otherExpenses": 3460000, "operatingExpenses": 16835000, "costAndExpenses": 34745000, "interestIncome": 0, "interestExpense": 0, "depreciationAndAmortization": 3460000, "ebitda": 29848000, "ebitdaratio": 0.488246937, "operatingIncome": 26388000, "operatingIncomeRatio": 0.4316490275, "totalOtherIncomeExpensesNet": -3460000, "incomeBeforeTax": 26388000, "incomeBeforeTaxRatio": 0.4316490275, "incomeTaxExpense": 8129000, "netIncome": 18213000, "netIncomeRatio": 0.2979241981, "eps": 0.49, "epsdiluted": 0.48, "weightedAverageShsOut": 36919000, "weightedAverageShsOutDil": 37965000, "link": "https://www.sec.gov/Archives/edgar/data/1278021/000119312513411626/0001193125-13-411626-index.htm", "finalLink": "https://www.sec.gov/Archives/edgar/data/1278021/000119312513411626/d610724d10q.htm"}, {"date": "2013-06-30", "symbol": "MKTX", "reportedCurrency": "USD", "cik": "0001278021", "fillingDate": "2013-07-26", "acceptedDate": "2013-07-26 12:13:16", "calendarYear": "2013", "period": "Q2", "revenue": 65559000, "costOfRevenue": 15927000, "grossProfit": 49632000, "grossProfitRatio": 0.7570585274, "researchAndDevelopmentExpenses": 0, "generalAndAdministrativeExpenses": 12185000, "sellingAndMarketingExpenses": 1432000, "sellingGeneralAndAdministrativeExpenses": 13617000, "otherExpenses": 4504000, "operatingExpenses": 18121000, "costAndExpenses": 34048000, "interestIncome": 0, "interestExpense": 0, "depreciationAndAmortization": 4504000, "ebitda": 36015000, "ebitdaratio": 0.5493524916, "operatingIncome": 31511000, "operatingIncomeRatio": 0.4806510166, "totalOtherIncomeExpensesNet": -4593000, "incomeBeforeTax": 31511000, "incomeBeforeTaxRatio": 0.4806510166, "incomeTaxExpense": 12168000, "netIncome": 19343000, "netIncomeRatio": 0.2950472094, "eps": 0.52, "epsdiluted": 0.51, "weightedAverageShsOut": 36868000, "weightedAverageShsOutDil": 37819000, "link": "https://www.sec.gov/Archives/edgar/data/1278021/000119312513304117/0001193125-13-304117-index.htm", "finalLink": "https://www.sec.gov/Archives/edgar/data/1278021/000119312513304117/d550842d10q.htm"}, {"date": "2013-03-31", "symbol": "MKTX", "reportedCurrency": "USD", "cik": "0001278021", "fillingDate": "2013-04-26", "acceptedDate": "2013-04-26 15:26:32", "calendarYear": "2013", "period": "Q1", "revenue": 55557000, "costOfRevenue": 16353000, "grossProfit": 39204000, "grossProfitRatio": 0.705653653, "researchAndDevelopmentExpenses": 0, "generalAndAdministrativeExpenses": 11337000, "sellingAndMarketingExpenses": 985000, "sellingGeneralAndAdministrativeExpenses": 12322000, "otherExpenses": 2569000, "operatingExpenses": 14891000, "costAndExpenses": 31244000, "interestIncome": 0, "interestExpense": 0, "depreciationAndAmortization": 2569000, "ebitda": 26882000, "ebitdaratio": 0.4838634196, "operatingIncome": 24313000, "operatingIncomeRatio": 0.4376226218, "totalOtherIncomeExpensesNet": -2211000, "incomeBeforeTax": 24313000, "incomeBeforeTaxRatio": 0.4376226218, "incomeTaxExpense": 8987000, "netIncome": 15326000, "netIncomeRatio": 0.2758608276, "eps": 0.42, "epsdiluted": 0.41, "weightedAverageShsOut": 36774000, "weightedAverageShsOutDil": 37673000, "link": "https://www.sec.gov/Archives/edgar/data/1278021/000119312513177467/0001193125-13-177467-index.htm", "finalLink": "https://www.sec.gov/Archives/edgar/data/1278021/000119312513177467/d502574d10q.htm"}, {"date": "2012-12-31", "symbol": "MKTX", "reportedCurrency": "USD", "cik": "0001278021", "fillingDate": "2013-02-21", "acceptedDate": "2013-02-21 17:23:01", "calendarYear": "2012", "period": "Q4", "revenue": 50387000, "costOfRevenue": 14579000, "grossProfit": 35808000, "grossProfitRatio": 0.7106594955, "researchAndDevelopmentExpenses": 0, "generalAndAdministrativeExpenses": 10718000, "sellingAndMarketingExpenses": 1224000, "sellingGeneralAndAdministrativeExpenses": 11942000, "otherExpenses": 2337000, "operatingExpenses": 14279000, "costAndExpenses": 28858000, "interestIncome": 0, "interestExpense": 0, "depreciationAndAmortization": 2337000, "ebitda": 23866000, "ebitdaratio": 0.4736539187, "operatingIncome": 21529000, "operatingIncomeRatio": 0.4272729077, "totalOtherIncomeExpensesNet": -8233000, "incomeBeforeTax": 21529000, "incomeBeforeTaxRatio": 0.4272729077, "incomeTaxExpense": 1064000, "netIncome": 20465000, "netIncomeRatio": 0.4061563499, "eps": 0.56, "epsdiluted": 0.54, "weightedAverageShsOut": 36501000, "weightedAverageShsOutDil": 37589000, "link": "https://www.sec.gov/Archives/edgar/data/1278021/000119312513069592/0001193125-13-069592-index.htm", "finalLink": "https://www.sec.gov/Archives/edgar/data/1278021/000119312513069592/d444406d10k.htm"}, {"date": "2012-09-30", "symbol": "MKTX", "reportedCurrency": "USD", "cik": "0001278021", "fillingDate": "2012-11-02", "acceptedDate": "2012-11-02 14:56:04", "calendarYear": "2012", "period": "Q3", "revenue": 48257000, "costOfRevenue": 18630000, "grossProfit": 29627000, "grossProfitRatio": 0.6139420188, "researchAndDevelopmentExpenses": 0, "generalAndAdministrativeExpenses": 23900000, "sellingAndMarketingExpenses": 1067000, "sellingGeneralAndAdministrativeExpenses": 24967000, "otherExpenses": 2081000, "operatingExpenses": 27048000, "costAndExpenses": 27048000, "interestIncome": 0, "interestExpense": 0, "depreciationAndAmortization": 2081000, "ebitda": 23290000, "ebitdaratio": 0.4826242825, "operatingIncome": 21209000, "operatingIncomeRatio": 0.439501005, "totalOtherIncomeExpensesNet": -1790000, "incomeBeforeTax": 21209000, "incomeBeforeTaxRatio": 0.439501005, "incomeTaxExpense": 7727000, "netIncome": 13482000, "netIncomeRatio": 0.2793791574, "eps": 0.37, "epsdiluted": 0.36, "weightedAverageShsOut": 36500000, "weightedAverageShsOutDil": 37541000, "link": "https://www.sec.gov/Archives/edgar/data/1278021/000119312512448860/0001193125-12-448860-index.htm", "finalLink": "https://www.sec.gov/Archives/edgar/data/1278021/000119312512448860/d400700d10q.htm"}, {"date": "2012-06-30", "symbol": "MKTX", "reportedCurrency": "USD", "cik": "0001278021", "fillingDate": "2012-07-26", "acceptedDate": "2012-07-26 14:01:19", "calendarYear": "2012", "period": "Q2", "revenue": 48825000, "costOfRevenue": 19077000, "grossProfit": 29748000, "grossProfitRatio": 0.6092780338, "researchAndDevelopmentExpenses": 0, "generalAndAdministrativeExpenses": 23932000, "sellingAndMarketingExpenses": 1732000, "sellingGeneralAndAdministrativeExpenses": 25664000, "otherExpenses": 1961000, "operatingExpenses": 27625000, "costAndExpenses": 27625000, "interestIncome": 0, "interestExpense": 0, "depreciationAndAmortization": 1961000, "ebitda": 23161000, "ebitdaratio": 0.4743676395, "operatingIncome": 21200000, "operatingIncomeRatio": 0.434203789, "totalOtherIncomeExpensesNet": -1961000, "incomeBeforeTax": 21200000, "incomeBeforeTaxRatio": 0.434203789, "incomeTaxExpense": 8571000, "netIncome": 12629000, "netIncomeRatio": 0.2586584741, "eps": 0.35, "epsdiluted": 0.34, "weightedAverageShsOut": 36128000, "weightedAverageShsOutDil": 37440000, "link": "https://www.sec.gov/Archives/edgar/data/1278021/000119312512316502/0001193125-12-316502-index.htm", "finalLink": "https://www.sec.gov/Archives/edgar/data/1278021/000119312512316502/d357250d10q.htm"}, {"date": "2012-03-31", "symbol": "MKTX", "reportedCurrency": "USD", "cik": "0001278021", "fillingDate": "2012-04-26", "acceptedDate": "2012-04-26 15:33:07", "calendarYear": "2012", "period": "Q1", "revenue": 50735000, "costOfRevenue": 19555000, "grossProfit": 31180000, "grossProfitRatio": 0.6145658815, "researchAndDevelopmentExpenses": 0, "generalAndAdministrativeExpenses": 24686000, "sellingAndMarketingExpenses": 1447000, "sellingGeneralAndAdministrativeExpenses": 26133000, "otherExpenses": 1854000, "operatingExpenses": 27987000, "costAndExpenses": 27987000, "interestIncome": 0, "interestExpense": 0, "depreciationAndAmortization": 1854000, "ebitda": 24602000, "ebitdaratio": 0.4849117966, "operatingIncome": 22748000, "operatingIncomeRatio": 0.4483689761, "totalOtherIncomeExpensesNet": -1854000, "incomeBeforeTax": 22748000, "incomeBeforeTaxRatio": 0.4483689761, "incomeTaxExpense": 9255000, "netIncome": 13493000, "netIncomeRatio": 0.2659505272, "eps": 0.37, "epsdiluted": 0.35, "weightedAverageShsOut": 36934000, "weightedAverageShsOutDil": 38695000, "link": "https://www.sec.gov/Archives/edgar/data/1278021/000119312512185702/0001193125-12-185702-index.htm", "finalLink": "https://www.sec.gov/Archives/edgar/data/1278021/000119312512185702/d335263d10q.htm"}, {"date": "2011-12-31", "symbol": "MKTX", "reportedCurrency": "USD", "cik": "0001278021", "fillingDate": "2012-07-06", "acceptedDate": "2012-07-06 15:50:13", "calendarYear": "2011", "period": "Q4", "revenue": 45135000, "costOfRevenue": 58786000, "grossProfit": -13651000, "grossProfitRatio": -0.3024482109, "researchAndDevelopmentExpenses": 0, "generalAndAdministrativeExpenses": -35690000, "sellingAndMarketingExpenses": 1380000, "sellingGeneralAndAdministrativeExpenses": -34310000, "otherExpenses": 1793000, "operatingExpenses": -32517000, "costAndExpenses": 26269000, "interestIncome": 0, "interestExpense": 0, "depreciationAndAmortization": 1793000, "ebitda": 20659000, "ebitdaratio": 0.4577157417, "operatingIncome": 18866000, "operatingIncomeRatio": 0.417990473, "totalOtherIncomeExpensesNet": -6781000, "incomeBeforeTax": 18866000, "incomeBeforeTaxRatio": 0.417990473, "incomeTaxExpense": 7323000, "netIncome": 11543000, "netIncomeRatio": 0.2557438795, "eps": 0.31, "epsdiluted": 0.31, "weightedAverageShsOut": 36934000, "weightedAverageShsOutDil": 36934000, "link": "https://www.sec.gov/Archives/edgar/data/1278021/000119312512296221/0001193125-12-296221-index.htm", "finalLink": "https://www.sec.gov/Archives/edgar/data/1278021/000119312512296221/d356610d10ka.htm"}, {"date": "2011-09-30", "symbol": "MKTX", "reportedCurrency": "USD", "cik": "0001278021", "fillingDate": "2011-10-26", "acceptedDate": "2011-10-26 16:00:22", "calendarYear": "2011", "period": "Q3", "revenue": 46564000, "costOfRevenue": 17200000, "grossProfit": 29364000, "grossProfitRatio": 0.6306159265, "researchAndDevelopmentExpenses": 0, "generalAndAdministrativeExpenses": 21189000, "sellingAndMarketingExpenses": 1280000, "sellingGeneralAndAdministrativeExpenses": 22469000, "otherExpenses": 1799000, "operatingExpenses": 24268000, "costAndExpenses": 24268000, "interestIncome": 0, "interestExpense": 0, "depreciationAndAmortization": 1799000, "ebitda": 24095000, "ebitdaratio": 0.5174598402, "operatingIncome": 22296000, "operatingIncomeRatio": 0.4788248432, "totalOtherIncomeExpensesNet": -1799000, "incomeBeforeTax": 22296000, "incomeBeforeTaxRatio": 0.4788248432, "incomeTaxExpense": 8852000, "netIncome": 13444000, "netIncomeRatio": 0.2887209003, "eps": 0.36, "epsdiluted": 0.34, "weightedAverageShsOut": 37126000, "weightedAverageShsOutDil": 39828000, "link": "https://www.sec.gov/Archives/edgar/data/1278021/000095012311092054/0000950123-11-092054-index.htm", "finalLink": "https://www.sec.gov/Archives/edgar/data/1278021/000095012311092054/c23532e10vq.htm"}, {"date": "2011-06-30", "symbol": "MKTX", "reportedCurrency": "USD", "cik": "0001278021", "fillingDate": "2011-07-27", "acceptedDate": "2011-07-27 17:20:59", "calendarYear": "2011", "period": "Q2", "revenue": 45791000, "costOfRevenue": 18536000, "grossProfit": 27255000, "grossProfitRatio": 0.5952042978, "researchAndDevelopmentExpenses": 0, "generalAndAdministrativeExpenses": 23011000, "sellingAndMarketingExpenses": 1248000, "sellingGeneralAndAdministrativeExpenses": 24259000, "otherExpenses": 1627000, "operatingExpenses": 25886000, "costAndExpenses": 25886000, "interestIncome": 0, "interestExpense": 0, "depreciationAndAmortization": 1627000, "ebitda": 21532000, "ebitdaratio": 0.4702234063, "operatingIncome": 19905000, "operatingIncomeRatio": 0.4346924068, "totalOtherIncomeExpensesNet": -1627000, "incomeBeforeTax": 19905000, "incomeBeforeTaxRatio": 0.4346924068, "incomeTaxExpense": 7968000, "netIncome": 11937000, "netIncomeRatio": 0.260684414, "eps": 0.32, "epsdiluted": 0.3, "weightedAverageShsOut": 36762000, "weightedAverageShsOutDil": 39490000, "link": "https://www.sec.gov/Archives/edgar/data/1278021/000095012311068990/0000950123-11-068990-index.htm", "finalLink": "https://www.sec.gov/Archives/edgar/data/1278021/000095012311068990/c18093e10vq.htm"}, {"date": "2011-03-31", "symbol": "MKTX", "reportedCurrency": "USD", "cik": "0001278021", "fillingDate": "2011-04-28", "acceptedDate": "2011-04-28 16:13:07", "calendarYear": "2011", "period": "Q1", "revenue": 43609000, "costOfRevenue": 19534000, "grossProfit": 24075000, "grossProfitRatio": 0.5520649407, "researchAndDevelopmentExpenses": 0, "generalAndAdministrativeExpenses": 23407000, "sellingAndMarketingExpenses": 974000, "sellingGeneralAndAdministrativeExpenses": 24381000, "otherExpenses": 1562000, "operatingExpenses": 25943000, "costAndExpenses": 25943000, "interestIncome": 0, "interestExpense": 0, "depreciationAndAmortization": 1562000, "ebitda": 19228000, "ebitdaratio": 0.4409181591, "operatingIncome": 17666000, "operatingIncomeRatio": 0.4050998647, "totalOtherIncomeExpensesNet": -1562000, "incomeBeforeTax": 17666000, "incomeBeforeTaxRatio": 0.4050998647, "incomeTaxExpense": 6886000, "netIncome": 10780000, "netIncomeRatio": 0.2471966796, "eps": 0.3, "epsdiluted": 0.27, "weightedAverageShsOut": 36507000, "weightedAverageShsOutDil": 39301000, "link": "https://www.sec.gov/Archives/edgar/data/1278021/000095012311040944/0000950123-11-040944-index.htm", "finalLink": "https://www.sec.gov/Archives/edgar/data/1278021/000095012311040944/c15992e10vq.htm"}, {"date": "2010-12-31", "symbol": "MKTX", "reportedCurrency": "USD", "cik": "0001278021", "fillingDate": "2011-02-24", "acceptedDate": "2011-02-24 17:13:11", "calendarYear": "2010", "period": "Q4", "revenue": 38605000, "costOfRevenue": 74931000, "grossProfit": -36326000, "grossProfitRatio": -0.9409661961, "researchAndDevelopmentExpenses": 0, "generalAndAdministrativeExpenses": -53332000, "sellingAndMarketingExpenses": 1009000, "sellingGeneralAndAdministrativeExpenses": -52323000, "otherExpenses": 1552000, "operatingExpenses": -50771000, "costAndExpenses": 24160000, "interestIncome": 0, "interestExpense": 0, "depreciationAndAmortization": 1552000, "ebitda": 15997000, "ebitdaratio": 0.4143763761, "operatingIncome": 14445000, "operatingIncomeRatio": 0.3741743298, "totalOtherIncomeExpensesNet": -6350000, "incomeBeforeTax": 14445000, "incomeBeforeTaxRatio": 0.3741743298, "incomeTaxExpense": 5498000, "netIncome": 8947000, "netIncomeRatio": 0.2317575444, "eps": 0.25, "epsdiluted": 0.25, "weightedAverageShsOut": 36507000, "weightedAverageShsOutDil": 36507000, "link": "https://www.sec.gov/Archives/edgar/data/1278021/000095012311017944/0000950123-11-017944-index.htm", "finalLink": "https://www.sec.gov/Archives/edgar/data/1278021/000095012311017944/c12988e10vk.htm"}, {"date": "2010-09-30", "symbol": "MKTX", "reportedCurrency": "USD", "cik": "0001278021", "fillingDate": "2010-10-28", "acceptedDate": "2010-10-28 16:00:39", "calendarYear": "2010", "period": "Q3", "revenue": 37413000, "costOfRevenue": 17575000, "grossProfit": 19838000, "grossProfitRatio": 0.5302434982, "researchAndDevelopmentExpenses": 0, "generalAndAdministrativeExpenses": 21650000, "sellingAndMarketingExpenses": 679000, "sellingGeneralAndAdministrativeExpenses": 22329000, "otherExpenses": 1560000, "operatingExpenses": 23889000, "costAndExpenses": 23889000, "interestIncome": 0, "interestExpense": 0, "depreciationAndAmortization": 1560000, "ebitda": 15084000, "ebitdaratio": 0.4031753669, "operatingIncome": 13524000, "operatingIncomeRatio": 0.3614786304, "totalOtherIncomeExpensesNet": -1560000, "incomeBeforeTax": 13524000, "incomeBeforeTaxRatio": 0.3614786304, "incomeTaxExpense": 4913000, "netIncome": 8611000, "netIncomeRatio": 0.2301606393, "eps": 0.24, "epsdiluted": 0.22, "weightedAverageShsOut": 32945000, "weightedAverageShsOutDil": 38744000, "link": "https://www.sec.gov/Archives/edgar/data/1278021/000095012310097410/0000950123-10-097410-index.htm", "finalLink": "https://www.sec.gov/Archives/edgar/data/1278021/000095012310097410/c07211e10vq.htm"}]