[{"date": "2025-06-30", "symbol": "HUM", "reportedCurrency": "USD", "cik": "0000049071", "fillingDate": "2025-07-30", "acceptedDate": "2025-07-30 15:37:58", "calendarYear": "2025", "period": "Q2", "revenue": 32388000000, "costOfRevenue": 0, "grossProfit": 32388000000, "grossProfitRatio": 1, "researchAndDevelopmentExpenses": 0, "generalAndAdministrativeExpenses": 0, "sellingAndMarketingExpenses": 0, "sellingGeneralAndAdministrativeExpenses": 0, "otherExpenses": 31647000000, "operatingExpenses": 31647000000, "costAndExpenses": 31647000000, "interestIncome": 0, "interestExpense": 157000000, "depreciationAndAmortization": 211000000, "ebitda": 1109000000, "ebitdaratio": 0.0342410769, "operatingIncome": 741000000, "operatingIncomeRatio": 0.022878844, "totalOtherIncomeExpensesNet": 0, "incomeBeforeTax": 741000000, "incomeBeforeTaxRatio": 0.022878844, "incomeTaxExpense": 179000000, "netIncome": 545000000, "netIncomeRatio": 0.01682722, "eps": 4.52, "epsdiluted": 4.51, "weightedAverageShsOut": 120539000, "weightedAverageShsOutDil": 120745000, "link": "https://www.sec.gov/Archives/edgar/data/49071/000004907125000042/0000049071-25-000042-index.htm", "finalLink": "https://www.sec.gov/Archives/edgar/data/49071/000004907125000042/hum-20250630.htm"}, {"date": "2025-03-31", "symbol": "HUM", "reportedCurrency": "USD", "cik": "0000049071", "fillingDate": "2025-04-30", "acceptedDate": "2025-04-30 09:29:51", "calendarYear": "2025", "period": "Q1", "revenue": 32112000000, "costOfRevenue": 0, "grossProfit": 32112000000, "grossProfitRatio": 1, "researchAndDevelopmentExpenses": 0, "generalAndAdministrativeExpenses": 0, "sellingAndMarketingExpenses": 0, "sellingGeneralAndAdministrativeExpenses": 0, "otherExpenses": 30421000000, "operatingExpenses": 30421000000, "costAndExpenses": 30421000000, "interestIncome": 0, "interestExpense": 160000000, "depreciationAndAmortization": 215000000, "ebitda": 2066000000, "ebitdaratio": 0.0643373194, "operatingIncome": 1691000000, "operatingIncomeRatio": 0.052659442, "totalOtherIncomeExpensesNet": 0, "incomeBeforeTax": 1691000000, "incomeBeforeTaxRatio": 0.052659442, "incomeTaxExpense": 406000000, "netIncome": 1244000000, "netIncomeRatio": 0.0387394121, "eps": 10.31, "epsdiluted": 10.3, "weightedAverageShsOut": 120405000, "weightedAverageShsOutDil": 120764000, "link": "https://www.sec.gov/Archives/edgar/data/49071/000004907125000023/0000049071-25-000023-index.htm", "finalLink": "https://www.sec.gov/Archives/edgar/data/49071/000004907125000023/hum-20250331.htm"}, {"date": "2024-12-31", "symbol": "HUM", "reportedCurrency": "USD", "cik": "0000049071", "fillingDate": "2025-02-20", "acceptedDate": "2025-02-20 14:34:08", "calendarYear": "2024", "period": "Q4", "revenue": 29213000000, "costOfRevenue": 0, "grossProfit": 29213000000, "grossProfitRatio": 1, "researchAndDevelopmentExpenses": 0, "generalAndAdministrativeExpenses": 0, "sellingAndMarketingExpenses": 0, "sellingGeneralAndAdministrativeExpenses": 0, "otherExpenses": 30075000000, "operatingExpenses": 30075000000, "costAndExpenses": 30075000000, "interestIncome": 0, "interestExpense": 164000000, "depreciationAndAmortization": 240000000, "ebitda": -458000000, "ebitdaratio": -0.0156779516, "operatingIncome": -862000000, "operatingIncomeRatio": -0.0295074111, "totalOtherIncomeExpensesNet": 0, "incomeBeforeTax": -862000000, "incomeBeforeTaxRatio": -0.0295074111, "incomeTaxExpense": -216000000, "netIncome": -693000000, "netIncomeRatio": -0.0237223154, "eps": -5.75, "epsdiluted": -5.76, "weightedAverageShsOut": 120405000, "weightedAverageShsOutDil": 120764000, "link": "https://www.sec.gov/Archives/edgar/data/49071/000004907125000007/0000049071-25-000007-index.htm", "finalLink": "https://www.sec.gov/Archives/edgar/data/49071/000004907125000007/hum-20241231.htm"}, {"date": "2024-09-30", "symbol": "HUM", "reportedCurrency": "USD", "cik": "0000049071", "fillingDate": "2024-10-30", "acceptedDate": "2024-10-30 14:17:34", "calendarYear": "2024", "period": "Q3", "revenue": 29397000000, "costOfRevenue": 0, "grossProfit": 29397000000, "grossProfitRatio": 1, "researchAndDevelopmentExpenses": 0, "generalAndAdministrativeExpenses": 0, "sellingAndMarketingExpenses": 0, "sellingGeneralAndAdministrativeExpenses": 0, "otherExpenses": 28746000000, "operatingExpenses": 28746000000, "costAndExpenses": 28746000000, "interestIncome": 0, "interestExpense": 169000000, "depreciationAndAmortization": 243000000, "ebitda": 1063000000, "ebitdaratio": 0.0361601524, "operatingIncome": 651000000, "operatingIncomeRatio": 0.0221451168, "totalOtherIncomeExpensesNet": 0, "incomeBeforeTax": 651000000, "incomeBeforeTaxRatio": 0.0221451168, "incomeTaxExpense": 155000000, "netIncome": 480000000, "netIncomeRatio": 0.0163281968, "eps": 3.99, "epsdiluted": 3.98, "weightedAverageShsOut": 120405000, "weightedAverageShsOutDil": 120764000, "link": "https://www.sec.gov/Archives/edgar/data/49071/000004907124000055/0000049071-24-000055-index.htm", "finalLink": "https://www.sec.gov/Archives/edgar/data/49071/000004907124000055/hum-20240930.htm"}, {"date": "2024-06-30", "symbol": "HUM", "reportedCurrency": "USD", "cik": "0000049071", "fillingDate": "2024-07-31", "acceptedDate": "2024-07-31 14:08:48", "calendarYear": "2024", "period": "Q2", "revenue": 29540000000, "costOfRevenue": 0, "grossProfit": 29540000000, "grossProfitRatio": 1, "researchAndDevelopmentExpenses": 0, "generalAndAdministrativeExpenses": 0, "sellingAndMarketingExpenses": 0, "sellingGeneralAndAdministrativeExpenses": 0, "otherExpenses": 28622000000, "operatingExpenses": 28622000000, "costAndExpenses": 28622000000, "interestIncome": 0, "interestExpense": 168000000, "depreciationAndAmortization": 243000000, "ebitda": 1329000000, "ebitdaratio": 0.0449898443, "operatingIncome": 918000000, "operatingIncomeRatio": 0.0310765064, "totalOtherIncomeExpensesNet": 0, "incomeBeforeTax": 918000000, "incomeBeforeTaxRatio": 0.0310765064, "incomeTaxExpense": 223000000, "netIncome": 679000000, "netIncomeRatio": 0.022985782, "eps": 5.64, "epsdiluted": 5.63, "weightedAverageShsOut": 120445000, "weightedAverageShsOutDil": 120665000, "link": "https://www.sec.gov/Archives/edgar/data/49071/000004907124000040/0000049071-24-000040-index.htm", "finalLink": "https://www.sec.gov/Archives/edgar/data/49071/000004907124000040/hum-20240630.htm"}, {"date": "2024-03-31", "symbol": "HUM", "reportedCurrency": "USD", "cik": "0000049071", "fillingDate": "2024-04-24", "acceptedDate": "2024-04-24 15:47:25", "calendarYear": "2024", "period": "Q1", "revenue": 29611000000, "costOfRevenue": 0, "grossProfit": 29611000000, "grossProfitRatio": 1, "researchAndDevelopmentExpenses": 0, "generalAndAdministrativeExpenses": 0, "sellingAndMarketingExpenses": 0, "sellingGeneralAndAdministrativeExpenses": 0, "otherExpenses": 28597000000, "operatingExpenses": 28597000000, "costAndExpenses": 28597000000, "interestIncome": 0, "interestExpense": 159000000, "depreciationAndAmortization": 242000000, "ebitda": 1415000000, "ebitdaratio": 0.0477862956, "operatingIncome": 1014000000, "operatingIncomeRatio": 0.0342440309, "totalOtherIncomeExpensesNet": 0, "incomeBeforeTax": 1014000000, "incomeBeforeTaxRatio": 0.0342440309, "incomeTaxExpense": 251000000, "netIncome": 741000000, "netIncomeRatio": 0.0250244841, "eps": 6.13, "epsdiluted": 6.11, "weightedAverageShsOut": 120978000, "weightedAverageShsOutDil": 121268000, "link": "https://www.sec.gov/Archives/edgar/data/49071/000004907124000023/0000049071-24-000023-index.htm", "finalLink": "https://www.sec.gov/Archives/edgar/data/49071/000004907124000023/hum-20240331.htm"}, {"date": "2023-12-31", "symbol": "HUM", "reportedCurrency": "USD", "cik": "0000049071", "fillingDate": "2024-02-15", "acceptedDate": "2024-02-15 16:55:39", "calendarYear": "2023", "period": "Q4", "revenue": 26462000000, "costOfRevenue": 0, "grossProfit": 26462000000, "grossProfitRatio": 1, "researchAndDevelopmentExpenses": 0, "generalAndAdministrativeExpenses": 0, "sellingAndMarketingExpenses": 0, "sellingGeneralAndAdministrativeExpenses": 0, "otherExpenses": 27053000000, "operatingExpenses": 27053000000, "costAndExpenses": 27053000000, "interestIncome": 0, "interestExpense": 146000000, "depreciationAndAmortization": 238000000, "ebitda": -207000000, "ebitdaratio": -0.007822538, "operatingIncome": -591000000, "operatingIncomeRatio": -0.0223339128, "totalOtherIncomeExpensesNet": 0, "incomeBeforeTax": -591000000, "incomeBeforeTaxRatio": -0.0223339128, "incomeTaxExpense": -75000000, "netIncome": -541000000, "netIncomeRatio": -0.0204444109, "eps": -4.42, "epsdiluted": -4.42, "weightedAverageShsOut": 122461000, "weightedAverageShsOutDil": 122461000, "link": "https://www.sec.gov/Archives/edgar/data/49071/000004907124000012/0000049071-24-000012-index.htm", "finalLink": "https://www.sec.gov/Archives/edgar/data/49071/000004907124000012/hum-20231231.htm"}, {"date": "2023-09-30", "symbol": "HUM", "reportedCurrency": "USD", "cik": "0000049071", "fillingDate": "2023-11-01", "acceptedDate": "2023-11-01 14:06:42", "calendarYear": "2023", "period": "Q3", "revenue": 26423000000, "costOfRevenue": 0, "grossProfit": 26423000000, "grossProfitRatio": 1, "researchAndDevelopmentExpenses": 0, "generalAndAdministrativeExpenses": 0, "sellingAndMarketingExpenses": 0, "sellingGeneralAndAdministrativeExpenses": 0, "otherExpenses": 25325000000, "operatingExpenses": 25325000000, "costAndExpenses": 25325000000, "interestIncome": 0, "interestExpense": 114000000, "depreciationAndAmortization": 235000000, "ebitda": 1447000000, "ebitdaratio": 0.054762896, "operatingIncome": 1098000000, "operatingIncomeRatio": 0.0415547061, "totalOtherIncomeExpensesNet": 0, "incomeBeforeTax": 1098000000, "incomeBeforeTaxRatio": 0.0415547061, "incomeTaxExpense": 256000000, "netIncome": 832000000, "netIncomeRatio": 0.031487719, "eps": 6.74, "epsdiluted": 6.71, "weightedAverageShsOut": 123426000, "weightedAverageShsOutDil": 123983000, "link": "https://www.sec.gov/Archives/edgar/data/49071/000004907123000064/0000049071-23-000064-index.htm", "finalLink": "https://www.sec.gov/Archives/edgar/data/49071/000004907123000064/hum-20230930.htm"}, {"date": "2023-06-30", "symbol": "HUM", "reportedCurrency": "USD", "cik": "0000049071", "fillingDate": "2023-08-02", "acceptedDate": "2023-08-02 15:12:55", "calendarYear": "2023", "period": "Q2", "revenue": 26747000000, "costOfRevenue": 0, "grossProfit": 26747000000, "grossProfitRatio": 1, "researchAndDevelopmentExpenses": 0, "generalAndAdministrativeExpenses": 0, "sellingAndMarketingExpenses": 0, "sellingGeneralAndAdministrativeExpenses": 0, "otherExpenses": 25485000000, "operatingExpenses": 25485000000, "costAndExpenses": 25485000000, "interestIncome": 0, "interestExpense": 120000000, "depreciationAndAmortization": 226000000, "ebitda": 1608000000, "ebitdaratio": 0.0601188918, "operatingIncome": 1262000000, "operatingIncomeRatio": 0.0471828616, "totalOtherIncomeExpensesNet": 0, "incomeBeforeTax": 1262000000, "incomeBeforeTaxRatio": 0.0471828616, "incomeTaxExpense": 296000000, "netIncome": 959000000, "netIncomeRatio": 0.0358544884, "eps": 7.7, "epsdiluted": 7.66, "weightedAverageShsOut": 124574000, "weightedAverageShsOutDil": 125109000, "link": "https://www.sec.gov/Archives/edgar/data/49071/000004907123000049/0000049071-23-000049-index.htm", "finalLink": "https://www.sec.gov/Archives/edgar/data/49071/000004907123000049/hum-20230630.htm"}, {"date": "2023-03-31", "symbol": "HUM", "reportedCurrency": "USD", "cik": "0000049071", "fillingDate": "2023-04-26", "acceptedDate": "2023-04-26 15:07:20", "calendarYear": "2023", "period": "Q1", "revenue": 26742000000, "costOfRevenue": 0, "grossProfit": 26742000000, "grossProfitRatio": 1, "researchAndDevelopmentExpenses": 0, "generalAndAdministrativeExpenses": 0, "sellingAndMarketingExpenses": 0, "sellingGeneralAndAdministrativeExpenses": 0, "otherExpenses": 25128000000, "operatingExpenses": 25128000000, "costAndExpenses": 25128000000, "interestIncome": 0, "interestExpense": 113000000, "depreciationAndAmortization": 218000000, "ebitda": 1945000000, "ebitdaratio": 0.072732032, "operatingIncome": 1614000000, "operatingIncomeRatio": 0.0603544985, "totalOtherIncomeExpensesNet": 0, "incomeBeforeTax": 1614000000, "incomeBeforeTaxRatio": 0.0603544985, "incomeTaxExpense": 359000000, "netIncome": 1239000000, "netIncomeRatio": 0.0463316132, "eps": 9.91, "epsdiluted": 9.87, "weightedAverageShsOut": 125005000, "weightedAverageShsOutDil": 125564000, "link": "https://www.sec.gov/Archives/edgar/data/49071/000004907123000025/0000049071-23-000025-index.htm", "finalLink": "https://www.sec.gov/Archives/edgar/data/49071/000004907123000025/hum-20230331.htm"}, {"date": "2022-12-31", "symbol": "HUM", "reportedCurrency": "USD", "cik": "0000049071", "fillingDate": "2023-02-16", "acceptedDate": "2023-02-16 15:11:58", "calendarYear": "2022", "period": "Q4", "revenue": 22439000000, "costOfRevenue": 0, "grossProfit": 22439000000, "grossProfitRatio": 1, "researchAndDevelopmentExpenses": 0, "generalAndAdministrativeExpenses": 0, "sellingAndMarketingExpenses": 0, "sellingGeneralAndAdministrativeExpenses": 0, "otherExpenses": 22510000000, "operatingExpenses": 22510000000, "costAndExpenses": 22510000000, "interestIncome": 0, "interestExpense": 108000000, "depreciationAndAmortization": 217000000, "ebitda": 254000000, "ebitdaratio": 0.0113195775, "operatingIncome": -71000000, "operatingIncomeRatio": -0.0031641339, "totalOtherIncomeExpensesNet": 0, "incomeBeforeTax": -71000000, "incomeBeforeTaxRatio": -0.0031641339, "incomeTaxExpense": -58000000, "netIncome": -15000000, "netIncomeRatio": -0.000668479, "eps": -0.12, "epsdiluted": -0.12, "weightedAverageShsOut": 125644000, "weightedAverageShsOutDil": 125644000, "link": "https://www.sec.gov/Archives/edgar/data/49071/000004907123000011/0000049071-23-000011-index.htm", "finalLink": "https://www.sec.gov/Archives/edgar/data/49071/000004907123000011/hum-20221231.htm"}, {"date": "2022-09-30", "symbol": "HUM", "reportedCurrency": "USD", "cik": "0000049071", "fillingDate": "2022-11-02", "acceptedDate": "2022-11-02 15:07:59", "calendarYear": "2022", "period": "Q3", "revenue": 22799000000, "costOfRevenue": 0, "grossProfit": 22799000000, "grossProfitRatio": 1, "researchAndDevelopmentExpenses": 0, "generalAndAdministrativeExpenses": 0, "sellingAndMarketingExpenses": 0, "sellingGeneralAndAdministrativeExpenses": 0, "otherExpenses": 21502000000, "operatingExpenses": 21502000000, "costAndExpenses": 21502000000, "interestIncome": 0, "interestExpense": 102000000, "depreciationAndAmortization": 214000000, "ebitda": 1613000000, "ebitdaratio": 0.070748717, "operatingIncome": 1297000000, "operatingIncomeRatio": 0.05688846, "totalOtherIncomeExpensesNet": 0, "incomeBeforeTax": 1297000000, "incomeBeforeTaxRatio": 0.05688846, "incomeTaxExpense": 107000000, "netIncome": 1195000000, "netIncomeRatio": 0.0524145796, "eps": 9.44, "epsdiluted": 9.39, "weightedAverageShsOut": 126572000, "weightedAverageShsOutDil": 127356000, "link": "https://www.sec.gov/Archives/edgar/data/49071/000004907122000071/0000049071-22-000071-index.htm", "finalLink": "https://www.sec.gov/Archives/edgar/data/49071/000004907122000071/hum-20220930.htm"}, {"date": "2022-06-30", "symbol": "HUM", "reportedCurrency": "USD", "cik": "0000049071", "fillingDate": "2022-07-27", "acceptedDate": "2022-07-27 15:09:11", "calendarYear": "2022", "period": "Q2", "revenue": 23662000000, "costOfRevenue": 0, "grossProfit": 23662000000, "grossProfitRatio": 1, "researchAndDevelopmentExpenses": 0, "generalAndAdministrativeExpenses": 0, "sellingAndMarketingExpenses": 0, "sellingGeneralAndAdministrativeExpenses": 0, "otherExpenses": 22540000000, "operatingExpenses": 22540000000, "costAndExpenses": 22540000000, "interestIncome": 0, "interestExpense": 101000000, "depreciationAndAmortization": 209000000, "ebitda": 1432000000, "ebitdaratio": 0.0605189756, "operatingIncome": 1122000000, "operatingIncomeRatio": 0.0474178007, "totalOtherIncomeExpensesNet": 0, "incomeBeforeTax": 1122000000, "incomeBeforeTaxRatio": 0.0474178007, "incomeTaxExpense": 427000000, "netIncome": 696000000, "netIncomeRatio": 0.0294142507, "eps": 5.5, "epsdiluted": 5.48, "weightedAverageShsOut": 126523000, "weightedAverageShsOutDil": 127084000, "link": "https://www.sec.gov/Archives/edgar/data/49071/000004907122000057/0000049071-22-000057-index.htm", "finalLink": "https://www.sec.gov/Archives/edgar/data/49071/000004907122000057/hum-20220630.htm"}, {"date": "2022-03-31", "symbol": "HUM", "reportedCurrency": "USD", "cik": "0000049071", "fillingDate": "2022-04-27", "acceptedDate": "2022-04-27 14:21:19", "calendarYear": "2022", "period": "Q1", "revenue": 23970000000, "costOfRevenue": 0, "grossProfit": 23970000000, "grossProfitRatio": 1, "researchAndDevelopmentExpenses": 0, "generalAndAdministrativeExpenses": 0, "sellingAndMarketingExpenses": 0, "sellingGeneralAndAdministrativeExpenses": 0, "otherExpenses": 22750000000, "operatingExpenses": 22750000000, "costAndExpenses": 22750000000, "interestIncome": 0, "interestExpense": 90000000, "depreciationAndAmortization": 205000000, "ebitda": 1515000000, "ebitdaratio": 0.063204005, "operatingIncome": 1220000000, "operatingIncomeRatio": 0.0508969545, "totalOtherIncomeExpensesNet": 0, "incomeBeforeTax": 1220000000, "incomeBeforeTaxRatio": 0.0508969545, "incomeTaxExpense": 286000000, "netIncome": 930000000, "netIncomeRatio": 0.0387984981, "eps": 7.33, "epsdiluted": 7.29, "weightedAverageShsOut": 126938000, "weightedAverageShsOutDil": 127474000, "link": "https://www.sec.gov/Archives/edgar/data/49071/000004907122000032/0000049071-22-000032-index.htm", "finalLink": "https://www.sec.gov/Archives/edgar/data/49071/000004907122000032/hum-20220331.htm"}, {"date": "2021-12-31", "symbol": "HUM", "reportedCurrency": "USD", "cik": "0000049071", "fillingDate": "2022-02-17", "acceptedDate": "2022-02-17 16:23:04", "calendarYear": "2021", "period": "Q4", "revenue": 21054000000, "costOfRevenue": 0, "grossProfit": 21054000000, "grossProfitRatio": 1, "researchAndDevelopmentExpenses": 0, "generalAndAdministrativeExpenses": 0, "sellingAndMarketingExpenses": 0, "sellingGeneralAndAdministrativeExpenses": 0, "otherExpenses": 21114000000, "operatingExpenses": 21114000000, "costAndExpenses": 21114000000, "interestIncome": 0, "interestExpense": 91000000, "depreciationAndAmortization": 194000000, "ebitda": 225000000, "ebitdaratio": 0.0106868054, "operatingIncome": -60000000, "operatingIncomeRatio": -0.0028498148, "totalOtherIncomeExpensesNet": 0, "incomeBeforeTax": -60000000, "incomeBeforeTaxRatio": -0.0028498148, "incomeTaxExpense": -51000000, "netIncome": -14000000, "netIncomeRatio": -0.0006649568, "eps": -0.11, "epsdiluted": -0.11, "weightedAverageShsOut": 128611998, "weightedAverageShsOutDil": 128611998, "link": "https://www.sec.gov/Archives/edgar/data/49071/000004907122000017/0000049071-22-000017-index.htm", "finalLink": "https://www.sec.gov/Archives/edgar/data/49071/000004907122000017/hum-20211231.htm"}, {"date": "2021-09-30", "symbol": "HUM", "reportedCurrency": "USD", "cik": "0000049071", "fillingDate": "2021-11-03", "acceptedDate": "2021-11-03 14:48:52", "calendarYear": "2021", "period": "Q3", "revenue": 20697000000, "costOfRevenue": 0, "grossProfit": 20697000000, "grossProfitRatio": 1, "researchAndDevelopmentExpenses": 0, "generalAndAdministrativeExpenses": 0, "sellingAndMarketingExpenses": 0, "sellingGeneralAndAdministrativeExpenses": 2603000000, "otherExpenses": 16458000000, "operatingExpenses": 19061000000, "costAndExpenses": 19061000000, "interestIncome": 0, "interestExpense": 88000000, "depreciationAndAmortization": 181000000, "ebitda": 1905000000, "ebitdaratio": 0.092042325, "operatingIncome": 1636000000, "operatingIncomeRatio": 0.0790452723, "totalOtherIncomeExpensesNet": 0, "incomeBeforeTax": 1636000000, "incomeBeforeTaxRatio": 0.0790452723, "incomeTaxExpense": 120000000, "netIncome": 1531000000, "netIncomeRatio": 0.0739720732, "eps": 11.91, "epsdiluted": 11.84, "weightedAverageShsOut": 128517998, "weightedAverageShsOutDil": 129254998, "link": "https://www.sec.gov/Archives/edgar/data/49071/000004907121000136/0000049071-21-000136-index.htm", "finalLink": "https://www.sec.gov/Archives/edgar/data/49071/000004907121000136/hum-20210930.htm"}, {"date": "2021-06-30", "symbol": "HUM", "reportedCurrency": "USD", "cik": "0000049071", "fillingDate": "2021-07-28", "acceptedDate": "2021-07-28 14:01:19", "calendarYear": "2021", "period": "Q2", "revenue": 20645000000, "costOfRevenue": 0, "grossProfit": 20645000000, "grossProfitRatio": 1, "researchAndDevelopmentExpenses": 0, "generalAndAdministrativeExpenses": 0, "sellingAndMarketingExpenses": 0, "sellingGeneralAndAdministrativeExpenses": 2116000000, "otherExpenses": 17791000000, "operatingExpenses": 19907000000, "costAndExpenses": 19907000000, "interestIncome": 0, "interestExpense": 79000000, "depreciationAndAmortization": 170000000, "ebitda": 987000000, "ebitdaratio": 0.047808186, "operatingIncome": 738000000, "operatingIncomeRatio": 0.0357471543, "totalOtherIncomeExpensesNet": 0, "incomeBeforeTax": 738000000, "incomeBeforeTaxRatio": 0.0357471543, "incomeTaxExpense": 183000000, "netIncome": 588000000, "netIncomeRatio": 0.0284814725, "eps": 4.57, "epsdiluted": 4.55, "weightedAverageShsOut": 128691998, "weightedAverageShsOutDil": 129386998, "link": "https://www.sec.gov/Archives/edgar/data/49071/000004907121000112/0000049071-21-000112-index.htm", "finalLink": "https://www.sec.gov/Archives/edgar/data/49071/000004907121000112/hum-20210630.htm"}, {"date": "2021-03-31", "symbol": "HUM", "reportedCurrency": "USD", "cik": "0000049071", "fillingDate": "2021-04-28", "acceptedDate": "2021-04-28 15:42:15", "calendarYear": "2021", "period": "Q1", "revenue": 20668000000, "costOfRevenue": 0, "grossProfit": 20668000000, "grossProfitRatio": 1, "researchAndDevelopmentExpenses": 0, "generalAndAdministrativeExpenses": 0, "sellingAndMarketingExpenses": 0, "sellingGeneralAndAdministrativeExpenses": 2007000000, "otherExpenses": 17621000000, "operatingExpenses": 19628000000, "costAndExpenses": 19628000000, "interestIncome": 0, "interestExpense": 68000000, "depreciationAndAmortization": 168000000, "ebitda": 1276000000, "ebitdaratio": 0.0617379524, "operatingIncome": 1040000000, "operatingIncomeRatio": 0.0503193342, "totalOtherIncomeExpensesNet": 0, "incomeBeforeTax": 1040000000, "incomeBeforeTaxRatio": 0.0503193342, "incomeTaxExpense": 233000000, "netIncome": 828000000, "netIncomeRatio": 0.0400619315, "eps": 6.42, "epsdiluted": 6.39, "weightedAverageShsOut": 128930998, "weightedAverageShsOutDil": 129550998, "link": "https://www.sec.gov/Archives/edgar/data/49071/000004907121000081/0000049071-21-000081-index.htm", "finalLink": "https://www.sec.gov/Archives/edgar/data/49071/000004907121000081/hum-20210331.htm"}, {"date": "2020-12-31", "symbol": "HUM", "reportedCurrency": "USD", "cik": "0000049071", "fillingDate": "2021-02-18", "acceptedDate": "2021-02-18 16:59:52", "calendarYear": "2020", "period": "Q4", "revenue": 19062000000, "costOfRevenue": 0, "grossProfit": 19062000000, "grossProfitRatio": 1, "researchAndDevelopmentExpenses": 0, "generalAndAdministrativeExpenses": 0, "sellingAndMarketingExpenses": 0, "sellingGeneralAndAdministrativeExpenses": 3068000000, "otherExpenses": 16452000000, "operatingExpenses": 19520000000, "costAndExpenses": 19520000000, "interestIncome": 0, "interestExpense": 72000000, "depreciationAndAmortization": 160000000, "ebitda": -226000000, "ebitdaratio": -0.0118560487, "operatingIncome": -458000000, "operatingIncomeRatio": -0.0240268597, "totalOtherIncomeExpensesNet": 0, "incomeBeforeTax": -458000000, "incomeBeforeTaxRatio": -0.0240268597, "incomeTaxExpense": -178000000, "netIncome": -274000000, "netIncomeRatio": -0.0143741475, "eps": -2.07, "epsdiluted": -2.07, "weightedAverageShsOut": 132093998, "weightedAverageShsOutDil": 132093998, "link": "https://www.sec.gov/Archives/edgar/data/49071/000004907121000039/0000049071-21-000039-index.htm", "finalLink": "https://www.sec.gov/Archives/edgar/data/49071/000004907121000039/hum-20201231.htm"}, {"date": "2020-09-30", "symbol": "HUM", "reportedCurrency": "USD", "cik": "0000049071", "fillingDate": "2020-11-03", "acceptedDate": "2020-11-03 14:01:41", "calendarYear": "2020", "period": "Q3", "revenue": 20075000000, "costOfRevenue": 0, "grossProfit": 20075000000, "grossProfitRatio": 1, "researchAndDevelopmentExpenses": 0, "generalAndAdministrativeExpenses": 0, "sellingAndMarketingExpenses": 0, "sellingGeneralAndAdministrativeExpenses": 2513000000, "otherExpenses": 15807000000, "operatingExpenses": 18320000000, "costAndExpenses": 18320000000, "interestIncome": 0, "interestExpense": 75000000, "depreciationAndAmortization": 161000000, "ebitda": 1991000000, "ebitdaratio": 0.0991780822, "operatingIncome": 1755000000, "operatingIncomeRatio": 0.0874221669, "totalOtherIncomeExpensesNet": 0, "incomeBeforeTax": 1755000000, "incomeBeforeTaxRatio": 0.0874221669, "incomeTaxExpense": 450000000, "netIncome": 1340000000, "netIncomeRatio": 0.0667496887, "eps": 10.13, "epsdiluted": 10.05, "weightedAverageShsOut": 132317998, "weightedAverageShsOutDil": 133195998, "link": "https://www.sec.gov/Archives/edgar/data/49071/000004907120000135/0000049071-20-000135-index.htm", "finalLink": "https://www.sec.gov/Archives/edgar/data/49071/000004907120000135/hum-20200930.htm"}, {"date": "2020-06-30", "symbol": "HUM", "reportedCurrency": "USD", "cik": "0000049071", "fillingDate": "2020-08-05", "acceptedDate": "2020-08-05 14:02:14", "calendarYear": "2020", "period": "Q2", "revenue": 19083000000, "costOfRevenue": 0, "grossProfit": 19083000000, "grossProfitRatio": 1, "researchAndDevelopmentExpenses": 0, "generalAndAdministrativeExpenses": 0, "sellingAndMarketingExpenses": 0, "sellingGeneralAndAdministrativeExpenses": 2354000000, "otherExpenses": 14143000000, "operatingExpenses": 16497000000, "costAndExpenses": 16497000000, "interestIncome": 0, "interestExpense": 76000000, "depreciationAndAmortization": 150000000, "ebitda": 2812000000, "ebitdaratio": 0.1473562857, "operatingIncome": 2586000000, "operatingIncomeRatio": 0.1355132841, "totalOtherIncomeExpensesNet": 0, "incomeBeforeTax": 2586000000, "incomeBeforeTaxRatio": 0.1355132841, "incomeTaxExpense": 783000000, "netIncome": 1828000000, "netIncomeRatio": 0.0957920662, "eps": 13.82, "epsdiluted": 13.75, "weightedAverageShsOut": 132247998, "weightedAverageShsOutDil": 133022998, "link": "https://www.sec.gov/Archives/edgar/data/49071/000004907120000106/0000049071-20-000106-index.htm", "finalLink": "https://www.sec.gov/Archives/edgar/data/49071/000004907120000106/hum-20200630.htm"}, {"date": "2020-03-31", "symbol": "HUM", "reportedCurrency": "USD", "cik": "0000049071", "fillingDate": "2020-04-29", "acceptedDate": "2020-04-29 15:17:06", "calendarYear": "2020", "period": "Q1", "revenue": 18935000000, "costOfRevenue": 0, "grossProfit": 18935000000, "grossProfitRatio": 1, "researchAndDevelopmentExpenses": 0, "generalAndAdministrativeExpenses": 0, "sellingAndMarketingExpenses": 0, "sellingGeneralAndAdministrativeExpenses": 2117000000, "otherExpenses": 16101000000, "operatingExpenses": 18218000000, "costAndExpenses": 18218000000, "interestIncome": 0, "interestExpense": 60000000, "depreciationAndAmortization": 145000000, "ebitda": 922000000, "ebitdaratio": 0.0486928968, "operatingIncome": 717000000, "operatingIncomeRatio": 0.037866385, "totalOtherIncomeExpensesNet": 0, "incomeBeforeTax": 717000000, "incomeBeforeTaxRatio": 0.037866385, "incomeTaxExpense": 252000000, "netIncome": 473000000, "netIncomeRatio": 0.0249801954, "eps": 3.58, "epsdiluted": 3.56, "weightedAverageShsOut": 132134998, "weightedAverageShsOutDil": 132810998, "link": "https://www.sec.gov/Archives/edgar/data/49071/000004907120000083/0000049071-20-000083-index.htm", "finalLink": "https://www.sec.gov/Archives/edgar/data/49071/000004907120000083/hum-20200331x10q.htm"}, {"date": "2019-12-31", "symbol": "HUM", "reportedCurrency": "USD", "cik": "0000049071", "fillingDate": "2020-02-20", "acceptedDate": "2020-02-20 15:38:56", "calendarYear": "2019", "period": "Q4", "revenue": 16295000000, "costOfRevenue": 0, "grossProfit": 16295000000, "grossProfitRatio": 1, "researchAndDevelopmentExpenses": 0, "generalAndAdministrativeExpenses": 0, "sellingAndMarketingExpenses": 0, "sellingGeneralAndAdministrativeExpenses": 2129000000, "otherExpenses": 13573000000, "operatingExpenses": 15702000000, "costAndExpenses": 15702000000, "interestIncome": 0, "interestExpense": 58000000, "depreciationAndAmortization": 140000000, "ebitda": 791000000, "ebitdaratio": 0.0485424977, "operatingIncome": 593000000, "operatingIncomeRatio": 0.0363915311, "totalOtherIncomeExpensesNet": 0, "incomeBeforeTax": 593000000, "incomeBeforeTaxRatio": 0.0363915311, "incomeTaxExpense": 79000000, "netIncome": 512000000, "netIncomeRatio": 0.0314206812, "eps": 3.87, "epsdiluted": 3.84, "weightedAverageShsOut": 132452998, "weightedAverageShsOutDil": 133341998, "link": "https://www.sec.gov/Archives/edgar/data/49071/000004907120000032/0000049071-20-000032-index.htm", "finalLink": "https://www.sec.gov/Archives/edgar/data/49071/000004907120000032/hum-20191231x10k.htm"}, {"date": "2019-09-30", "symbol": "HUM", "reportedCurrency": "USD", "cik": "0000049071", "fillingDate": "2019-11-06", "acceptedDate": "2019-11-06 14:57:59", "calendarYear": "2019", "period": "Q3", "revenue": 16241000000, "costOfRevenue": 0, "grossProfit": 16241000000, "grossProfitRatio": 1, "researchAndDevelopmentExpenses": 0, "generalAndAdministrativeExpenses": 0, "sellingAndMarketingExpenses": 0, "sellingGeneralAndAdministrativeExpenses": 1889000000, "otherExpenses": 13464000000, "operatingExpenses": 15353000000, "costAndExpenses": 15353000000, "interestIncome": 0, "interestExpense": 62000000, "depreciationAndAmortization": 159000000, "ebitda": 1109000000, "ebitdaratio": 0.0682839727, "operatingIncome": 888000000, "operatingIncomeRatio": 0.0546764362, "totalOtherIncomeExpensesNet": 0, "incomeBeforeTax": 888000000, "incomeBeforeTaxRatio": 0.0546764362, "incomeTaxExpense": 200000000, "netIncome": 689000000, "netIncomeRatio": 0.0424234961, "eps": 5.17, "epsdiluted": 5.14, "weightedAverageShsOut": 133320998, "weightedAverageShsOutDil": 134024998, "link": "https://www.sec.gov/Archives/edgar/data/49071/000004907119000105/0000049071-19-000105-index.htm", "finalLink": "https://www.sec.gov/Archives/edgar/data/49071/000004907119000105/hum-20190930x10q.htm"}, {"date": "2019-06-30", "symbol": "HUM", "reportedCurrency": "USD", "cik": "0000049071", "fillingDate": "2019-07-31", "acceptedDate": "2019-07-31 13:40:46", "calendarYear": "2019", "period": "Q2", "revenue": 16245000000, "costOfRevenue": 0, "grossProfit": 16245000000, "grossProfitRatio": 1, "researchAndDevelopmentExpenses": 0, "generalAndAdministrativeExpenses": 0, "sellingAndMarketingExpenses": 0, "sellingGeneralAndAdministrativeExpenses": 1703000000, "otherExpenses": 13313000000, "operatingExpenses": 15016000000, "costAndExpenses": 15016000000, "interestIncome": 0, "interestExpense": 60000000, "depreciationAndAmortization": 140000000, "ebitda": 1429000000, "ebitdaratio": 0.0879655279, "operatingIncome": 1229000000, "operatingIncomeRatio": 0.0756540474, "totalOtherIncomeExpensesNet": 0, "incomeBeforeTax": 1229000000, "incomeBeforeTaxRatio": 0.0756540474, "incomeTaxExpense": 301000000, "netIncome": 940000000, "netIncomeRatio": 0.0578639581, "eps": 6.96, "epsdiluted": 6.94, "weightedAverageShsOut": 135062998, "weightedAverageShsOutDil": 135578998, "link": "https://www.sec.gov/Archives/edgar/data/49071/000004907119000085/0000049071-19-000085-index.htm", "finalLink": "https://www.sec.gov/Archives/edgar/data/49071/000004907119000085/hum-20190630x10q.htm"}, {"date": "2019-03-31", "symbol": "HUM", "reportedCurrency": "USD", "cik": "0000049071", "fillingDate": "2019-05-01", "acceptedDate": "2019-05-01 14:49:22", "calendarYear": "2019", "period": "Q1", "revenue": 16107000000, "costOfRevenue": 0, "grossProfit": 16107000000, "grossProfitRatio": 1, "researchAndDevelopmentExpenses": 0, "generalAndAdministrativeExpenses": 0, "sellingAndMarketingExpenses": 0, "sellingGeneralAndAdministrativeExpenses": 1660000000, "otherExpenses": 13701000000, "operatingExpenses": 15361000000, "costAndExpenses": 15361000000, "interestIncome": 0, "interestExpense": 62000000, "depreciationAndAmortization": 136000000, "ebitda": 944000000, "ebitdaratio": 0.0586080586, "operatingIncome": 746000000, "operatingIncomeRatio": 0.0463152667, "totalOtherIncomeExpensesNet": 0, "incomeBeforeTax": 746000000, "incomeBeforeTaxRatio": 0.0463152667, "incomeTaxExpense": 183000000, "netIncome": 566000000, "netIncomeRatio": 0.0351400012, "eps": 4.18, "epsdiluted": 4.16, "weightedAverageShsOut": 135382998, "weightedAverageShsOutDil": 135961998, "link": "https://www.sec.gov/Archives/edgar/data/49071/000004907119000061/0000049071-19-000061-index.htm", "finalLink": "https://www.sec.gov/Archives/edgar/data/49071/000004907119000061/hum-20190331x10q.htm"}, {"date": "2018-12-31", "symbol": "HUM", "reportedCurrency": "USD", "cik": "0000049071", "fillingDate": "2019-02-21", "acceptedDate": "2019-02-21 16:23:36", "calendarYear": "2018", "period": "Q4", "revenue": 14168000000, "costOfRevenue": 0, "grossProfit": 14168000000, "grossProfitRatio": 1, "researchAndDevelopmentExpenses": 0, "generalAndAdministrativeExpenses": 0, "sellingAndMarketingExpenses": 0, "sellingGeneralAndAdministrativeExpenses": 2115000000, "otherExpenses": 11617000000, "operatingExpenses": 13732000000, "costAndExpenses": 13732000000, "interestIncome": 0, "interestExpense": 59000000, "depreciationAndAmortization": 134000000, "ebitda": 629000000, "ebitdaratio": 0.0443958216, "operatingIncome": 436000000, "operatingIncomeRatio": 0.0307735743, "totalOtherIncomeExpensesNet": 0, "incomeBeforeTax": 436000000, "incomeBeforeTaxRatio": 0.0307735743, "incomeTaxExpense": 83000000, "netIncome": 355000000, "netIncomeRatio": 0.0250564653, "eps": 2.6, "epsdiluted": 2.58, "weightedAverageShsOut": 136569998, "weightedAverageShsOutDil": 137528998, "link": "https://www.sec.gov/Archives/edgar/data/49071/000004907119000023/0000049071-19-000023-index.htm", "finalLink": "https://www.sec.gov/Archives/edgar/data/49071/000004907119000023/hum-20181231x10k.htm"}, {"date": "2018-09-30", "symbol": "HUM", "reportedCurrency": "USD", "cik": "0000049071", "fillingDate": "2018-11-07", "acceptedDate": "2018-11-07 16:21:12", "calendarYear": "2018", "period": "Q3", "revenue": 14206000000, "costOfRevenue": 0, "grossProfit": 14206000000, "grossProfitRatio": 1, "researchAndDevelopmentExpenses": 0, "generalAndAdministrativeExpenses": 0, "sellingAndMarketingExpenses": 0, "sellingGeneralAndAdministrativeExpenses": 1900000000, "otherExpenses": 11405000000, "operatingExpenses": 13305000000, "costAndExpenses": 13305000000, "interestIncome": 0, "interestExpense": 53000000, "depreciationAndAmortization": 131000000, "ebitda": 1085000000, "ebitdaratio": 0.0763761791, "operatingIncome": 901000000, "operatingIncomeRatio": 0.0634239054, "totalOtherIncomeExpensesNet": 0, "incomeBeforeTax": 901000000, "incomeBeforeTaxRatio": 0.0634239054, "incomeTaxExpense": 266000000, "netIncome": 644000000, "netIncomeRatio": 0.0453329579, "eps": 4.68, "epsdiluted": 4.65, "weightedAverageShsOut": 137708998, "weightedAverageShsOutDil": 138677998, "link": "https://www.sec.gov/Archives/edgar/data/49071/000004907118000123/0000049071-18-000123-index.htm", "finalLink": "https://www.sec.gov/Archives/edgar/data/49071/000004907118000123/hum-20180930x10q.htm"}, {"date": "2018-06-30", "symbol": "HUM", "reportedCurrency": "USD", "cik": "0000049071", "fillingDate": "2018-08-01", "acceptedDate": "2018-08-01 13:51:56", "calendarYear": "2018", "period": "Q2", "revenue": 14259000000, "costOfRevenue": 0, "grossProfit": 14259000000, "grossProfitRatio": 1, "researchAndDevelopmentExpenses": 0, "generalAndAdministrativeExpenses": 0, "sellingAndMarketingExpenses": 0, "sellingGeneralAndAdministrativeExpenses": 1761000000, "otherExpenses": 12479000000, "operatingExpenses": 14240000000, "costAndExpenses": 14240000000, "interestIncome": 0, "interestExpense": 53000000, "depreciationAndAmortization": 130000000, "ebitda": 202000000, "ebitdaratio": 0.0141664913, "operatingIncome": 19000000, "operatingIncomeRatio": 0.0013324918, "totalOtherIncomeExpensesNet": 0, "incomeBeforeTax": 19000000, "incomeBeforeTaxRatio": 0.0013324918, "incomeTaxExpense": -174000000, "netIncome": 193000000, "netIncomeRatio": 0.013535311, "eps": 1.4, "epsdiluted": 1.39, "weightedAverageShsOut": 137762998, "weightedAverageShsOutDil": 138575998, "link": "https://www.sec.gov/Archives/edgar/data/49071/000004907118000100/0000049071-18-000100-index.htm", "finalLink": "https://www.sec.gov/Archives/edgar/data/49071/000004907118000100/hum-20180630x10q.htm"}, {"date": "2018-03-31", "symbol": "HUM", "reportedCurrency": "USD", "cik": "0000049071", "fillingDate": "2018-05-02", "acceptedDate": "2018-05-02 13:09:04", "calendarYear": "2018", "period": "Q1", "revenue": 14279000000, "costOfRevenue": 0, "grossProfit": 14279000000, "grossProfitRatio": 1, "researchAndDevelopmentExpenses": 0, "generalAndAdministrativeExpenses": 0, "sellingAndMarketingExpenses": 0, "sellingGeneralAndAdministrativeExpenses": 1749000000, "otherExpenses": 11823000000, "operatingExpenses": 13572000000, "costAndExpenses": 13572000000, "interestIncome": 0, "interestExpense": 53000000, "depreciationAndAmortization": 139000000, "ebitda": 899000000, "ebitdaratio": 0.062959591, "operatingIncome": 707000000, "operatingIncomeRatio": 0.0495132712, "totalOtherIncomeExpensesNet": 0, "incomeBeforeTax": 707000000, "incomeBeforeTaxRatio": 0.0495132712, "incomeTaxExpense": 216000000, "netIncome": 491000000, "netIncomeRatio": 0.0343861615, "eps": 3.56, "epsdiluted": 3.53, "weightedAverageShsOut": 137902998, "weightedAverageShsOutDil": 138829998, "link": "https://www.sec.gov/Archives/edgar/data/49071/000004907118000062/0000049071-18-000062-index.htm", "finalLink": "https://www.sec.gov/Archives/edgar/data/49071/000004907118000062/hum-20180331x10q.htm"}, {"date": "2017-12-31", "symbol": "HUM", "reportedCurrency": "USD", "cik": "0000049071", "fillingDate": "2018-02-16", "acceptedDate": "2018-02-16 13:05:51", "calendarYear": "2017", "period": "Q4", "revenue": 13189000000, "costOfRevenue": 0, "grossProfit": 13189000000, "grossProfitRatio": 1, "researchAndDevelopmentExpenses": 0, "generalAndAdministrativeExpenses": 0, "sellingAndMarketingExpenses": 0, "sellingGeneralAndAdministrativeExpenses": 1873000000, "otherExpenses": 10826000000, "operatingExpenses": 12699000000, "costAndExpenses": 12699000000, "interestIncome": 0, "interestExpense": 76000000, "depreciationAndAmortization": 128000000, "ebitda": 694000000, "ebitdaratio": 0.0526196072, "operatingIncome": 490000000, "operatingIncomeRatio": 0.0371521723, "totalOtherIncomeExpensesNet": 0, "incomeBeforeTax": 490000000, "incomeBeforeTaxRatio": 0.0371521723, "incomeTaxExpense": 306000000, "netIncome": 184000000, "netIncomeRatio": 0.0139510198, "eps": 1.3, "epsdiluted": 1.29, "weightedAverageShsOut": 141332998, "weightedAverageShsOutDil": 142473998, "link": "https://www.sec.gov/Archives/edgar/data/49071/000004907118000014/0000049071-18-000014-index.htm", "finalLink": "https://www.sec.gov/Archives/edgar/data/49071/000004907118000014/hum-20171231x10k.htm"}, {"date": "2017-09-30", "symbol": "HUM", "reportedCurrency": "USD", "cik": "0000049071", "fillingDate": "2017-11-08", "acceptedDate": "2017-11-08 16:35:14", "calendarYear": "2017", "period": "Q3", "revenue": 13282000000, "costOfRevenue": 0, "grossProfit": 13282000000, "grossProfitRatio": 1, "researchAndDevelopmentExpenses": 0, "generalAndAdministrativeExpenses": 0, "sellingAndMarketingExpenses": 0, "sellingGeneralAndAdministrativeExpenses": 1688000000, "otherExpenses": 10795000000, "operatingExpenses": 12483000000, "costAndExpenses": 12483000000, "interestIncome": 0, "interestExpense": 59000000, "depreciationAndAmortization": 120000000, "ebitda": 978000000, "ebitdaratio": 0.0736334889, "operatingIncome": 799000000, "operatingIncomeRatio": 0.0601566029, "totalOtherIncomeExpensesNet": 0, "incomeBeforeTax": 799000000, "incomeBeforeTaxRatio": 0.0601566029, "incomeTaxExpense": 300000000, "netIncome": 499000000, "netIncomeRatio": 0.0375696431, "eps": 3.46, "epsdiluted": 3.44, "weightedAverageShsOut": 144214998, "weightedAverageShsOutDil": 145359998, "link": "https://www.sec.gov/Archives/edgar/data/49071/000004907117000169/0000049071-17-000169-index.htm", "finalLink": "https://www.sec.gov/Archives/edgar/data/49071/000004907117000169/hum-20170930x10q.htm"}, {"date": "2017-06-30", "symbol": "HUM", "reportedCurrency": "USD", "cik": "0000049071", "fillingDate": "2017-08-02", "acceptedDate": "2017-08-02 11:32:28", "calendarYear": "2017", "period": "Q2", "revenue": 13534000000, "costOfRevenue": 0, "grossProfit": 13534000000, "grossProfitRatio": 1, "researchAndDevelopmentExpenses": 0, "generalAndAdministrativeExpenses": 0, "sellingAndMarketingExpenses": 0, "sellingGeneralAndAdministrativeExpenses": 1453000000, "otherExpenses": 11039000000, "operatingExpenses": 12492000000, "costAndExpenses": 12492000000, "interestIncome": 0, "interestExpense": 58000000, "depreciationAndAmortization": 119000000, "ebitda": 1219000000, "ebitdaratio": 0.0900694547, "operatingIncome": 1042000000, "operatingIncomeRatio": 0.0769912812, "totalOtherIncomeExpensesNet": 0, "incomeBeforeTax": 1042000000, "incomeBeforeTaxRatio": 0.0769912812, "incomeTaxExpense": 392000000, "netIncome": 650000000, "netIncomeRatio": 0.0480271908, "eps": 4.5, "epsdiluted": 4.46, "weightedAverageShsOut": 144599998, "weightedAverageShsOutDil": 145633998, "link": "https://www.sec.gov/Archives/edgar/data/49071/000004907117000143/0000049071-17-000143-index.htm", "finalLink": "https://www.sec.gov/Archives/edgar/data/49071/000004907117000143/hum-20170630x10q.htm"}, {"date": "2017-03-31", "symbol": "HUM", "reportedCurrency": "USD", "cik": "0000049071", "fillingDate": "2017-05-03", "acceptedDate": "2017-05-03 12:00:43", "calendarYear": "2017", "period": "Q1", "revenue": 13762000000, "costOfRevenue": 0, "grossProfit": 13762000000, "grossProfitRatio": 1, "researchAndDevelopmentExpenses": 0, "generalAndAdministrativeExpenses": 0, "sellingAndMarketingExpenses": 0, "sellingGeneralAndAdministrativeExpenses": 1553000000, "otherExpenses": 10520000000, "operatingExpenses": 12073000000, "costAndExpenses": 12073000000, "interestIncome": 0, "interestExpense": 49000000, "depreciationAndAmortization": 118000000, "ebitda": 1856000000, "ebitdaratio": 0.1348641186, "operatingIncome": 1689000000, "operatingIncomeRatio": 0.1227292545, "totalOtherIncomeExpensesNet": 0, "incomeBeforeTax": 1689000000, "incomeBeforeTaxRatio": 0.1227292545, "incomeTaxExpense": 574000000, "netIncome": 1115000000, "netIncomeRatio": 0.0810202006, "eps": 7.54, "epsdiluted": 7.49, "weightedAverageShsOut": 147823998, "weightedAverageShsOutDil": 148871998, "link": "https://www.sec.gov/Archives/edgar/data/49071/000004907117000102/0000049071-17-000102-index.htm", "finalLink": "https://www.sec.gov/Archives/edgar/data/49071/000004907117000102/hum-20170331x10q.htm"}, {"date": "2016-12-31", "symbol": "HUM", "reportedCurrency": "USD", "cik": "0000049071", "fillingDate": "2017-02-17", "acceptedDate": "2017-02-17 08:40:44", "calendarYear": "2016", "period": "Q4", "revenue": 12878000000, "costOfRevenue": 0, "grossProfit": 12878000000, "grossProfitRatio": 1, "researchAndDevelopmentExpenses": 0, "generalAndAdministrativeExpenses": 0, "sellingAndMarketingExpenses": 0, "sellingGeneralAndAdministrativeExpenses": 2024000000, "otherExpenses": 11340000000, "operatingExpenses": 13364000000, "costAndExpenses": 13364000000, "interestIncome": 0, "interestExpense": 48000000, "depreciationAndAmortization": 117000000, "ebitda": -321000000, "ebitdaratio": -0.0249262308, "operatingIncome": -486000000, "operatingIncomeRatio": -0.0377387793, "totalOtherIncomeExpensesNet": 0, "incomeBeforeTax": -486000000, "incomeBeforeTaxRatio": -0.0377387793, "incomeTaxExpense": -85000000, "netIncome": -401000000, "netIncomeRatio": -0.0311383755, "eps": -2.68, "epsdiluted": -2.68, "weightedAverageShsOut": 149535998, "weightedAverageShsOutDil": 149535998, "link": "https://www.sec.gov/Archives/edgar/data/49071/000004907117000019/0000049071-17-000019-index.htm", "finalLink": "https://www.sec.gov/Archives/edgar/data/49071/000004907117000019/hum-20161231x10k.htm"}, {"date": "2016-09-30", "symbol": "HUM", "reportedCurrency": "USD", "cik": "0000049071", "fillingDate": "2016-11-04", "acceptedDate": "2016-11-04 08:03:52", "calendarYear": "2016", "period": "Q3", "revenue": 13694000000, "costOfRevenue": 0, "grossProfit": 13694000000, "grossProfitRatio": 1, "researchAndDevelopmentExpenses": 0, "generalAndAdministrativeExpenses": 0, "sellingAndMarketingExpenses": 0, "sellingGeneralAndAdministrativeExpenses": 1739000000, "otherExpenses": 11053000000, "operatingExpenses": 12792000000, "costAndExpenses": 12792000000, "interestIncome": 0, "interestExpense": 47000000, "depreciationAndAmortization": 117000000, "ebitda": 1066000000, "ebitdaratio": 0.0778443114, "operatingIncome": 902000000, "operatingIncomeRatio": 0.0658682635, "totalOtherIncomeExpensesNet": 0, "incomeBeforeTax": 902000000, "incomeBeforeTaxRatio": 0.0658682635, "incomeTaxExpense": 452000000, "netIncome": 450000000, "netIncomeRatio": 0.0328611071, "eps": 3.01, "epsdiluted": 2.98, "weightedAverageShsOut": 149416998, "weightedAverageShsOutDil": 150903998, "link": "https://www.sec.gov/Archives/edgar/data/49071/000004907116000184/0000049071-16-000184-index.htm", "finalLink": "https://www.sec.gov/Archives/edgar/data/49071/000004907116000184/hum-20160930x10q.htm"}, {"date": "2016-06-30", "symbol": "HUM", "reportedCurrency": "USD", "cik": "0000049071", "fillingDate": "2016-08-03", "acceptedDate": "2016-08-03 08:05:00", "calendarYear": "2016", "period": "Q2", "revenue": 14007000000, "costOfRevenue": 0, "grossProfit": 14007000000, "grossProfitRatio": 1, "researchAndDevelopmentExpenses": 0, "generalAndAdministrativeExpenses": 0, "sellingAndMarketingExpenses": 0, "sellingGeneralAndAdministrativeExpenses": 1699000000, "otherExpenses": 11672000000, "operatingExpenses": 13371000000, "costAndExpenses": 13371000000, "interestIncome": 0, "interestExpense": 47000000, "depreciationAndAmortization": 116000000, "ebitda": 799000000, "ebitdaratio": 0.0570429071, "operatingIncome": 636000000, "operatingIncomeRatio": 0.0454058685, "totalOtherIncomeExpensesNet": 0, "incomeBeforeTax": 636000000, "incomeBeforeTaxRatio": 0.0454058685, "incomeTaxExpense": 325000000, "netIncome": 311000000, "netIncomeRatio": 0.0222031841, "eps": 2.08, "epsdiluted": 2.06, "weightedAverageShsOut": 149385998, "weightedAverageShsOutDil": 150805998, "link": "https://www.sec.gov/Archives/edgar/data/49071/000004907116000169/0000049071-16-000169-index.htm", "finalLink": "https://www.sec.gov/Archives/edgar/data/49071/000004907116000169/hum-20160630x10q.htm"}, {"date": "2016-03-31", "symbol": "HUM", "reportedCurrency": "USD", "cik": "0000049071", "fillingDate": "2016-05-04", "acceptedDate": "2016-05-04 16:16:30", "calendarYear": "2016", "period": "Q1", "revenue": 13800000000, "costOfRevenue": 0, "grossProfit": 13800000000, "grossProfitRatio": 1, "researchAndDevelopmentExpenses": 0, "generalAndAdministrativeExpenses": 0, "sellingAndMarketingExpenses": 0, "sellingGeneralAndAdministrativeExpenses": 1734000000, "otherExpenses": 11566000000, "operatingExpenses": 13300000000, "costAndExpenses": 13300000000, "interestIncome": 0, "interestExpense": 47000000, "depreciationAndAmortization": 115000000, "ebitda": 662000000, "ebitdaratio": 0.0479710145, "operatingIncome": 500000000, "operatingIncomeRatio": 0.0362318841, "totalOtherIncomeExpensesNet": 0, "incomeBeforeTax": 500000000, "incomeBeforeTaxRatio": 0.0362318841, "incomeTaxExpense": 246000000, "netIncome": 254000000, "netIncomeRatio": 0.0184057971, "eps": 1.7, "epsdiluted": 1.68, "weightedAverageShsOut": 149160998, "weightedAverageShsOutDil": 150895998, "link": "https://www.sec.gov/Archives/edgar/data/49071/000004907116000146/0000049071-16-000146-index.htm", "finalLink": "https://www.sec.gov/Archives/edgar/data/49071/000004907116000146/hum-20160331x10q.htm"}, {"date": "2015-12-31", "symbol": "HUM", "reportedCurrency": "USD", "cik": "0000049071", "fillingDate": "2016-02-18", "acceptedDate": "2016-02-18 16:14:12", "calendarYear": "2015", "period": "Q4", "revenue": 13361000000, "costOfRevenue": 0, "grossProfit": 13361000000, "grossProfitRatio": 1, "researchAndDevelopmentExpenses": 0, "generalAndAdministrativeExpenses": 0, "sellingAndMarketingExpenses": 0, "sellingGeneralAndAdministrativeExpenses": 1868000000, "otherExpenses": 11247000000, "operatingExpenses": 13115000000, "costAndExpenses": 13115000000, "interestIncome": 0, "interestExpense": 46000000, "depreciationAndAmortization": 112000000, "ebitda": 404000000, "ebitdaratio": 0.0302372577, "operatingIncome": 246000000, "operatingIncomeRatio": 0.0184117955, "totalOtherIncomeExpensesNet": 0, "incomeBeforeTax": 246000000, "incomeBeforeTaxRatio": 0.0184117955, "incomeTaxExpense": 145000000, "netIncome": 101000000, "netIncomeRatio": 0.0075593144, "eps": 0.68, "epsdiluted": 0.66, "weightedAverageShsOut": 148969998, "weightedAverageShsOutDil": 150605998, "link": "https://www.sec.gov/Archives/edgar/data/49071/000004907116000117/0000049071-16-000117-index.htm", "finalLink": "https://www.sec.gov/Archives/edgar/data/49071/000004907116000117/hum-20151231x10k.htm"}, {"date": "2015-09-30", "symbol": "HUM", "reportedCurrency": "USD", "cik": "0000049071", "fillingDate": "2015-11-06", "acceptedDate": "2015-11-06 09:11:32", "calendarYear": "2015", "period": "Q3", "revenue": 13363000000, "costOfRevenue": 0, "grossProfit": 13363000000, "grossProfitRatio": 1, "researchAndDevelopmentExpenses": 0, "generalAndAdministrativeExpenses": 0, "sellingAndMarketingExpenses": 0, "sellingGeneralAndAdministrativeExpenses": 1688000000, "otherExpenses": 11027000000, "operatingExpenses": 12715000000, "costAndExpenses": 12715000000, "interestIncome": 0, "interestExpense": 47000000, "depreciationAndAmortization": 107000000, "ebitda": 802000000, "ebitdaratio": 0.0600164634, "operatingIncome": 648000000, "operatingIncomeRatio": 0.0484921051, "totalOtherIncomeExpensesNet": 0, "incomeBeforeTax": 648000000, "incomeBeforeTaxRatio": 0.0484921051, "incomeTaxExpense": 334000000, "netIncome": 314000000, "netIncomeRatio": 0.0234977176, "eps": 2.11, "epsdiluted": 2.09, "weightedAverageShsOut": 148888998, "weightedAverageShsOutDil": 150465998, "link": "https://www.sec.gov/Archives/edgar/data/49071/000004907115000098/0000049071-15-000098-index.htm", "finalLink": "https://www.sec.gov/Archives/edgar/data/49071/000004907115000098/hum-20150930x10q.htm"}, {"date": "2015-06-30", "symbol": "HUM", "reportedCurrency": "USD", "cik": "0000049071", "fillingDate": "2015-07-29", "acceptedDate": "2015-07-29 09:14:06", "calendarYear": "2015", "period": "Q2", "revenue": 13732000000, "costOfRevenue": 0, "grossProfit": 13732000000, "grossProfitRatio": 1, "researchAndDevelopmentExpenses": 0, "generalAndAdministrativeExpenses": 0, "sellingAndMarketingExpenses": 0, "sellingGeneralAndAdministrativeExpenses": 1817000000, "otherExpenses": 11122000000, "operatingExpenses": 12939000000, "costAndExpenses": 12939000000, "interestIncome": 0, "interestExpense": 47000000, "depreciationAndAmortization": 114000000, "ebitda": 954000000, "ebitdaratio": 0.0694727643, "operatingIncome": 793000000, "operatingIncomeRatio": 0.0577483251, "totalOtherIncomeExpensesNet": 0, "incomeBeforeTax": 793000000, "incomeBeforeTaxRatio": 0.0577483251, "incomeTaxExpense": 362000000, "netIncome": 431000000, "netIncomeRatio": 0.0313865424, "eps": 2.88, "epsdiluted": 2.85, "weightedAverageShsOut": 149472998, "weightedAverageShsOutDil": 151147998, "link": "https://www.sec.gov/Archives/edgar/data/49071/000004907115000075/0000049071-15-000075-index.htm", "finalLink": "https://www.sec.gov/Archives/edgar/data/49071/000004907115000075/hum-20150630x10q.htm"}, {"date": "2015-03-31", "symbol": "HUM", "reportedCurrency": "USD", "cik": "0000049071", "fillingDate": "2015-04-29", "acceptedDate": "2015-04-29 16:11:58", "calendarYear": "2015", "period": "Q1", "revenue": 13833000000, "costOfRevenue": 0, "grossProfit": 13833000000, "grossProfitRatio": 1, "researchAndDevelopmentExpenses": 0, "generalAndAdministrativeExpenses": 0, "sellingAndMarketingExpenses": 0, "sellingGeneralAndAdministrativeExpenses": 1945000000, "otherExpenses": 11144000000, "operatingExpenses": 13089000000, "costAndExpenses": 13089000000, "interestIncome": 0, "interestExpense": 46000000, "depreciationAndAmortization": 114000000, "ebitda": 904000000, "ebitdaratio": 0.0653509723, "operatingIncome": 744000000, "operatingIncomeRatio": 0.0537844285, "totalOtherIncomeExpensesNet": 0, "incomeBeforeTax": 744000000, "incomeBeforeTaxRatio": 0.0537844285, "incomeTaxExpense": 314000000, "netIncome": 430000000, "netIncomeRatio": 0.0310850864, "eps": 2.86, "epsdiluted": 2.82, "weightedAverageShsOut": 150489998, "weightedAverageShsOutDil": 152348998, "link": "https://www.sec.gov/Archives/edgar/data/49071/000004907115000061/0000049071-15-000061-index.htm", "finalLink": "https://www.sec.gov/Archives/edgar/data/49071/000004907115000061/hum-20150331x10q.htm"}, {"date": "2014-12-31", "symbol": "HUM", "reportedCurrency": "USD", "cik": "0000049071", "fillingDate": "2015-02-18", "acceptedDate": "2015-02-18 16:27:38", "calendarYear": "2014", "period": "Q4", "revenue": 12328000000, "costOfRevenue": 0, "grossProfit": 12328000000, "grossProfitRatio": 1, "researchAndDevelopmentExpenses": 0, "generalAndAdministrativeExpenses": 0, "sellingAndMarketingExpenses": 0, "sellingGeneralAndAdministrativeExpenses": 2121000000, "otherExpenses": 9920000000, "operatingExpenses": 12041000000, "costAndExpenses": 12041000000, "interestIncome": 0, "interestExpense": 84000000, "depreciationAndAmortization": 124000000, "ebitda": 495000000, "ebitdaratio": 0.0401524984, "operatingIncome": 287000000, "operatingIncomeRatio": 0.0232803374, "totalOtherIncomeExpensesNet": 0, "incomeBeforeTax": 287000000, "incomeBeforeTaxRatio": 0.0232803374, "incomeTaxExpense": 142000000, "netIncome": 145000000, "netIncomeRatio": 0.011761843, "eps": 0.96, "epsdiluted": 0.95, "weightedAverageShsOut": 151731998, "weightedAverageShsOutDil": 153571998, "link": "https://www.sec.gov/Archives/edgar/data/49071/000004907115000019/0000049071-15-000019-index.htm", "finalLink": "https://www.sec.gov/Archives/edgar/data/49071/000004907115000019/hum-20141231x10k.htm"}, {"date": "2014-09-30", "symbol": "HUM", "reportedCurrency": "USD", "cik": "0000049071", "fillingDate": "2014-11-07", "acceptedDate": "2014-11-07 11:37:27", "calendarYear": "2014", "period": "Q3", "revenue": 12238000000, "costOfRevenue": 0, "grossProfit": 12238000000, "grossProfitRatio": 1, "researchAndDevelopmentExpenses": 0, "generalAndAdministrativeExpenses": 0, "sellingAndMarketingExpenses": 0, "sellingGeneralAndAdministrativeExpenses": 1898000000, "otherExpenses": 9789000000, "operatingExpenses": 11687000000, "costAndExpenses": 11687000000, "interestIncome": 0, "interestExpense": 38000000, "depreciationAndAmortization": 112000000, "ebitda": 701000000, "ebitdaratio": 0.0572806014, "operatingIncome": 551000000, "operatingIncomeRatio": 0.0450236967, "totalOtherIncomeExpensesNet": 0, "incomeBeforeTax": 551000000, "incomeBeforeTaxRatio": 0.0450236967, "incomeTaxExpense": 261000000, "netIncome": 290000000, "netIncomeRatio": 0.0236966825, "eps": 1.88, "epsdiluted": 1.85, "weightedAverageShsOut": 154501998, "weightedAverageShsOutDil": 156229998, "link": "https://www.sec.gov/Archives/edgar/data/49071/000004907114000128/0000049071-14-000128-index.htm", "finalLink": "https://www.sec.gov/Archives/edgar/data/49071/000004907114000128/hum-20140930x10q.htm"}, {"date": "2014-06-30", "symbol": "HUM", "reportedCurrency": "USD", "cik": "0000049071", "fillingDate": "2014-07-30", "acceptedDate": "2014-07-30 17:01:04", "calendarYear": "2014", "period": "Q2", "revenue": 12222000000, "costOfRevenue": 0, "grossProfit": 12222000000, "grossProfitRatio": 1, "researchAndDevelopmentExpenses": 0, "generalAndAdministrativeExpenses": 0, "sellingAndMarketingExpenses": 0, "sellingGeneralAndAdministrativeExpenses": 1835000000, "otherExpenses": 9741000000, "operatingExpenses": 11576000000, "costAndExpenses": 11576000000, "interestIncome": 0, "interestExpense": 35000000, "depreciationAndAmortization": 106000000, "ebitda": 787000000, "ebitdaratio": 0.0643920799, "operatingIncome": 646000000, "operatingIncomeRatio": 0.0528555065, "totalOtherIncomeExpensesNet": 0, "incomeBeforeTax": 646000000, "incomeBeforeTaxRatio": 0.0528555065, "incomeTaxExpense": 302000000, "netIncome": 344000000, "netIncomeRatio": 0.0281459663, "eps": 2.21, "epsdiluted": 2.19, "weightedAverageShsOut": 155422998, "weightedAverageShsOutDil": 157045998, "link": "https://www.sec.gov/Archives/edgar/data/49071/000119312514287100/0001193125-14-287100-index.htm", "finalLink": "https://www.sec.gov/Archives/edgar/data/49071/000119312514287100/d735791d10q.htm"}, {"date": "2014-03-31", "symbol": "HUM", "reportedCurrency": "USD", "cik": "0000049071", "fillingDate": "2014-05-07", "acceptedDate": "2014-05-07 16:15:59", "calendarYear": "2014", "period": "Q1", "revenue": 11712000000, "costOfRevenue": 0, "grossProfit": 11712000000, "grossProfitRatio": 1, "researchAndDevelopmentExpenses": 0, "generalAndAdministrativeExpenses": 0, "sellingAndMarketingExpenses": 0, "sellingGeneralAndAdministrativeExpenses": 1785000000, "otherExpenses": 9241000000, "operatingExpenses": 11026000000, "costAndExpenses": 11026000000, "interestIncome": 0, "interestExpense": 35000000, "depreciationAndAmortization": 107000000, "ebitda": 828000000, "ebitdaratio": 0.0706967213, "operatingIncome": 686000000, "operatingIncomeRatio": 0.0585724044, "totalOtherIncomeExpensesNet": 0, "incomeBeforeTax": 686000000, "incomeBeforeTaxRatio": 0.0585724044, "incomeTaxExpense": 318000000, "netIncome": 368000000, "netIncomeRatio": 0.031420765, "eps": 2.37, "epsdiluted": 2.35, "weightedAverageShsOut": 155090998, "weightedAverageShsOutDil": 156646998, "link": "https://www.sec.gov/Archives/edgar/data/49071/000119312514187480/0001193125-14-187480-index.htm", "finalLink": "https://www.sec.gov/Archives/edgar/data/49071/000119312514187480/d693477d10q.htm"}, {"date": "2013-12-31", "symbol": "HUM", "reportedCurrency": "USD", "cik": "0000049071", "fillingDate": "2014-02-19", "acceptedDate": "2014-02-19 13:56:54", "calendarYear": "2013", "period": "Q4", "revenue": 10187000000, "costOfRevenue": 0, "grossProfit": 10187000000, "grossProfitRatio": 1, "researchAndDevelopmentExpenses": 0, "generalAndAdministrativeExpenses": 0, "sellingAndMarketingExpenses": 0, "sellingGeneralAndAdministrativeExpenses": 1908000000, "otherExpenses": 8328000000, "operatingExpenses": 10236000000, "costAndExpenses": 10236000000, "interestIncome": 0, "interestExpense": 35000000, "depreciationAndAmortization": 114000000, "ebitda": 100000000, "ebitdaratio": 0.0098164327, "operatingIncome": -49000000, "operatingIncomeRatio": -0.004810052, "totalOtherIncomeExpensesNet": 0, "incomeBeforeTax": -49000000, "incomeBeforeTaxRatio": -0.004810052, "incomeTaxExpense": -19000000, "netIncome": -30000000, "netIncomeRatio": -0.0029449298, "eps": -0.19, "epsdiluted": -0.2, "weightedAverageShsOut": 155932998, "weightedAverageShsOutDil": 155932998, "link": "https://www.sec.gov/Archives/edgar/data/49071/000119312514058508/0001193125-14-058508-index.htm", "finalLink": "https://www.sec.gov/Archives/edgar/data/49071/000119312514058508/d637615d10k.htm"}, {"date": "2013-09-30", "symbol": "HUM", "reportedCurrency": "USD", "cik": "0000049071", "fillingDate": "2013-11-06", "acceptedDate": "2013-11-06 10:34:50", "calendarYear": "2013", "period": "Q3", "revenue": 10319000000, "costOfRevenue": 0, "grossProfit": 10319000000, "grossProfitRatio": 1, "researchAndDevelopmentExpenses": 0, "generalAndAdministrativeExpenses": 0, "sellingAndMarketingExpenses": 0, "sellingGeneralAndAdministrativeExpenses": 1540000000, "otherExpenses": 8193000000, "operatingExpenses": 9733000000, "costAndExpenses": 9733000000, "interestIncome": 0, "interestExpense": 35000000, "depreciationAndAmortization": 106000000, "ebitda": 727000000, "ebitdaratio": 0.0704525632, "operatingIncome": 586000000, "operatingIncomeRatio": 0.0567884485, "totalOtherIncomeExpensesNet": 0, "incomeBeforeTax": 586000000, "incomeBeforeTaxRatio": 0.0567884485, "incomeTaxExpense": 218000000, "netIncome": 368000000, "netIncomeRatio": 0.0356623704, "eps": 2.34, "epsdiluted": 2.31, "weightedAverageShsOut": 157186998, "weightedAverageShsOutDil": 158906998, "link": "https://www.sec.gov/Archives/edgar/data/49071/000119312513429313/0001193125-13-429313-index.htm", "finalLink": "https://www.sec.gov/Archives/edgar/data/49071/000119312513429313/d593668d10q.htm"}, {"date": "2013-06-30", "symbol": "HUM", "reportedCurrency": "USD", "cik": "0000049071", "fillingDate": "2013-07-31", "acceptedDate": "2013-07-31 16:17:09", "calendarYear": "2013", "period": "Q2", "revenue": 10321000000, "costOfRevenue": 0, "grossProfit": 10321000000, "grossProfitRatio": 1, "researchAndDevelopmentExpenses": 0, "generalAndAdministrativeExpenses": 0, "sellingAndMarketingExpenses": 0, "sellingGeneralAndAdministrativeExpenses": 1461000000, "otherExpenses": 8206000000, "operatingExpenses": 9667000000, "costAndExpenses": 9667000000, "interestIncome": 0, "interestExpense": 35000000, "depreciationAndAmortization": 104000000, "ebitda": 793000000, "ebitdaratio": 0.0768336402, "operatingIncome": 654000000, "operatingIncomeRatio": 0.0633659529, "totalOtherIncomeExpensesNet": 0, "incomeBeforeTax": 654000000, "incomeBeforeTaxRatio": 0.0633659529, "incomeTaxExpense": 234000000, "netIncome": 420000000, "netIncomeRatio": 0.0406937312, "eps": 2.66, "epsdiluted": 2.63, "weightedAverageShsOut": 157974998, "weightedAverageShsOutDil": 159520998, "link": "https://www.sec.gov/Archives/edgar/data/49071/000119312513312590/0001193125-13-312590-index.htm", "finalLink": "https://www.sec.gov/Archives/edgar/data/49071/000119312513312590/d544803d10q.htm"}, {"date": "2013-03-31", "symbol": "HUM", "reportedCurrency": "USD", "cik": "0000049071", "fillingDate": "2013-05-01", "acceptedDate": "2013-05-01 16:02:25", "calendarYear": "2013", "period": "Q1", "revenue": 10486000000, "costOfRevenue": 0, "grossProfit": 10486000000, "grossProfitRatio": 1, "researchAndDevelopmentExpenses": 0, "generalAndAdministrativeExpenses": 0, "sellingAndMarketingExpenses": 0, "sellingGeneralAndAdministrativeExpenses": 1446000000, "otherExpenses": 8310000000, "operatingExpenses": 9756000000, "costAndExpenses": 9756000000, "interestIncome": 0, "interestExpense": 35000000, "depreciationAndAmortization": 102000000, "ebitda": 867000000, "ebitdaratio": 0.0826816708, "operatingIncome": 730000000, "operatingIncomeRatio": 0.0696166317, "totalOtherIncomeExpensesNet": 0, "incomeBeforeTax": 730000000, "incomeBeforeTaxRatio": 0.0696166317, "incomeTaxExpense": 257000000, "netIncome": 473000000, "netIncomeRatio": 0.0451077627, "eps": 2.98, "epsdiluted": 2.95, "weightedAverageShsOut": 158916998, "weightedAverageShsOutDil": 160402998, "link": "https://www.sec.gov/Archives/edgar/data/49071/000119312513192313/0001193125-13-192313-index.htm", "finalLink": "https://www.sec.gov/Archives/edgar/data/49071/000119312513192313/d496532d10q.htm"}, {"date": "2012-12-31", "symbol": "HUM", "reportedCurrency": "USD", "cik": "0000049071", "fillingDate": "2013-02-22", "acceptedDate": "2013-02-21 20:52:34", "calendarYear": "2012", "period": "Q4", "revenue": 9557000000, "costOfRevenue": 0, "grossProfit": 9557000000, "grossProfitRatio": 1, "researchAndDevelopmentExpenses": 0, "generalAndAdministrativeExpenses": 0, "sellingAndMarketingExpenses": 0, "sellingGeneralAndAdministrativeExpenses": 1655000000, "otherExpenses": 7620000000, "operatingExpenses": 9275000000, "costAndExpenses": 9275000000, "interestIncome": 0, "interestExpense": 27000000, "depreciationAndAmortization": 100000000, "ebitda": 409000000, "ebitdaratio": 0.0427958564, "operatingIncome": 282000000, "operatingIncomeRatio": 0.0295071675, "totalOtherIncomeExpensesNet": 0, "incomeBeforeTax": 282000000, "incomeBeforeTaxRatio": 0.0295071675, "incomeTaxExpense": 90000000, "netIncome": 192000000, "netIncomeRatio": 0.0200899864, "eps": 1.21, "epsdiluted": 1.18, "weightedAverageShsOut": 158763998, "weightedAverageShsOutDil": 160681998, "link": "https://www.sec.gov/Archives/edgar/data/49071/000119312513069911/0001193125-13-069911-index.htm", "finalLink": "https://www.sec.gov/Archives/edgar/data/49071/000119312513069911/d446200d10k.htm"}, {"date": "2012-09-30", "symbol": "HUM", "reportedCurrency": "USD", "cik": "0000049071", "fillingDate": "2012-11-05", "acceptedDate": "2012-11-05 16:57:10", "calendarYear": "2012", "period": "Q3", "revenue": 9651000000, "costOfRevenue": 0, "grossProfit": 9651000000, "grossProfitRatio": 1, "researchAndDevelopmentExpenses": 0, "generalAndAdministrativeExpenses": 0, "sellingAndMarketingExpenses": 0, "sellingGeneralAndAdministrativeExpenses": 1408000000, "otherExpenses": 7568000000, "operatingExpenses": 8976000000, "costAndExpenses": 8976000000, "interestIncome": 0, "interestExpense": 26000000, "depreciationAndAmortization": 78000000, "ebitda": 779000000, "ebitdaratio": 0.0807170241, "operatingIncome": 675000000, "operatingIncomeRatio": 0.0699409388, "totalOtherIncomeExpensesNet": 0, "incomeBeforeTax": 675000000, "incomeBeforeTaxRatio": 0.0699409388, "incomeTaxExpense": 249000000, "netIncome": 426000000, "netIncomeRatio": 0.0441405036, "eps": 2.65, "epsdiluted": 2.62, "weightedAverageShsOut": 160638998, "weightedAverageShsOutDil": 162417998, "link": "https://www.sec.gov/Archives/edgar/data/49071/000119312512452022/0001193125-12-452022-index.htm", "finalLink": "https://www.sec.gov/Archives/edgar/data/49071/000119312512452022/d390018d10q.htm"}, {"date": "2012-06-30", "symbol": "HUM", "reportedCurrency": "USD", "cik": "0000049071", "fillingDate": "2012-08-01", "acceptedDate": "2012-08-01 10:37:48", "calendarYear": "2012", "period": "Q2", "revenue": 9699000000, "costOfRevenue": 0, "grossProfit": 9699000000, "grossProfitRatio": 1, "researchAndDevelopmentExpenses": 0, "generalAndAdministrativeExpenses": 0, "sellingAndMarketingExpenses": 0, "sellingGeneralAndAdministrativeExpenses": 1384000000, "otherExpenses": 7751000000, "operatingExpenses": 9135000000, "costAndExpenses": 9135000000, "interestIncome": 0, "interestExpense": 26000000, "depreciationAndAmortization": 82000000, "ebitda": 672000000, "ebitdaratio": 0.0692854933, "operatingIncome": 564000000, "operatingIncomeRatio": 0.0581503248, "totalOtherIncomeExpensesNet": 0, "incomeBeforeTax": 564000000, "incomeBeforeTaxRatio": 0.0581503248, "incomeTaxExpense": 208000000, "netIncome": 356000000, "netIncomeRatio": 0.0367048149, "eps": 2.19, "epsdiluted": 2.16, "weightedAverageShsOut": 162815998, "weightedAverageShsOutDil": 164638998, "link": "https://www.sec.gov/Archives/edgar/data/49071/000119312512327550/0001193125-12-327550-index.htm", "finalLink": "https://www.sec.gov/Archives/edgar/data/49071/000119312512327550/d371871d10q.htm"}, {"date": "2012-03-31", "symbol": "HUM", "reportedCurrency": "USD", "cik": "0000049071", "fillingDate": "2012-04-30", "acceptedDate": "2012-04-30 16:39:06", "calendarYear": "2012", "period": "Q1", "revenue": 10219000000, "costOfRevenue": 0, "grossProfit": 10219000000, "grossProfitRatio": 1, "researchAndDevelopmentExpenses": 0, "generalAndAdministrativeExpenses": 0, "sellingAndMarketingExpenses": 0, "sellingGeneralAndAdministrativeExpenses": 1383000000, "otherExpenses": 8446000000, "operatingExpenses": 9829000000, "costAndExpenses": 9829000000, "interestIncome": 0, "interestExpense": 26000000, "depreciationAndAmortization": 78000000, "ebitda": 494000000, "ebitdaratio": 0.048341325, "operatingIncome": 390000000, "operatingIncomeRatio": 0.0381642039, "totalOtherIncomeExpensesNet": 0, "incomeBeforeTax": 390000000, "incomeBeforeTaxRatio": 0.0381642039, "incomeTaxExpense": 142000000, "netIncome": 248000000, "netIncomeRatio": 0.0242685194, "eps": 1.51, "epsdiluted": 1.49, "weightedAverageShsOut": 163716998, "weightedAverageShsOutDil": 166087998, "link": "https://www.sec.gov/Archives/edgar/data/49071/000119312512196253/0001193125-12-196253-index.htm", "finalLink": "https://www.sec.gov/Archives/edgar/data/49071/000119312512196253/d310613d10q.htm"}, {"date": "2011-12-31", "symbol": "HUM", "reportedCurrency": "USD", "cik": "0000049071", "fillingDate": "2012-02-24", "acceptedDate": "2012-02-24 08:44:31", "calendarYear": "2011", "period": "Q4", "revenue": 9056508000, "costOfRevenue": 0, "grossProfit": 9056508000, "grossProfitRatio": 1, "researchAndDevelopmentExpenses": 0, "generalAndAdministrativeExpenses": 0, "sellingAndMarketingExpenses": 0, "sellingGeneralAndAdministrativeExpenses": 1585095000, "otherExpenses": 7158431000, "operatingExpenses": 8743526000, "costAndExpenses": 8743526000, "interestIncome": 0, "interestExpense": 27044000, "depreciationAndAmortization": 77836000, "ebitda": 417862000, "ebitdaratio": 0.0461394171, "operatingIncome": 312982000, "operatingIncomeRatio": 0.0345587946, "totalOtherIncomeExpensesNet": 0, "incomeBeforeTax": 312982000, "incomeBeforeTaxRatio": 0.0345587946, "incomeTaxExpense": 114205000, "netIncome": 198777000, "netIncomeRatio": 0.0219485259, "eps": 1.22, "epsdiluted": 1.2, "weightedAverageShsOut": 163237998, "weightedAverageShsOutDil": 165631998, "link": "https://www.sec.gov/Archives/edgar/data/49071/000119312512076885/0001193125-12-076885-index.htm", "finalLink": "https://www.sec.gov/Archives/edgar/data/49071/000119312512076885/d267727d10k.htm"}, {"date": "2011-09-30", "symbol": "HUM", "reportedCurrency": "USD", "cik": "0000049071", "fillingDate": "2011-10-31", "acceptedDate": "2011-10-31 16:33:02", "calendarYear": "2011", "period": "Q3", "revenue": 9301000000, "costOfRevenue": 0, "grossProfit": 9301000000, "grossProfitRatio": 1, "researchAndDevelopmentExpenses": 0, "generalAndAdministrativeExpenses": 0, "sellingAndMarketingExpenses": 0, "sellingGeneralAndAdministrativeExpenses": 1361000000, "otherExpenses": 7241000000, "operatingExpenses": 8602000000, "costAndExpenses": 8602000000, "interestIncome": 0, "interestExpense": 27000000, "depreciationAndAmortization": 74000000, "ebitda": 800000000, "ebitdaratio": 0.0860122567, "operatingIncome": 699000000, "operatingIncomeRatio": 0.0751532093, "totalOtherIncomeExpensesNet": 0, "incomeBeforeTax": 699000000, "incomeBeforeTaxRatio": 0.0751532093, "incomeTaxExpense": 254000000, "netIncome": 445000000, "netIncomeRatio": 0.0478443178, "eps": 2.71, "epsdiluted": 2.67, "weightedAverageShsOut": 164120998, "weightedAverageShsOutDil": 166579998, "link": "https://www.sec.gov/Archives/edgar/data/49071/000119312511288752/0001193125-11-288752-index.htm", "finalLink": "https://www.sec.gov/Archives/edgar/data/49071/000119312511288752/d228857d10q.htm"}, {"date": "2011-06-30", "symbol": "HUM", "reportedCurrency": "USD", "cik": "0000049071", "fillingDate": "2011-08-01", "acceptedDate": "2011-08-01 16:22:02", "calendarYear": "2011", "period": "Q2", "revenue": 9284000000, "costOfRevenue": 0, "grossProfit": 9284000000, "grossProfitRatio": 1, "researchAndDevelopmentExpenses": 0, "generalAndAdministrativeExpenses": 0, "sellingAndMarketingExpenses": 0, "sellingGeneralAndAdministrativeExpenses": 1193000000, "otherExpenses": 7365000000, "operatingExpenses": 8558000000, "costAndExpenses": 8558000000, "interestIncome": 0, "interestExpense": 28000000, "depreciationAndAmortization": 75000000, "ebitda": 829000000, "ebitdaratio": 0.089293408, "operatingIncome": 726000000, "operatingIncomeRatio": 0.0781990521, "totalOtherIncomeExpensesNet": 0, "incomeBeforeTax": 726000000, "incomeBeforeTaxRatio": 0.0781990521, "incomeTaxExpense": 266000000, "netIncome": 460000000, "netIncomeRatio": 0.0495476088, "eps": 2.76, "epsdiluted": 2.71, "weightedAverageShsOut": 167020998, "weightedAverageShsOutDil": 169559998, "link": "https://www.sec.gov/Archives/edgar/data/49071/000119312511204645/0001193125-11-204645-index.htm", "finalLink": "https://www.sec.gov/Archives/edgar/data/49071/000119312511204645/d10q.htm"}, {"date": "2011-03-31", "symbol": "HUM", "reportedCurrency": "USD", "cik": "0000049071", "fillingDate": "2011-05-03", "acceptedDate": "2011-05-03 16:43:55", "calendarYear": "2011", "period": "Q1", "revenue": 9191000000, "costOfRevenue": 0, "grossProfit": 9191000000, "grossProfitRatio": 1, "researchAndDevelopmentExpenses": 0, "generalAndAdministrativeExpenses": 0, "sellingAndMarketingExpenses": 0, "sellingGeneralAndAdministrativeExpenses": 1256000000, "otherExpenses": 7438000000, "operatingExpenses": 8694000000, "costAndExpenses": 8694000000, "interestIncome": 0, "interestExpense": 27000000, "depreciationAndAmortization": 76000000, "ebitda": 600000000, "ebitdaratio": 0.0652812534, "operatingIncome": 497000000, "operatingIncomeRatio": 0.0540746382, "totalOtherIncomeExpensesNet": 0, "incomeBeforeTax": 497000000, "incomeBeforeTaxRatio": 0.0540746382, "incomeTaxExpense": 182000000, "netIncome": 315000000, "netIncomeRatio": 0.034272658, "eps": 1.88, "epsdiluted": 1.86, "weightedAverageShsOut": 167270998, "weightedAverageShsOutDil": 169533998, "link": "https://www.sec.gov/Archives/edgar/data/49071/000119312511124060/0001193125-11-124060-index.htm", "finalLink": "https://www.sec.gov/Archives/edgar/data/49071/000119312511124060/d10q.htm"}, {"date": "2010-12-31", "symbol": "HUM", "reportedCurrency": "USD", "cik": "0000049071", "fillingDate": "2011-02-18", "acceptedDate": "2011-02-17 17:46:43", "calendarYear": "2010", "period": "Q4", "revenue": 8350245000, "costOfRevenue": 0, "grossProfit": 8350245000, "grossProfitRatio": 1, "researchAndDevelopmentExpenses": 0, "generalAndAdministrativeExpenses": 0, "sellingAndMarketingExpenses": 0, "sellingGeneralAndAdministrativeExpenses": 1299781000, "otherExpenses": 6875972000, "operatingExpenses": 8175753000, "costAndExpenses": 8175753000, "interestIncome": 0, "interestExpense": 26381000, "depreciationAndAmortization": 66307000, "ebitda": 267180000, "ebitdaratio": 0.031996666, "operatingIncome": 174492000, "operatingIncomeRatio": 0.0208966324, "totalOtherIncomeExpensesNet": 0, "incomeBeforeTax": 174492000, "incomeBeforeTaxRatio": 0.0208966324, "incomeTaxExpense": 67167000, "netIncome": 107325000, "netIncomeRatio": 0.0128529163, "eps": 0.65, "epsdiluted": 0.63, "weightedAverageShsOut": 166881998, "weightedAverageShsOutDil": 169299998, "link": "https://www.sec.gov/Archives/edgar/data/49071/000119312511039288/0001193125-11-039288-index.htm", "finalLink": "https://www.sec.gov/Archives/edgar/data/49071/000119312511039288/d10k.htm"}, {"date": "2010-09-30", "symbol": "HUM", "reportedCurrency": "USD", "cik": "0000049071", "fillingDate": "2010-11-01", "acceptedDate": "2010-11-01 16:36:59", "calendarYear": "2010", "period": "Q3", "revenue": 8350812000, "costOfRevenue": 0, "grossProfit": 8350812000, "grossProfitRatio": 1, "researchAndDevelopmentExpenses": 0, "generalAndAdministrativeExpenses": 0, "sellingAndMarketingExpenses": 0, "sellingGeneralAndAdministrativeExpenses": 1002398000, "otherExpenses": 6726124000, "operatingExpenses": 7728522000, "costAndExpenses": 7728522000, "interestIncome": 0, "interestExpense": 26143000, "depreciationAndAmortization": 64557000, "ebitda": 712990000, "ebitdaratio": 0.0853797212, "operatingIncome": 622290000, "operatingIncomeRatio": 0.0745185019, "totalOtherIncomeExpensesNet": 0, "incomeBeforeTax": 622290000, "incomeBeforeTaxRatio": 0.0745185019, "incomeTaxExpense": 229069000, "netIncome": 393221000, "netIncomeRatio": 0.0470877563, "eps": 2.35, "epsdiluted": 2.32, "weightedAverageShsOut": 167573998, "weightedAverageShsOutDil": 169581998, "link": "https://www.sec.gov/Archives/edgar/data/49071/000119312510242671/0001193125-10-242671-index.htm", "finalLink": "https://www.sec.gov/Archives/edgar/data/49071/000119312510242671/d10q.htm"}]