[{"date": "2025-06-30", "symbol": "IT", "reportedCurrency": "USD", "cik": "0000749251", "fillingDate": "2025-08-05", "acceptedDate": "2025-08-05 06:06:22", "calendarYear": "2025", "period": "Q2", "revenue": 1686454000, "costOfRevenue": 531731000, "grossProfit": 1154723000, "grossProfitRatio": 0.6847047118, "researchAndDevelopmentExpenses": 0, "generalAndAdministrativeExpenses": 0, "sellingAndMarketingExpenses": 0, "sellingGeneralAndAdministrativeExpenses": 776888000, "otherExpenses": 50739000, "operatingExpenses": 827627000, "costAndExpenses": 1359358000, "interestIncome": 0, "interestExpense": 11801000, "depreciationAndAmortization": 50739000, "ebitda": 380333000, "ebitdaratio": 0.2255223089, "operatingIncome": 327096000, "operatingIncomeRatio": 0.19395489, "totalOtherIncomeExpensesNet": -9303000, "incomeBeforeTax": 317793000, "incomeBeforeTaxRatio": 0.1884385818, "incomeTaxExpense": 77010000, "netIncome": 240783000, "netIncomeRatio": 0.1427747214, "eps": 3.12, "epsdiluted": 3.11, "weightedAverageShsOut": 77157000, "weightedAverageShsOutDil": 77359000, "link": "https://www.sec.gov/Archives/edgar/data/749251/000074925125000046/0000749251-25-000046-index.htm", "finalLink": "https://www.sec.gov/Archives/edgar/data/749251/000074925125000046/it-20250630.htm"}, {"date": "2025-03-31", "symbol": "IT", "reportedCurrency": "USD", "cik": "0000749251", "fillingDate": "2025-05-06", "acceptedDate": "2025-05-06 06:05:10", "calendarYear": "2025", "period": "Q1", "revenue": 1534130000, "costOfRevenue": 475030000, "grossProfit": 1059100000, "grossProfitRatio": 0.6903587049, "researchAndDevelopmentExpenses": 0, "generalAndAdministrativeExpenses": 0, "sellingAndMarketingExpenses": 0, "sellingGeneralAndAdministrativeExpenses": 730308000, "otherExpenses": 50760000, "operatingExpenses": 781068000, "costAndExpenses": 1256098000, "interestIncome": 0, "interestExpense": 13413000, "depreciationAndAmortization": 50760000, "ebitda": 328744000, "ebitdaratio": 0.2142869248, "operatingIncome": 278032000, "operatingIncomeRatio": 0.181231056, "totalOtherIncomeExpensesNet": -11024000, "incomeBeforeTax": 267008000, "incomeBeforeTaxRatio": 0.1740452243, "incomeTaxExpense": 56069000, "netIncome": 210939000, "netIncomeRatio": 0.1374974741, "eps": 2.73, "epsdiluted": 2.71, "weightedAverageShsOut": 77357000, "weightedAverageShsOutDil": 77790000, "link": "https://www.sec.gov/Archives/edgar/data/749251/000074925125000028/0000749251-25-000028-index.htm", "finalLink": "https://www.sec.gov/Archives/edgar/data/749251/000074925125000028/it-20250331.htm"}, {"date": "2024-12-31", "symbol": "IT", "reportedCurrency": "USD", "cik": "0000749251", "fillingDate": "2025-02-13", "acceptedDate": "2025-02-13 16:34:58", "calendarYear": "2024", "period": "Q4", "revenue": 1715119000, "costOfRevenue": 574925000, "grossProfit": 1140194000, "grossProfitRatio": 0.6647900233, "researchAndDevelopmentExpenses": 60100000, "generalAndAdministrativeExpenses": 0, "sellingAndMarketingExpenses": 0, "sellingGeneralAndAdministrativeExpenses": 759850000, "otherExpenses": 2449000, "operatingExpenses": 822399000, "costAndExpenses": 1397324000, "interestIncome": 61558000, "interestExpense": 73876000, "depreciationAndAmortization": 68511000, "ebitda": 377897000, "ebitdaratio": 0.2203328166, "operatingIncome": 317795000, "operatingIncomeRatio": 0.1852903501, "totalOtherIncomeExpensesNet": -16147000, "incomeBeforeTax": 301648000, "incomeBeforeTaxRatio": 0.175875843, "incomeTaxExpense": -96925000, "netIncome": 398573000, "netIncomeRatio": 0.2323879568, "eps": 5.14, "epsdiluted": 5.11, "weightedAverageShsOut": 77500000, "weightedAverageShsOutDil": 78000000, "link": "https://www.sec.gov/Archives/edgar/data/749251/000074925125000008/0000749251-25-000008-index.htm", "finalLink": "https://www.sec.gov/Archives/edgar/data/749251/000074925125000008/it-20241231.htm"}, {"date": "2024-09-30", "symbol": "IT", "reportedCurrency": "USD", "cik": "0000749251", "fillingDate": "2024-11-05", "acceptedDate": "2024-11-05 06:05:10", "calendarYear": "2024", "period": "Q3", "revenue": 1484306000, "costOfRevenue": 475342000, "grossProfit": 1008964000, "grossProfitRatio": 0.6797547137, "researchAndDevelopmentExpenses": 475342000, "generalAndAdministrativeExpenses": 0, "sellingAndMarketingExpenses": 0, "sellingGeneralAndAdministrativeExpenses": 711729000, "otherExpenses": -423931000, "operatingExpenses": 763140000, "costAndExpenses": 1238482000, "interestIncome": 0, "interestExpense": 17961000, "depreciationAndAmortization": 51252000, "ebitda": 299584000, "ebitdaratio": 0.2018343926, "operatingIncome": 245824000, "operatingIncomeRatio": 0.1656154459, "totalOtherIncomeExpensesNet": 281048000, "incomeBeforeTax": 526872000, "incomeBeforeTaxRatio": 0.3549618475, "incomeTaxExpense": 111823000, "netIncome": 415049000, "netIncomeRatio": 0.279624956, "eps": 5.36, "epsdiluted": 5.32, "weightedAverageShsOut": 77484000, "weightedAverageShsOutDil": 77968000, "link": "https://www.sec.gov/Archives/edgar/data/749251/000074925124000041/0000749251-24-000041-index.htm", "finalLink": "https://www.sec.gov/Archives/edgar/data/749251/000074925124000041/it-20240930.htm"}, {"date": "2024-06-30", "symbol": "IT", "reportedCurrency": "USD", "cik": "0000749251", "fillingDate": "2024-07-30", "acceptedDate": "2024-07-30 06:05:01", "calendarYear": "2024", "period": "Q2", "revenue": 1595060000, "costOfRevenue": 563848000, "grossProfit": 1031212000, "grossProfitRatio": 0.6465035798, "researchAndDevelopmentExpenses": 513314000, "generalAndAdministrativeExpenses": 0, "sellingAndMarketingExpenses": 0, "sellingGeneralAndAdministrativeExpenses": 723878000, "otherExpenses": 504000, "operatingExpenses": 723878000, "costAndExpenses": 1287726000, "interestIncome": 0, "interestExpense": 19990000, "depreciationAndAmortization": 66673000, "ebitda": 381090000, "ebitdaratio": 0.2389189121, "operatingIncome": 307334000, "operatingIncomeRatio": 0.1926786453, "totalOtherIncomeExpensesNet": -19486000, "incomeBeforeTax": 299297000, "incomeBeforeTaxRatio": 0.1876399634, "incomeTaxExpense": 69749000, "netIncome": 229548000, "netIncomeRatio": 0.1439118278, "eps": 2.95, "epsdiluted": 2.93, "weightedAverageShsOut": 77816000, "weightedAverageShsOutDil": 78288000, "link": "https://www.sec.gov/Archives/edgar/data/749251/000074925124000035/0000749251-24-000035-index.htm", "finalLink": "https://www.sec.gov/Archives/edgar/data/749251/000074925124000035/it-20240630.htm"}, {"date": "2024-03-31", "symbol": "IT", "reportedCurrency": "USD", "cik": "0000749251", "fillingDate": "2024-04-30", "acceptedDate": "2024-04-30 06:05:19", "calendarYear": "2024", "period": "Q1", "revenue": 1472926000, "costOfRevenue": 459441000, "grossProfit": 1013485000, "grossProfitRatio": 0.6880759794, "researchAndDevelopmentExpenses": 459441000, "generalAndAdministrativeExpenses": 0, "sellingAndMarketingExpenses": 0, "sellingGeneralAndAdministrativeExpenses": 689357000, "otherExpenses": 4891000, "operatingExpenses": 739209000, "costAndExpenses": 1198650000, "interestIncome": 14719000, "interestExpense": 19219000, "depreciationAndAmortization": 65335000, "ebitda": 324128000, "ebitdaratio": 0.2200572194, "operatingIncome": 274821000, "operatingIncomeRatio": 0.1865816748, "totalOtherIncomeExpensesNet": -14328000, "incomeBeforeTax": 259557000, "incomeBeforeTaxRatio": 0.1762186288, "incomeTaxExpense": 49012000, "netIncome": 210545000, "netIncomeRatio": 0.1429433658, "eps": 2.69, "epsdiluted": 2.67, "weightedAverageShsOut": 78339000, "weightedAverageShsOutDil": 78964000, "link": "https://www.sec.gov/Archives/edgar/data/749251/000074925124000024/0000749251-24-000024-index.htm", "finalLink": "https://www.sec.gov/Archives/edgar/data/749251/000074925124000024/it-20240331.htm"}, {"date": "2023-12-31", "symbol": "IT", "reportedCurrency": "USD", "cik": "0000749251", "fillingDate": "2024-02-15", "acceptedDate": "2024-02-15 16:34:58", "calendarYear": "2023", "period": "Q4", "revenue": 1586118000, "costOfRevenue": 529842000, "grossProfit": 1056276000, "grossProfitRatio": 0.6659504526, "researchAndDevelopmentExpenses": 47800000, "generalAndAdministrativeExpenses": 0, "sellingAndMarketingExpenses": 0, "sellingGeneralAndAdministrativeExpenses": 703025000, "otherExpenses": 0, "operatingExpenses": 754745000, "costAndExpenses": 1284587000, "interestIncome": 24277000, "interestExpense": 59003000, "depreciationAndAmortization": 66766000, "ebitda": 305451000, "ebitdaratio": 0.1925777275, "operatingIncome": 303928000, "operatingIncomeRatio": 0.1916175215, "totalOtherIncomeExpensesNet": -24159000, "incomeBeforeTax": 277254000, "incomeBeforeTaxRatio": 0.1748003616, "incomeTaxExpense": 68623000, "netIncome": 208631000, "netIncomeRatio": 0.1315356108, "eps": 2.66, "epsdiluted": 2.64, "weightedAverageShsOut": 78400000, "weightedAverageShsOutDil": 79000000, "link": "https://www.sec.gov/Archives/edgar/data/749251/000074925124000006/0000749251-24-000006-index.htm", "finalLink": "https://www.sec.gov/Archives/edgar/data/749251/000074925124000006/it-20231231.htm"}, {"date": "2023-09-30", "symbol": "IT", "reportedCurrency": "USD", "cik": "0000749251", "fillingDate": "2023-11-03", "acceptedDate": "2023-11-03 06:06:18", "calendarYear": "2023", "period": "Q3", "revenue": 1408784000, "costOfRevenue": 450841000, "grossProfit": 957943000, "grossProfitRatio": 0.6799786199, "researchAndDevelopmentExpenses": 450841000, "generalAndAdministrativeExpenses": 0, "sellingAndMarketingExpenses": 0, "sellingGeneralAndAdministrativeExpenses": 660227000, "otherExpenses": 1877000, "operatingExpenses": 714149000, "costAndExpenses": 1164990000, "interestIncome": 19320000, "interestExpense": 21820000, "depreciationAndAmortization": 48536000, "ebitda": 297716000, "ebitdaratio": 0.2113283513, "operatingIncome": 249180000, "operatingIncomeRatio": 0.1768759441, "totalOtherIncomeExpensesNet": -19943000, "incomeBeforeTax": 224474000, "incomeBeforeTaxRatio": 0.1593388341, "incomeTaxExpense": 44465000, "netIncome": 180009000, "netIncomeRatio": 0.1277761531, "eps": 2.28, "epsdiluted": 2.26, "weightedAverageShsOut": 78923000, "weightedAverageShsOutDil": 79520000, "link": "https://www.sec.gov/Archives/edgar/data/749251/000074925123000052/0000749251-23-000052-index.htm", "finalLink": "https://www.sec.gov/Archives/edgar/data/749251/000074925123000052/it-20230930.htm"}, {"date": "2023-06-30", "symbol": "IT", "reportedCurrency": "USD", "cik": "0000749251", "fillingDate": "2023-08-01", "acceptedDate": "2023-08-01 06:07:14", "calendarYear": "2023", "period": "Q2", "revenue": 1503185000, "costOfRevenue": 487418000, "grossProfit": 1015767000, "grossProfitRatio": 0.675743172, "researchAndDevelopmentExpenses": 487418000, "generalAndAdministrativeExpenses": 0, "sellingAndMarketingExpenses": 0, "sellingGeneralAndAdministrativeExpenses": 670168000, "otherExpenses": 5575000, "operatingExpenses": 733585000, "costAndExpenses": 1221003000, "interestIncome": 18058000, "interestExpense": 24558000, "depreciationAndAmortization": 64326000, "ebitda": 345566000, "ebitdaratio": 0.2298892019, "operatingIncome": 298986000, "operatingIncomeRatio": 0.1989016655, "totalOtherIncomeExpensesNet": -18983000, "incomeBeforeTax": 264124000, "incomeBeforeTaxRatio": 0.1757095767, "incomeTaxExpense": 66081000, "netIncome": 198043000, "netIncomeRatio": 0.1317489198, "eps": 2.5, "epsdiluted": 2.48, "weightedAverageShsOut": 79285000, "weightedAverageShsOutDil": 79820000, "link": "https://www.sec.gov/Archives/edgar/data/749251/000074925123000039/0000749251-23-000039-index.htm", "finalLink": "https://www.sec.gov/Archives/edgar/data/749251/000074925123000039/it-20230630.htm"}, {"date": "2023-03-31", "symbol": "IT", "reportedCurrency": "USD", "cik": "0000749251", "fillingDate": "2023-05-02", "acceptedDate": "2023-05-02 06:06:59", "calendarYear": "2023", "period": "Q1", "revenue": 1408869000, "costOfRevenue": 435139000, "grossProfit": 973730000, "grossProfitRatio": 0.6911430374, "researchAndDevelopmentExpenses": 0, "generalAndAdministrativeExpenses": 0, "sellingAndMarketingExpenses": 0, "sellingGeneralAndAdministrativeExpenses": 657090000, "otherExpenses": -91317000, "operatingExpenses": 565773000, "costAndExpenses": 1000912000, "interestIncome": 0, "interestExpense": 27391000, "depreciationAndAmortization": 46631000, "ebitda": 455299000, "ebitdaratio": 0.3231663128, "operatingIncome": 407957000, "operatingIncomeRatio": 0.2895634725, "totalOtherIncomeExpensesNet": -26680000, "incomeBeforeTax": 381277000, "incomeBeforeTaxRatio": 0.2706262967, "incomeTaxExpense": 85494000, "netIncome": 295783000, "netIncomeRatio": 0.2099435789, "eps": 3.72, "epsdiluted": 3.68, "weightedAverageShsOut": 79500000, "weightedAverageShsOutDil": 80300000, "link": "https://www.sec.gov/Archives/edgar/data/749251/000074925123000021/0000749251-23-000021-index.htm", "finalLink": "https://www.sec.gov/Archives/edgar/data/749251/000074925123000021/it-20230331.htm"}, {"date": "2022-12-31", "symbol": "IT", "reportedCurrency": "USD", "cik": "0000749251", "fillingDate": "2023-02-16", "acceptedDate": "2023-02-16 16:35:48", "calendarYear": "2022", "period": "Q4", "revenue": 1504700000, "costOfRevenue": 475400000, "grossProfit": 1029300000, "grossProfitRatio": 0.6840566226, "researchAndDevelopmentExpenses": 1269236000, "generalAndAdministrativeExpenses": 0, "sellingAndMarketingExpenses": 0, "sellingGeneralAndAdministrativeExpenses": 645000000, "otherExpenses": -1220536000, "operatingExpenses": 693700000, "costAndExpenses": 1169100000, "interestIncome": 4880000, "interestExpense": 29900000, "depreciationAndAmortization": 66100000, "ebitda": 387609000, "ebitdaratio": 0.2575988569, "operatingIncome": 332300000, "operatingIncomeRatio": 0.2208413637, "totalOtherIncomeExpensesNet": -28196000, "incomeBeforeTax": 304100000, "incomeBeforeTaxRatio": 0.2021000864, "incomeTaxExpense": 47300000, "netIncome": 256814000, "netIncomeRatio": 0.1706745531, "eps": 3.24, "epsdiluted": 3.21, "weightedAverageShsOut": 79200000, "weightedAverageShsOutDil": 80100000, "link": "https://www.sec.gov/Archives/edgar/data/749251/000074925123000006/0000749251-23-000006-index.htm", "finalLink": "https://www.sec.gov/Archives/edgar/data/749251/000074925123000006/it-20221231.htm"}, {"date": "2022-09-30", "symbol": "IT", "reportedCurrency": "USD", "cik": "0000749251", "fillingDate": "2022-11-01", "acceptedDate": "2022-11-01 06:08:02", "calendarYear": "2022", "period": "Q3", "revenue": 1331868000, "costOfRevenue": 416837000, "grossProfit": 915031000, "grossProfitRatio": 0.6870282941, "researchAndDevelopmentExpenses": 416837000, "generalAndAdministrativeExpenses": 0, "sellingAndMarketingExpenses": 0, "sellingGeneralAndAdministrativeExpenses": 613031000, "otherExpenses": -369586000, "operatingExpenses": 660282000, "costAndExpenses": 1077119000, "interestIncome": 19086000, "interestExpense": 30286000, "depreciationAndAmortization": 64571000, "ebitda": 320439000, "ebitdaratio": 0.2405936624, "operatingIncome": 253418000, "operatingIncomeRatio": 0.1902726096, "totalOtherIncomeExpensesNet": -21356000, "incomeBeforeTax": 232062000, "incomeBeforeTaxRatio": 0.1742379875, "incomeTaxExpense": 58517000, "netIncome": 173545000, "netIncomeRatio": 0.1303019518, "eps": 2.19, "epsdiluted": 2.17, "weightedAverageShsOut": 79259000, "weightedAverageShsOutDil": 80059000, "link": "https://www.sec.gov/Archives/edgar/data/749251/000074925122000035/0000749251-22-000035-index.htm", "finalLink": "https://www.sec.gov/Archives/edgar/data/749251/000074925122000035/it-20220930.htm"}, {"date": "2022-06-30", "symbol": "IT", "reportedCurrency": "USD", "cik": "0000749251", "fillingDate": "2022-08-02", "acceptedDate": "2022-08-02 06:10:37", "calendarYear": "2022", "period": "Q2", "revenue": 1376500000, "costOfRevenue": 424500000, "grossProfit": 952000000, "grossProfitRatio": 0.6916091537, "researchAndDevelopmentExpenses": 424535000, "generalAndAdministrativeExpenses": 0, "sellingAndMarketingExpenses": 0, "sellingGeneralAndAdministrativeExpenses": 604900000, "otherExpenses": -376835000, "operatingExpenses": 652600000, "costAndExpenses": 1077100000, "interestIncome": 0, "interestExpense": 29700000, "depreciationAndAmortization": 65079000, "ebitda": 358675000, "ebitdaratio": 0.260570287, "operatingIncome": 297100000, "operatingIncomeRatio": 0.2158372684, "totalOtherIncomeExpensesNet": -21171000, "incomeBeforeTax": 275900000, "incomeBeforeTaxRatio": 0.2004358881, "incomeTaxExpense": 71000000, "netIncome": 204900000, "netIncomeRatio": 0.1488557937, "eps": 2.55, "epsdiluted": 2.53, "weightedAverageShsOut": 80271000, "weightedAverageShsOutDil": 81000000, "link": "https://www.sec.gov/Archives/edgar/data/749251/000074925122000029/0000749251-22-000029-index.htm", "finalLink": "https://www.sec.gov/Archives/edgar/data/749251/000074925122000029/it-20220630.htm"}, {"date": "2022-03-31", "symbol": "IT", "reportedCurrency": "USD", "cik": "0000749251", "fillingDate": "2022-05-03", "acceptedDate": "2022-05-03 06:07:52", "calendarYear": "2022", "period": "Q1", "revenue": 1262740000, "costOfRevenue": 377033000, "grossProfit": 885707000, "grossProfitRatio": 0.7014167604, "researchAndDevelopmentExpenses": 377033000, "generalAndAdministrativeExpenses": 0, "sellingAndMarketingExpenses": 0, "sellingGeneralAndAdministrativeExpenses": 617904000, "otherExpenses": 48349000, "operatingExpenses": 666253000, "costAndExpenses": 1043286000, "interestIncome": 0, "interestExpense": 31394000, "depreciationAndAmortization": 66300000, "ebitda": 305587000, "ebitdaratio": 0.2420031044, "operatingIncome": 217247000, "operatingIncomeRatio": 0.1720441263, "totalOtherIncomeExpensesNet": -2188000, "incomeBeforeTax": 215059000, "incomeBeforeTaxRatio": 0.1703113864, "incomeTaxExpense": 42544000, "netIncome": 172515000, "netIncomeRatio": 0.1366195733, "eps": 2.1, "epsdiluted": 2.08, "weightedAverageShsOut": 82020000, "weightedAverageShsOutDil": 82973000, "link": "https://www.sec.gov/Archives/edgar/data/749251/000074925122000018/0000749251-22-000018-index.htm", "finalLink": "https://www.sec.gov/Archives/edgar/data/749251/000074925122000018/it-20220331.htm"}, {"date": "2021-12-31", "symbol": "IT", "reportedCurrency": "USD", "cik": "0000749251", "fillingDate": "2022-02-23", "acceptedDate": "2022-02-23 16:37:11", "calendarYear": "2021", "period": "Q4", "revenue": 1306300000, "costOfRevenue": 399600000, "grossProfit": 906700000, "grossProfitRatio": 0.6940978336, "researchAndDevelopmentExpenses": 34600000, "generalAndAdministrativeExpenses": 0, "sellingAndMarketingExpenses": 0, "sellingGeneralAndAdministrativeExpenses": 667400000, "otherExpenses": 6400000, "operatingExpenses": 719000000, "costAndExpenses": 1118600000, "interestIncome": 1893000, "interestExpense": 31500000, "depreciationAndAmortization": 70563000, "ebitda": 282097000, "ebitdaratio": 0.2159511598, "operatingIncome": 185400000, "operatingIncomeRatio": 0.1419275817, "totalOtherIncomeExpensesNet": -8307000, "incomeBeforeTax": 177100000, "incomeBeforeTaxRatio": 0.1355737579, "incomeTaxExpense": -32300000, "netIncome": 209400000, "netIncomeRatio": 0.1603000842, "eps": 2.54, "epsdiluted": 2.5, "weightedAverageShsOut": 82500000, "weightedAverageShsOutDil": 83800000, "link": "https://www.sec.gov/Archives/edgar/data/749251/000074925122000006/0000749251-22-000006-index.htm", "finalLink": "https://www.sec.gov/Archives/edgar/data/749251/000074925122000006/it-20211231.htm"}, {"date": "2021-09-30", "symbol": "IT", "reportedCurrency": "USD", "cik": "0000749251", "fillingDate": "2021-11-02", "acceptedDate": "2021-11-02 06:10:19", "calendarYear": "2021", "period": "Q3", "revenue": 1156300000, "costOfRevenue": 359200000, "grossProfit": 797100000, "grossProfitRatio": 0.6893539739, "researchAndDevelopmentExpenses": 359237000, "generalAndAdministrativeExpenses": 0, "sellingAndMarketingExpenses": 0, "sellingGeneralAndAdministrativeExpenses": 512600000, "otherExpenses": 200000, "operatingExpenses": 565100000, "costAndExpenses": 924300000, "interestIncome": 0, "interestExpense": 31600000, "depreciationAndAmortization": 71381000, "ebitda": 294433000, "ebitdaratio": 0.2546337456, "operatingIncome": 230200000, "operatingIncomeRatio": 0.1990832829, "totalOtherIncomeExpensesNet": -31388000, "incomeBeforeTax": 198800000, "incomeBeforeTaxRatio": 0.1719277004, "incomeTaxExpense": 50000000, "netIncome": 148800000, "netIncomeRatio": 0.1286863271, "eps": 1.78, "epsdiluted": 1.76, "weightedAverageShsOut": 83566000, "weightedAverageShsOutDil": 84766000, "link": "https://www.sec.gov/Archives/edgar/data/749251/000074925121000038/0000749251-21-000038-index.htm", "finalLink": "https://www.sec.gov/Archives/edgar/data/749251/000074925121000038/it-20210930.htm"}, {"date": "2021-06-30", "symbol": "IT", "reportedCurrency": "USD", "cik": "0000749251", "fillingDate": "2021-08-03", "acceptedDate": "2021-08-03 06:10:08", "calendarYear": "2021", "period": "Q2", "revenue": 1167319000, "costOfRevenue": 350802000, "grossProfit": 816517000, "grossProfitRatio": 0.6994806047, "researchAndDevelopmentExpenses": 350802000, "generalAndAdministrativeExpenses": 0, "sellingAndMarketingExpenses": 0, "sellingGeneralAndAdministrativeExpenses": 488496000, "otherExpenses": -3682000, "operatingExpenses": 540501000, "costAndExpenses": 891303000, "interestIncome": 0, "interestExpense": 27390000, "depreciationAndAmortization": 70691000, "ebitda": 469985000, "ebitdaratio": 0.4026191641, "operatingIncome": 274714000, "operatingIncomeRatio": 0.2353375555, "totalOtherIncomeExpensesNet": 104473000, "incomeBeforeTax": 379187000, "incomeBeforeTaxRatio": 0.324835799, "incomeTaxExpense": 107951000, "netIncome": 271236000, "netIncomeRatio": 0.2323580786, "eps": 3.16, "epsdiluted": 3.13, "weightedAverageShsOut": 85712000, "weightedAverageShsOutDil": 86589000, "link": "https://www.sec.gov/Archives/edgar/data/749251/000074925121000030/0000749251-21-000030-index.htm", "finalLink": "https://www.sec.gov/Archives/edgar/data/749251/000074925121000030/it-20210630.htm"}, {"date": "2021-03-31", "symbol": "IT", "reportedCurrency": "USD", "cik": "0000749251", "fillingDate": "2021-05-04", "acceptedDate": "2021-05-04 06:07:17", "calendarYear": "2021", "period": "Q1", "revenue": 1104038000, "costOfRevenue": 334467000, "grossProfit": 769571000, "grossProfitRatio": 0.6970511885, "researchAndDevelopmentExpenses": 334467000, "generalAndAdministrativeExpenses": 0, "sellingAndMarketingExpenses": 0, "sellingGeneralAndAdministrativeExpenses": 487255000, "otherExpenses": 15490000, "operatingExpenses": 543519000, "costAndExpenses": 877986000, "interestIncome": 0, "interestExpense": 26149000, "depreciationAndAmortization": 74839000, "ebitda": 308709000, "ebitdaratio": 0.2796180929, "operatingIncome": 225412000, "operatingIncomeRatio": 0.2041705086, "totalOtherIncomeExpensesNet": -10659000, "incomeBeforeTax": 214753000, "incomeBeforeTaxRatio": 0.1945159496, "incomeTaxExpense": 50653000, "netIncome": 164100000, "netIncomeRatio": 0.1486361882, "eps": 1.86, "epsdiluted": 1.84, "weightedAverageShsOut": 88352000, "weightedAverageShsOutDil": 89139000, "link": "https://www.sec.gov/Archives/edgar/data/749251/000074925121000016/0000749251-21-000016-index.htm", "finalLink": "https://www.sec.gov/Archives/edgar/data/749251/000074925121000016/it-20210331.htm"}, {"date": "2020-12-31", "symbol": "IT", "reportedCurrency": "USD", "cik": "0000749251", "fillingDate": "2021-02-24", "acceptedDate": "2021-02-24 16:38:34", "calendarYear": "2020", "period": "Q4", "revenue": 1112800000, "costOfRevenue": 351500000, "grossProfit": 761300000, "grossProfitRatio": 0.6841301222, "researchAndDevelopmentExpenses": 28900000, "generalAndAdministrativeExpenses": 496639000, "sellingAndMarketingExpenses": 29461000, "sellingGeneralAndAdministrativeExpenses": 526100000, "otherExpenses": 4400000, "operatingExpenses": 582400000, "costAndExpenses": 933900000, "interestIncome": 33000, "interestExpense": 26400000, "depreciationAndAmortization": 56300000, "ebitda": 240990000, "ebitdaratio": 0.216561826, "operatingIncome": 178100000, "operatingIncomeRatio": 0.160046729, "totalOtherIncomeExpensesNet": -21975000, "incomeBeforeTax": 156100000, "incomeBeforeTaxRatio": 0.1402767793, "incomeTaxExpense": 36500000, "netIncome": 119600000, "netIncomeRatio": 0.1074766355, "eps": 1.34, "epsdiluted": 1.33, "weightedAverageShsOut": 89339000, "weightedAverageShsOutDil": 90081000, "link": "https://www.sec.gov/Archives/edgar/data/749251/000074925121000010/0000749251-21-000010-index.htm", "finalLink": "https://www.sec.gov/Archives/edgar/data/749251/000074925121000010/it-20201231.htm"}, {"date": "2020-09-30", "symbol": "IT", "reportedCurrency": "USD", "cik": "0000749251", "fillingDate": "2020-11-03", "acceptedDate": "2020-11-03 06:07:24", "calendarYear": "2020", "period": "Q3", "revenue": 994618000, "costOfRevenue": 329767000, "grossProfit": 664851000, "grossProfitRatio": 0.6684485903, "researchAndDevelopmentExpenses": 329767000, "generalAndAdministrativeExpenses": 0, "sellingAndMarketingExpenses": 0, "sellingGeneralAndAdministrativeExpenses": 521508000, "otherExpenses": 1869000, "operatingExpenses": 575479000, "costAndExpenses": 905246000, "interestIncome": 0, "interestExpense": 30538000, "depreciationAndAmortization": 53971000, "ebitda": 143343000, "ebitdaratio": 0.1441186466, "operatingIncome": 87650000, "operatingIncomeRatio": 0.0881242849, "totalOtherIncomeExpensesNet": -73483000, "incomeBeforeTax": 14167000, "incomeBeforeTaxRatio": 0.0142436594, "incomeTaxExpense": -2797000, "netIncome": 16964000, "netIncomeRatio": 0.0170557943, "eps": 0.19, "epsdiluted": 0.19, "weightedAverageShsOut": 89378000, "weightedAverageShsOutDil": 89955000, "link": "https://www.sec.gov/Archives/edgar/data/749251/000074925120000034/0000749251-20-000034-index.htm", "finalLink": "https://www.sec.gov/Archives/edgar/data/749251/000074925120000034/it-20200930.htm"}, {"date": "2020-06-30", "symbol": "IT", "reportedCurrency": "USD", "cik": "0000749251", "fillingDate": "2020-08-04", "acceptedDate": "2020-08-04 06:58:57", "calendarYear": "2020", "period": "Q2", "revenue": 973135000, "costOfRevenue": 322551000, "grossProfit": 650584000, "grossProfitRatio": 0.6685444466, "researchAndDevelopmentExpenses": 322551000, "generalAndAdministrativeExpenses": 0, "sellingAndMarketingExpenses": 0, "sellingGeneralAndAdministrativeExpenses": 494840000, "otherExpenses": -10399000, "operatingExpenses": 548776000, "costAndExpenses": 871327000, "interestIncome": 0, "interestExpense": 30296000, "depreciationAndAmortization": 53936000, "ebitda": 155744000, "ebitdaratio": 0.1600435705, "operatingIncome": 99651000, "operatingIncomeRatio": 0.1024020306, "totalOtherIncomeExpensesNet": -40695000, "incomeBeforeTax": 58956000, "incomeBeforeTaxRatio": 0.0605835778, "incomeTaxExpense": 3879000, "netIncome": 55077000, "netIncomeRatio": 0.0565974916, "eps": 0.62, "epsdiluted": 0.61, "weightedAverageShsOut": 89323000, "weightedAverageShsOutDil": 89780000, "link": "https://www.sec.gov/Archives/edgar/data/749251/000074925120000026/0000749251-20-000026-index.htm", "finalLink": "https://www.sec.gov/Archives/edgar/data/749251/000074925120000026/it-20200630.htm"}, {"date": "2020-03-31", "symbol": "IT", "reportedCurrency": "USD", "cik": "0000749251", "fillingDate": "2020-05-07", "acceptedDate": "2020-05-07 06:17:49", "calendarYear": "2020", "period": "Q1", "revenue": 1018891000, "costOfRevenue": 341278000, "grossProfit": 677613000, "grossProfitRatio": 0.665049549, "researchAndDevelopmentExpenses": 341278000, "generalAndAdministrativeExpenses": 496639000, "sellingAndMarketingExpenses": 0, "sellingGeneralAndAdministrativeExpenses": 496639000, "otherExpenses": -1515000, "operatingExpenses": 551335000, "costAndExpenses": 892613000, "interestIncome": 0, "interestExpense": 26349000, "depreciationAndAmortization": 54696000, "ebitda": 180974000, "ebitdaratio": 0.1776186069, "operatingIncome": 124718000, "operatingIncomeRatio": 0.1224056351, "totalOtherIncomeExpensesNet": -27864000, "incomeBeforeTax": 96854000, "incomeBeforeTaxRatio": 0.0950582545, "incomeTaxExpense": 21757000, "netIncome": 75097000, "netIncomeRatio": 0.0737046455, "eps": 0.84, "epsdiluted": 0.83, "weightedAverageShsOut": 89219000, "weightedAverageShsOutDil": 90066000, "link": "https://www.sec.gov/Archives/edgar/data/749251/000074925120000015/0000749251-20-000015-index.htm", "finalLink": "https://www.sec.gov/Archives/edgar/data/749251/000074925120000015/it-20200331.htm"}, {"date": "2019-12-31", "symbol": "IT", "reportedCurrency": "USD", "cik": "0000749251", "fillingDate": "2020-02-19", "acceptedDate": "2020-02-19 16:53:40", "calendarYear": "2019", "period": "Q4", "revenue": 1203493000, "costOfRevenue": 450868000, "grossProfit": 752625000, "grossProfitRatio": 0.6253671604, "researchAndDevelopmentExpenses": 20000000, "generalAndAdministrativeExpenses": 557519000, "sellingAndMarketingExpenses": 0, "sellingGeneralAndAdministrativeExpenses": 557519000, "otherExpenses": 579000, "operatingExpenses": 611179000, "costAndExpenses": 1062047000, "interestIncome": 0, "interestExpense": 26136000, "depreciationAndAmortization": 53660000, "ebitda": 193404000, "ebitdaratio": 0.1607022226, "operatingIncome": 136139000, "operatingIncomeRatio": 0.1131198935, "totalOtherIncomeExpensesNet": -25557000, "incomeBeforeTax": 110582000, "incomeBeforeTaxRatio": 0.0918842071, "incomeTaxExpense": 42881000, "netIncome": 67701000, "netIncomeRatio": 0.0562537547, "eps": 0.76, "epsdiluted": 0.75, "weightedAverageShsOut": 89428000, "weightedAverageShsOutDil": 90561000, "link": "https://www.sec.gov/Archives/edgar/data/749251/000074925120000008/0000749251-20-000008-index.htm", "finalLink": "https://www.sec.gov/Archives/edgar/data/749251/000074925120000008/it-12312019x10k.htm"}, {"date": "2019-09-30", "symbol": "IT", "reportedCurrency": "USD", "cik": "0000749251", "fillingDate": "2019-10-31", "acceptedDate": "2019-10-31 06:31:26", "calendarYear": "2019", "period": "Q3", "revenue": 1000502000, "costOfRevenue": 365056000, "grossProfit": 635446000, "grossProfitRatio": 0.6351271662, "researchAndDevelopmentExpenses": 365056000, "generalAndAdministrativeExpenses": 512159000, "sellingAndMarketingExpenses": 0, "sellingGeneralAndAdministrativeExpenses": 512159000, "otherExpenses": 8024000, "operatingExpenses": 564557000, "costAndExpenses": 929613000, "interestIncome": 0, "interestExpense": 24073000, "depreciationAndAmortization": 73534000, "ebitda": 152209000, "ebitdaratio": 0.1521326294, "operatingIncome": 69147000, "operatingIncomeRatio": 0.0691123056, "totalOtherIncomeExpensesNet": -16049000, "incomeBeforeTax": 53098000, "incomeBeforeTaxRatio": 0.0530713582, "incomeTaxExpense": 11710000, "netIncome": 41388000, "netIncomeRatio": 0.0413672336, "eps": 0.46, "epsdiluted": 0.46, "weightedAverageShsOut": 89846000, "weightedAverageShsOutDil": 90887000, "link": "https://www.sec.gov/Archives/edgar/data/749251/000074925119000025/0000749251-19-000025-index.htm", "finalLink": "https://www.sec.gov/Archives/edgar/data/749251/000074925119000025/it-09302019x10q.htm"}, {"date": "2019-06-30", "symbol": "IT", "reportedCurrency": "USD", "cik": "0000749251", "fillingDate": "2019-07-30", "acceptedDate": "2019-07-30 06:12:55", "calendarYear": "2019", "period": "Q2", "revenue": 1070882000, "costOfRevenue": 387999000, "grossProfit": 682883000, "grossProfitRatio": 0.6376827699, "researchAndDevelopmentExpenses": 387999000, "generalAndAdministrativeExpenses": 514976000, "sellingAndMarketingExpenses": 0, "sellingGeneralAndAdministrativeExpenses": 514976000, "otherExpenses": -247000, "operatingExpenses": 567239000, "costAndExpenses": 955238000, "interestIncome": 0, "interestExpense": 24749000, "depreciationAndAmortization": 73880000, "ebitda": 191875000, "ebitdaratio": 0.1791747363, "operatingIncome": 116002000, "operatingIncomeRatio": 0.1083237929, "totalOtherIncomeExpensesNet": -24996000, "incomeBeforeTax": 91006000, "incomeBeforeTaxRatio": 0.0849822856, "incomeTaxExpense": -12400000, "netIncome": 103406000, "netIncomeRatio": 0.0965615259, "eps": 1.15, "epsdiluted": 1.13, "weightedAverageShsOut": 90112000, "weightedAverageShsOutDil": 91188000, "link": "https://www.sec.gov/Archives/edgar/data/749251/000074925119000015/0000749251-19-000015-index.htm", "finalLink": "https://www.sec.gov/Archives/edgar/data/749251/000074925119000015/it-06302019x10q.htm"}, {"date": "2019-03-31", "symbol": "IT", "reportedCurrency": "USD", "cik": "0000749251", "fillingDate": "2019-05-07", "acceptedDate": "2019-05-07 06:07:50", "calendarYear": "2019", "period": "Q1", "revenue": 970444000, "costOfRevenue": 346645000, "grossProfit": 623799000, "grossProfitRatio": 0.6427975236, "researchAndDevelopmentExpenses": 346645000, "generalAndAdministrativeExpenses": 518770000, "sellingAndMarketingExpenses": 0, "sellingGeneralAndAdministrativeExpenses": 518770000, "otherExpenses": -824000, "operatingExpenses": 572228000, "costAndExpenses": 918873000, "interestIncome": 0, "interestExpense": 24847000, "depreciationAndAmortization": 74397000, "ebitda": 122568000, "ebitdaratio": 0.1263009509, "operatingIncome": 48799000, "operatingIncomeRatio": 0.0502852303, "totalOtherIncomeExpensesNet": -27746000, "incomeBeforeTax": 21053000, "incomeBeforeTaxRatio": 0.0216941936, "incomeTaxExpense": 258000, "netIncome": 20795000, "netIncomeRatio": 0.0214283359, "eps": 0.23, "epsdiluted": 0.23, "weightedAverageShsOut": 89882000, "weightedAverageShsOutDil": 91004000, "link": "https://www.sec.gov/Archives/edgar/data/749251/000074925119000009/0000749251-19-000009-index.htm", "finalLink": "https://www.sec.gov/Archives/edgar/data/749251/000074925119000009/a03312019-10q.htm"}, {"date": "2018-12-31", "symbol": "IT", "reportedCurrency": "USD", "cik": "0000749251", "fillingDate": "2019-02-22", "acceptedDate": "2019-02-22 16:31:53", "calendarYear": "2018", "period": "Q4", "revenue": 1088878000, "costOfRevenue": 407842000, "grossProfit": 681036000, "grossProfitRatio": 0.625447479, "researchAndDevelopmentExpenses": 13200000, "generalAndAdministrativeExpenses": 488056000, "sellingAndMarketingExpenses": 0, "sellingGeneralAndAdministrativeExpenses": 488056000, "otherExpenses": -1026000, "operatingExpenses": 540576000, "costAndExpenses": 948418000, "interestIncome": 0, "interestExpense": 24561000, "depreciationAndAmortization": 52520000, "ebitda": 188479000, "ebitdaratio": 0.1730946901, "operatingIncome": 129606000, "operatingIncomeRatio": 0.1190271086, "totalOtherIncomeExpensesNet": -18640000, "incomeBeforeTax": 110966000, "incomeBeforeTaxRatio": 0.1019085701, "incomeTaxExpense": 26946000, "netIncome": 84020000, "netIncomeRatio": 0.0771619961, "eps": 0.93, "epsdiluted": 0.92, "weightedAverageShsOut": 90400000, "weightedAverageShsOutDil": 91701000, "link": "https://www.sec.gov/Archives/edgar/data/749251/000074925119000005/0000749251-19-000005-index.htm", "finalLink": "https://www.sec.gov/Archives/edgar/data/749251/000074925119000005/it-12312018x10k.htm"}, {"date": "2018-09-30", "symbol": "IT", "reportedCurrency": "USD", "cik": "0000749251", "fillingDate": "2018-11-01", "acceptedDate": "2018-11-01 06:08:07", "calendarYear": "2018", "period": "Q3", "revenue": 921674000, "costOfRevenue": 336112000, "grossProfit": 585562000, "grossProfitRatio": 0.6353244206, "researchAndDevelopmentExpenses": 336112000, "generalAndAdministrativeExpenses": 447537000, "sellingAndMarketingExpenses": 0, "sellingGeneralAndAdministrativeExpenses": 447537000, "otherExpenses": -827000, "operatingExpenses": 515724000, "costAndExpenses": 851836000, "interestIncome": 0, "interestExpense": 26984000, "depreciationAndAmortization": 68187000, "ebitda": 138025000, "ebitdaratio": 0.1497546855, "operatingIncome": 52724000, "operatingIncomeRatio": 0.0572046081, "totalOtherIncomeExpensesNet": -14771000, "incomeBeforeTax": 37953000, "incomeBeforeTaxRatio": 0.0411783342, "incomeTaxExpense": 26200000, "netIncome": 11753000, "netIncomeRatio": 0.0127517973, "eps": 0.13, "epsdiluted": 0.13, "weightedAverageShsOut": 90854000, "weightedAverageShsOutDil": 92148000, "link": "https://www.sec.gov/Archives/edgar/data/749251/000074925118000017/0000749251-18-000017-index.htm", "finalLink": "https://www.sec.gov/Archives/edgar/data/749251/000074925118000017/a09302018-10q.htm"}, {"date": "2018-06-30", "symbol": "IT", "reportedCurrency": "USD", "cik": "0000749251", "fillingDate": "2018-08-01", "acceptedDate": "2018-08-01 06:07:21", "calendarYear": "2018", "period": "Q2", "revenue": 1001336000, "costOfRevenue": 367637000, "grossProfit": 633699000, "grossProfitRatio": 0.6328535077, "researchAndDevelopmentExpenses": 367637000, "generalAndAdministrativeExpenses": 460803000, "sellingAndMarketingExpenses": 0, "sellingGeneralAndAdministrativeExpenses": 460803000, "otherExpenses": 1120000, "operatingExpenses": 527641000, "costAndExpenses": 895278000, "interestIncome": 0, "interestExpense": 37604000, "depreciationAndAmortization": 66838000, "ebitda": 172896000, "ebitdaratio": 0.1726653191, "operatingIncome": 86096000, "operatingIncomeRatio": 0.0859811292, "totalOtherIncomeExpensesNet": -11024000, "incomeBeforeTax": 75072000, "incomeBeforeTaxRatio": 0.0749718376, "incomeTaxExpense": 28802000, "netIncome": 46270000, "netIncomeRatio": 0.0462082658, "eps": 0.51, "epsdiluted": 0.5, "weightedAverageShsOut": 91048000, "weightedAverageShsOutDil": 92156000, "link": "https://www.sec.gov/Archives/edgar/data/749251/000074925118000013/0000749251-18-000013-index.htm", "finalLink": "https://www.sec.gov/Archives/edgar/data/749251/000074925118000013/a06302018-10q.htm"}, {"date": "2018-03-31", "symbol": "IT", "reportedCurrency": "USD", "cik": "0000749251", "fillingDate": "2018-05-08", "acceptedDate": "2018-05-08 06:06:50", "calendarYear": "2018", "period": "Q1", "revenue": 963565000, "costOfRevenue": 357209000, "grossProfit": 606356000, "grossProfitRatio": 0.6292839611, "researchAndDevelopmentExpenses": 357209000, "generalAndAdministrativeExpenses": 487745000, "sellingAndMarketingExpenses": 0, "sellingGeneralAndAdministrativeExpenses": 487745000, "otherExpenses": 899000, "operatingExpenses": 555801000, "costAndExpenses": 913010000, "interestIncome": 0, "interestExpense": 35059000, "depreciationAndAmortization": 68056000, "ebitda": 59299000, "ebitdaratio": 0.0615412556, "operatingIncome": -8711000, "operatingIncomeRatio": -0.0090403865, "totalOtherIncomeExpensesNet": -34160000, "incomeBeforeTax": -42871000, "incomeBeforeTaxRatio": -0.0444920685, "incomeTaxExpense": -23284000, "netIncome": -19587000, "netIncomeRatio": -0.0203276375, "eps": -0.22, "epsdiluted": -0.22, "weightedAverageShsOut": 89031818, "weightedAverageShsOutDil": 91005000, "link": "https://www.sec.gov/Archives/edgar/data/749251/000074925118000008/0000749251-18-000008-index.htm", "finalLink": "https://www.sec.gov/Archives/edgar/data/749251/000074925118000008/a03312018-10q.htm"}, {"date": "2017-12-31", "symbol": "IT", "reportedCurrency": "USD", "cik": "0000749251", "fillingDate": "2018-02-22", "acceptedDate": "2018-02-22 16:07:49", "calendarYear": "2017", "period": "Q4", "revenue": 1014509000, "costOfRevenue": 398378000, "grossProfit": 616131000, "grossProfitRatio": 0.6073194028, "researchAndDevelopmentExpenses": 9900000, "generalAndAdministrativeExpenses": 465371000, "sellingAndMarketingExpenses": 0, "sellingGeneralAndAdministrativeExpenses": 465371000, "otherExpenses": 1795000, "operatingExpenses": 536891000, "costAndExpenses": 935269000, "interestIncome": 0, "interestExpense": 36312000, "depreciationAndAmortization": 71520000, "ebitda": 132301000, "ebitdaratio": 0.1304088973, "operatingIncome": 62894000, "operatingIncomeRatio": 0.0619945215, "totalOtherIncomeExpensesNet": -34517000, "incomeBeforeTax": 28377000, "incomeBeforeTaxRatio": 0.0279711663, "incomeTaxExpense": -78930000, "netIncome": 107307000, "netIncomeRatio": 0.105772349, "eps": 1.18, "epsdiluted": 1.16, "weightedAverageShsOut": 90785000, "weightedAverageShsOutDil": 92152000, "link": "https://www.sec.gov/Archives/edgar/data/749251/000074925118000004/0000749251-18-000004-index.htm", "finalLink": "https://www.sec.gov/Archives/edgar/data/749251/000074925118000004/it-12312017x10k.htm"}, {"date": "2017-09-30", "symbol": "IT", "reportedCurrency": "USD", "cik": "0000749251", "fillingDate": "2017-11-02", "acceptedDate": "2017-11-02 06:06:52", "calendarYear": "2017", "period": "Q3", "revenue": 828085000, "costOfRevenue": 332207000, "grossProfit": 495878000, "grossProfitRatio": 0.5988249998, "researchAndDevelopmentExpenses": 332207000, "generalAndAdministrativeExpenses": 421163000, "sellingAndMarketingExpenses": 0, "sellingGeneralAndAdministrativeExpenses": 421163000, "otherExpenses": 1171000, "operatingExpenses": 489727000, "costAndExpenses": 821934000, "interestIncome": 0, "interestExpense": 38762000, "depreciationAndAmortization": 68564000, "ebitda": 41939000, "ebitdaratio": 0.050645767, "operatingIncome": -24349000, "operatingIncomeRatio": -0.0294039863, "totalOtherIncomeExpensesNet": -37591000, "incomeBeforeTax": -61940000, "incomeBeforeTaxRatio": -0.0747990846, "incomeTaxExpense": -13760000, "netIncome": -48180000, "netIncomeRatio": -0.058182433, "eps": -0.53, "epsdiluted": -0.53, "weightedAverageShsOut": 90624000, "weightedAverageShsOutDil": 90624000, "link": "https://www.sec.gov/Archives/edgar/data/749251/000074925117000019/0000749251-17-000019-index.htm", "finalLink": "https://www.sec.gov/Archives/edgar/data/749251/000074925117000019/it-09302017x10q.htm"}, {"date": "2017-06-30", "symbol": "IT", "reportedCurrency": "USD", "cik": "0000749251", "fillingDate": "2017-08-08", "acceptedDate": "2017-08-08 06:11:27", "calendarYear": "2017", "period": "Q2", "revenue": 843731000, "costOfRevenue": 352004000, "grossProfit": 491727000, "grossProfitRatio": 0.5828006794, "researchAndDevelopmentExpenses": 352004000, "generalAndAdministrativeExpenses": 408226000, "sellingAndMarketingExpenses": 0, "sellingGeneralAndAdministrativeExpenses": 408226000, "otherExpenses": -407000, "operatingExpenses": 491783000, "costAndExpenses": 843787000, "interestIncome": 0, "interestExpense": 43956000, "depreciationAndAmortization": 83557000, "ebitda": -18967000, "ebitdaratio": -0.0224799136, "operatingIncome": -98388000, "operatingIncomeRatio": -0.1166106259, "totalOtherIncomeExpensesNet": -44363000, "incomeBeforeTax": -142751000, "incomeBeforeTaxRatio": -0.1691901803, "incomeTaxExpense": -50470000, "netIncome": -92281000, "netIncomeRatio": -0.109372537, "eps": -1.03, "epsdiluted": -1.03, "weightedAverageShsOut": 89297000, "weightedAverageShsOutDil": 89297000, "link": "https://www.sec.gov/Archives/edgar/data/749251/000074925117000015/0000749251-17-000015-index.htm", "finalLink": "https://www.sec.gov/Archives/edgar/data/749251/000074925117000015/it-06302017x10q.htm"}, {"date": "2017-03-31", "symbol": "IT", "reportedCurrency": "USD", "cik": "0000749251", "fillingDate": "2017-05-04", "acceptedDate": "2017-05-04 06:04:01", "calendarYear": "2017", "period": "Q1", "revenue": 625169000, "costOfRevenue": 237609000, "grossProfit": 387560000, "grossProfitRatio": 0.6199283714, "researchAndDevelopmentExpenses": 237609000, "generalAndAdministrativeExpenses": 304244000, "sellingAndMarketingExpenses": 0, "sellingGeneralAndAdministrativeExpenses": 304244000, "otherExpenses": 889000, "operatingExpenses": 320774000, "costAndExpenses": 558383000, "interestIncome": 0, "interestExpense": 5906000, "depreciationAndAmortization": 16530000, "ebitda": 83316000, "ebitdaratio": 0.1332695639, "operatingIncome": 53514000, "operatingIncomeRatio": 0.085599254, "totalOtherIncomeExpensesNet": -5017000, "incomeBeforeTax": 48497000, "incomeBeforeTaxRatio": 0.0775742239, "incomeTaxExpense": 12064000, "netIncome": 36433000, "netIncomeRatio": 0.0582770419, "eps": 0.44, "epsdiluted": 0.43, "weightedAverageShsOut": 82835000, "weightedAverageShsOutDil": 84095000, "link": "https://www.sec.gov/Archives/edgar/data/749251/000074925117000009/0000749251-17-000009-index.htm", "finalLink": "https://www.sec.gov/Archives/edgar/data/749251/000074925117000009/it-03312017x10q.htm"}, {"date": "2016-12-31", "symbol": "IT", "reportedCurrency": "USD", "cik": "0000749251", "fillingDate": "2017-02-22", "acceptedDate": "2017-02-22 16:10:20", "calendarYear": "2016", "period": "Q4", "revenue": 703217000, "costOfRevenue": 279063000, "grossProfit": 424154000, "grossProfitRatio": 0.603162324, "researchAndDevelopmentExpenses": 8800000, "generalAndAdministrativeExpenses": 289862000, "sellingAndMarketingExpenses": 0, "sellingGeneralAndAdministrativeExpenses": 289862000, "otherExpenses": 3320000, "operatingExpenses": 305827000, "costAndExpenses": 584890000, "interestIncome": 0, "interestExpense": 5822000, "depreciationAndAmortization": 15965000, "ebitda": 127972000, "ebitdaratio": 0.181980811, "operatingIncome": 108687000, "operatingIncomeRatio": 0.1545568438, "totalOtherIncomeExpensesNet": -2502000, "incomeBeforeTax": 106185000, "incomeBeforeTaxRatio": 0.1509989093, "incomeTaxExpense": 39700000, "netIncome": 66485000, "netIncomeRatio": 0.0945440739, "eps": 0.8, "epsdiluted": 0.79, "weightedAverageShsOut": 82637000, "weightedAverageShsOutDil": 83939000, "link": "https://www.sec.gov/Archives/edgar/data/749251/000074925117000005/0000749251-17-000005-index.htm", "finalLink": "https://www.sec.gov/Archives/edgar/data/749251/000074925117000005/it-12312016x10k.htm"}, {"date": "2016-09-30", "symbol": "IT", "reportedCurrency": "USD", "cik": "0000749251", "fillingDate": "2016-11-03", "acceptedDate": "2016-11-03 06:15:22", "calendarYear": "2016", "period": "Q3", "revenue": 574059000, "costOfRevenue": 223122000, "grossProfit": 350937000, "grossProfitRatio": 0.6113256651, "researchAndDevelopmentExpenses": 223122000, "generalAndAdministrativeExpenses": 269902000, "sellingAndMarketingExpenses": 0, "sellingGeneralAndAdministrativeExpenses": 269902000, "otherExpenses": 1954000, "operatingExpenses": 285654000, "costAndExpenses": 508776000, "interestIncome": 0, "interestExpense": 5932000, "depreciationAndAmortization": 15752000, "ebitda": 81035000, "ebitdaratio": 0.1411614486, "operatingIncome": 48726000, "operatingIncomeRatio": 0.0848797772, "totalOtherIncomeExpensesNet": -3978000, "incomeBeforeTax": 44748000, "incomeBeforeTaxRatio": 0.0779501759, "incomeTaxExpense": 14264000, "netIncome": 30484000, "netIncomeRatio": 0.0531025557, "eps": 0.37, "epsdiluted": 0.36, "weightedAverageShsOut": 82638000, "weightedAverageShsOutDil": 83803000, "link": "https://www.sec.gov/Archives/edgar/data/749251/000074925116000049/0000749251-16-000049-index.htm", "finalLink": "https://www.sec.gov/Archives/edgar/data/749251/000074925116000049/it-09302016x10q.htm"}, {"date": "2016-06-30", "symbol": "IT", "reportedCurrency": "USD", "cik": "0000749251", "fillingDate": "2016-08-04", "acceptedDate": "2016-08-04 06:11:35", "calendarYear": "2016", "period": "Q2", "revenue": 609998000, "costOfRevenue": 231422000, "grossProfit": 378576000, "grossProfitRatio": 0.6206184283, "researchAndDevelopmentExpenses": 231422000, "generalAndAdministrativeExpenses": 272009000, "sellingAndMarketingExpenses": 0, "sellingGeneralAndAdministrativeExpenses": 272009000, "otherExpenses": 1248000, "operatingExpenses": 287244000, "costAndExpenses": 518666000, "interestIncome": 0, "interestExpense": 7356000, "depreciationAndAmortization": 15235000, "ebitda": 106567000, "ebitdaratio": 0.1747005728, "operatingIncome": 83299000, "operatingIncomeRatio": 0.1365561854, "totalOtherIncomeExpensesNet": -6108000, "incomeBeforeTax": 77191000, "incomeBeforeTaxRatio": 0.1265430378, "incomeTaxExpense": 29280000, "netIncome": 47911000, "netIncomeRatio": 0.0785428805, "eps": 0.63, "epsdiluted": 0.62, "weightedAverageShsOut": 82559000, "weightedAverageShsOutDil": 83711000, "link": "https://www.sec.gov/Archives/edgar/data/749251/000074925116000042/0000749251-16-000042-index.htm", "finalLink": "https://www.sec.gov/Archives/edgar/data/749251/000074925116000042/it-06302016x10q.htm"}, {"date": "2016-03-31", "symbol": "IT", "reportedCurrency": "USD", "cik": "0000749251", "fillingDate": "2016-05-05", "acceptedDate": "2016-05-05 06:13:33", "calendarYear": "2016", "period": "Q1", "revenue": 557266000, "costOfRevenue": 212041000, "grossProfit": 345225000, "grossProfitRatio": 0.6194976905, "researchAndDevelopmentExpenses": 212041000, "generalAndAdministrativeExpenses": 257411000, "sellingAndMarketingExpenses": 0, "sellingGeneralAndAdministrativeExpenses": 257411000, "otherExpenses": 1884000, "operatingExpenses": 272428000, "costAndExpenses": 484469000, "interestIncome": 0, "interestExpense": 6006000, "depreciationAndAmortization": 15017000, "ebitda": 87814000, "ebitdaratio": 0.1575800426, "operatingIncome": 64429000, "operatingIncomeRatio": 0.1156162407, "totalOtherIncomeExpensesNet": -4122000, "incomeBeforeTax": 60307000, "incomeBeforeTaxRatio": 0.1082194141, "incomeTaxExpense": 20140000, "netIncome": 40167000, "netIncomeRatio": 0.0720786841, "eps": 0.55, "epsdiluted": 0.54, "weightedAverageShsOut": 82451000, "weightedAverageShsOutDil": 83464000, "link": "https://www.sec.gov/Archives/edgar/data/749251/000074925116000039/0000749251-16-000039-index.htm", "finalLink": "https://www.sec.gov/Archives/edgar/data/749251/000074925116000039/it-03312016x10q.htm"}, {"date": "2015-12-31", "symbol": "IT", "reportedCurrency": "USD", "cik": "0000749251", "fillingDate": "2016-02-24", "acceptedDate": "2016-02-24 16:23:37", "calendarYear": "2015", "period": "Q4", "revenue": 643768000, "costOfRevenue": 257217000, "grossProfit": 386551000, "grossProfitRatio": 0.6004507835, "researchAndDevelopmentExpenses": 8200000, "generalAndAdministrativeExpenses": 0, "sellingAndMarketingExpenses": 0, "sellingGeneralAndAdministrativeExpenses": 258809000, "otherExpenses": 1059000, "operatingExpenses": 274018000, "costAndExpenses": 531235000, "interestIncome": 1766000, "interestExpense": 6013000, "depreciationAndAmortization": 15209000, "ebitda": 119655000, "ebitdaratio": 0.1858666476, "operatingIncome": 101621000, "operatingIncomeRatio": 0.1578534503, "totalOtherIncomeExpensesNet": -4954000, "incomeBeforeTax": 96667000, "incomeBeforeTaxRatio": 0.1501581315, "incomeTaxExpense": 30904000, "netIncome": 65763000, "netIncomeRatio": 0.1021532602, "eps": 0.8, "epsdiluted": 0.78, "weightedAverageShsOut": 82677000, "weightedAverageShsOutDil": 83890000, "link": "https://www.sec.gov/Archives/edgar/data/749251/000074925116000034/0000749251-16-000034-index.htm", "finalLink": "https://www.sec.gov/Archives/edgar/data/749251/000074925116000034/it-12312015x10k.htm"}, {"date": "2015-09-30", "symbol": "IT", "reportedCurrency": "USD", "cik": "0000749251", "fillingDate": "2015-11-05", "acceptedDate": "2015-11-05 17:03:17", "calendarYear": "2015", "period": "Q3", "revenue": 500166000, "costOfRevenue": 193602000, "grossProfit": 306564000, "grossProfitRatio": 0.6129245091, "researchAndDevelopmentExpenses": 0, "generalAndAdministrativeExpenses": 0, "sellingAndMarketingExpenses": 0, "sellingGeneralAndAdministrativeExpenses": 236355000, "otherExpenses": 5367000, "operatingExpenses": 247602000, "costAndExpenses": 441204000, "interestIncome": 0, "interestExpense": 6049000, "depreciationAndAmortization": 12188000, "ebitda": 71150000, "ebitdaratio": 0.1422527721, "operatingIncome": 52474000, "operatingIncomeRatio": 0.1049131688, "totalOtherIncomeExpensesNet": -682000, "incomeBeforeTax": 51792000, "incomeBeforeTaxRatio": 0.1035496215, "incomeTaxExpense": 21426000, "netIncome": 30366000, "netIncomeRatio": 0.0607118437, "eps": 0.37, "epsdiluted": 0.36, "weightedAverageShsOut": 82989000, "weightedAverageShsOutDil": 84113000, "link": "https://www.sec.gov/Archives/edgar/data/749251/000074925115000028/0000749251-15-000028-index.htm", "finalLink": "https://www.sec.gov/Archives/edgar/data/749251/000074925115000028/it-09302015x10qa.htm"}, {"date": "2015-06-30", "symbol": "IT", "reportedCurrency": "USD", "cik": "0000749251", "fillingDate": "2015-07-30", "acceptedDate": "2015-07-30 06:08:50", "calendarYear": "2015", "period": "Q2", "revenue": 547936000, "costOfRevenue": 210495000, "grossProfit": 337441000, "grossProfitRatio": 0.6158401711, "researchAndDevelopmentExpenses": 0, "generalAndAdministrativeExpenses": 0, "sellingAndMarketingExpenses": 0, "sellingGeneralAndAdministrativeExpenses": 237991000, "otherExpenses": -468000, "operatingExpenses": 248538000, "costAndExpenses": 459033000, "interestIncome": 0, "interestExpense": 5240000, "depreciationAndAmortization": 9606000, "ebitda": 95299000, "ebitdaratio": 0.1739235969, "operatingIncome": 85220000, "operatingIncomeRatio": 0.1555291129, "totalOtherIncomeExpensesNet": -5708000, "incomeBeforeTax": 79512000, "incomeBeforeTaxRatio": 0.1451118379, "incomeTaxExpense": 28357000, "netIncome": 51155000, "netIncomeRatio": 0.0933594434, "eps": 0.61, "epsdiluted": 0.61, "weightedAverageShsOut": 83203000, "weightedAverageShsOutDil": 84271000, "link": "https://www.sec.gov/Archives/edgar/data/749251/000074925115000021/0000749251-15-000021-index.htm", "finalLink": "https://www.sec.gov/Archives/edgar/data/749251/000074925115000021/it-06302015x10q.htm"}, {"date": "2015-03-31", "symbol": "IT", "reportedCurrency": "USD", "cik": "0000749251", "fillingDate": "2015-03-31", "acceptedDate": "2015-03-31 00:00:00", "calendarYear": "2015", "period": "Q1", "revenue": 471186000, "costOfRevenue": 177762000, "grossProfit": 293424000, "grossProfitRatio": 0.6227349709, "researchAndDevelopmentExpenses": 0, "generalAndAdministrativeExpenses": 0, "sellingAndMarketingExpenses": 0, "sellingGeneralAndAdministrativeExpenses": 229522000, "otherExpenses": -962000, "operatingExpenses": 239650000, "costAndExpenses": 417412000, "interestIncome": 0, "interestExpense": 3480000, "depreciationAndAmortization": 10128000, "ebitda": 63902000, "ebitdaratio": 0.1356194794, "operatingIncome": 48682000, "operatingIncomeRatio": 0.1033180103, "totalOtherIncomeExpensesNet": -4442000, "incomeBeforeTax": 44240000, "incomeBeforeTaxRatio": 0.0938907353, "incomeTaxExpense": 15889000, "netIncome": 28351000, "netIncomeRatio": 0.0601694448, "eps": 0.33, "epsdiluted": 0.32, "weightedAverageShsOut": 86539000, "weightedAverageShsOutDil": 87773000, "link": null, "finalLink": null}, {"date": "2014-12-31", "symbol": "IT", "reportedCurrency": "USD", "cik": "0000749251", "fillingDate": "2015-02-27", "acceptedDate": "2015-02-27 16:06:39", "calendarYear": "2014", "period": "Q4", "revenue": 583979000, "costOfRevenue": 235875000, "grossProfit": 348104000, "grossProfitRatio": 0.5960899279, "researchAndDevelopmentExpenses": 8200000, "generalAndAdministrativeExpenses": 0, "sellingAndMarketingExpenses": 0, "sellingGeneralAndAdministrativeExpenses": 235888000, "otherExpenses": 0, "operatingExpenses": 246412000, "costAndExpenses": 482287000, "interestIncome": 1413000, "interestExpense": 3301000, "depreciationAndAmortization": 10524000, "ebitda": 107526000, "ebitdaratio": 0.184126484, "operatingIncome": 95840000, "operatingIncomeRatio": 0.1641154905, "totalOtherIncomeExpensesNet": -3552000, "incomeBeforeTax": 92288000, "incomeBeforeTaxRatio": 0.15803308, "incomeTaxExpense": 33144000, "netIncome": 59144000, "netIncomeRatio": 0.1012776144, "eps": 0.67, "epsdiluted": 0.66, "weightedAverageShsOut": 87647000, "weightedAverageShsOutDil": 88956000, "link": "https://www.sec.gov/Archives/edgar/data/749251/000074925115000009/0000749251-15-000009-index.htm", "finalLink": "https://www.sec.gov/Archives/edgar/data/749251/000074925115000009/it-12312014x10k.htm"}, {"date": "2014-09-30", "symbol": "IT", "reportedCurrency": "USD", "cik": "0000749251", "fillingDate": "2014-11-07", "acceptedDate": "2014-11-07 12:30:22", "calendarYear": "2014", "period": "Q3", "revenue": 470940000, "costOfRevenue": 188059000, "grossProfit": 282881000, "grossProfitRatio": 0.6006731218, "researchAndDevelopmentExpenses": 0, "generalAndAdministrativeExpenses": 0, "sellingAndMarketingExpenses": 0, "sellingGeneralAndAdministrativeExpenses": 217025000, "otherExpenses": -287000, "operatingExpenses": 227475000, "costAndExpenses": 415534000, "interestIncome": 0, "interestExpense": 2656000, "depreciationAndAmortization": 10450000, "ebitda": 59554000, "ebitdaratio": 0.1264577229, "operatingIncome": 49391000, "operatingIncomeRatio": 0.1048774791, "totalOtherIncomeExpensesNet": -2943000, "incomeBeforeTax": 46448000, "incomeBeforeTaxRatio": 0.0986282754, "incomeTaxExpense": 12602000, "netIncome": 33846000, "netIncomeRatio": 0.0718690279, "eps": 0.38, "epsdiluted": 0.38, "weightedAverageShsOut": 88513000, "weightedAverageShsOutDil": 89708000, "link": "https://www.sec.gov/Archives/edgar/data/749251/000074925114000032/0000749251-14-000032-index.htm", "finalLink": "https://www.sec.gov/Archives/edgar/data/749251/000074925114000032/it-09302014x10qa.htm"}, {"date": "2014-06-30", "symbol": "IT", "reportedCurrency": "USD", "cik": "0000749251", "fillingDate": "2014-08-05", "acceptedDate": "2014-08-05 07:06:25", "calendarYear": "2014", "period": "Q2", "revenue": 519820000, "costOfRevenue": 203178000, "grossProfit": 316642000, "grossProfitRatio": 0.6091377785, "researchAndDevelopmentExpenses": 203178000, "generalAndAdministrativeExpenses": 0, "sellingAndMarketingExpenses": 0, "sellingGeneralAndAdministrativeExpenses": 218537000, "otherExpenses": 175000, "operatingExpenses": 228237000, "costAndExpenses": 431415000, "interestIncome": 0, "interestExpense": 2680000, "depreciationAndAmortization": 9700000, "ebitda": 98105000, "ebitdaratio": 0.1887287907, "operatingIncome": 81761000, "operatingIncomeRatio": 0.1572871379, "totalOtherIncomeExpensesNet": -2505000, "incomeBeforeTax": 79256000, "incomeBeforeTaxRatio": 0.1524681621, "incomeTaxExpense": 26216000, "netIncome": 53040000, "netIncomeRatio": 0.1020353199, "eps": 0.59, "epsdiluted": 0.58, "weightedAverageShsOut": 89521000, "weightedAverageShsOutDil": 90744000, "link": "https://www.sec.gov/Archives/edgar/data/749251/000074925114000020/0000749251-14-000020-index.htm", "finalLink": "https://www.sec.gov/Archives/edgar/data/749251/000074925114000020/it-06302014x10q.htm"}, {"date": "2014-03-31", "symbol": "IT", "reportedCurrency": "USD", "cik": "0000749251", "fillingDate": "2014-05-01", "acceptedDate": "2014-05-01 07:08:41", "calendarYear": "2014", "period": "Q1", "revenue": 446702000, "costOfRevenue": 170821000, "grossProfit": 275881000, "grossProfitRatio": 0.6175951753, "researchAndDevelopmentExpenses": 170821000, "generalAndAdministrativeExpenses": 0, "sellingAndMarketingExpenses": 0, "sellingGeneralAndAdministrativeExpenses": 204617000, "otherExpenses": -229000, "operatingExpenses": 213355000, "costAndExpenses": 384176000, "interestIncome": 0, "interestExpense": 2250000, "depreciationAndAmortization": 8738000, "ebitda": 71264000, "ebitdaratio": 0.1595336488, "operatingIncome": 59170000, "operatingIncomeRatio": 0.1324596711, "totalOtherIncomeExpensesNet": -2479000, "incomeBeforeTax": 56691000, "incomeBeforeTaxRatio": 0.1269101101, "incomeTaxExpense": 18955000, "netIncome": 37736000, "netIncomeRatio": 0.0844768996, "eps": 0.41, "epsdiluted": 0.4, "weightedAverageShsOut": 91669000, "weightedAverageShsOutDil": 93209000, "link": "https://www.sec.gov/Archives/edgar/data/749251/000074925114000013/0000749251-14-000013-index.htm", "finalLink": "https://www.sec.gov/Archives/edgar/data/749251/000074925114000013/it-03312014x10q.htm"}, {"date": "2013-12-31", "symbol": "IT", "reportedCurrency": "USD", "cik": "0000749251", "fillingDate": "2014-02-26", "acceptedDate": "2014-02-26 16:15:58", "calendarYear": "2013", "period": "Q4", "revenue": 520707000, "costOfRevenue": 210108000, "grossProfit": 310599000, "grossProfitRatio": 0.5964947658, "researchAndDevelopmentExpenses": 8200000, "generalAndAdministrativeExpenses": 212805000, "sellingAndMarketingExpenses": 0, "sellingGeneralAndAdministrativeExpenses": 212805000, "otherExpenses": -152000, "operatingExpenses": 221783000, "costAndExpenses": 431891000, "interestIncome": 0, "interestExpense": 2133000, "depreciationAndAmortization": 8978000, "ebitda": 99134000, "ebitdaratio": 0.1903834594, "operatingIncome": 88757000, "operatingIncomeRatio": 0.1704547855, "totalOtherIncomeExpensesNet": -2285000, "incomeBeforeTax": 86472000, "incomeBeforeTaxRatio": 0.1660665211, "incomeTaxExpense": 25054000, "netIncome": 61418000, "netIncomeRatio": 0.1179511702, "eps": 0.67, "epsdiluted": 0.65, "weightedAverageShsOut": 92205000, "weightedAverageShsOutDil": 93946000, "link": "https://www.sec.gov/Archives/edgar/data/749251/000074925114000007/0000749251-14-000007-index.htm", "finalLink": "https://www.sec.gov/Archives/edgar/data/749251/000074925114000007/it-12312013x10k.htm"}, {"date": "2013-09-30", "symbol": "IT", "reportedCurrency": "USD", "cik": "0000749251", "fillingDate": "2013-11-07", "acceptedDate": "2013-11-07 07:08:02", "calendarYear": "2013", "period": "Q3", "revenue": 410705000, "costOfRevenue": 161735000, "grossProfit": 248970000, "grossProfitRatio": 0.6062015315, "researchAndDevelopmentExpenses": 161735000, "generalAndAdministrativeExpenses": 181546000, "sellingAndMarketingExpenses": 0, "sellingGeneralAndAdministrativeExpenses": 181546000, "otherExpenses": 5000, "operatingExpenses": 190155000, "costAndExpenses": 351890000, "interestIncome": 0, "interestExpense": 2124000, "depreciationAndAmortization": 8609000, "ebitda": 67424000, "ebitdaratio": 0.1641664942, "operatingIncome": 58743000, "operatingIncomeRatio": 0.1430296685, "totalOtherIncomeExpensesNet": -2119000, "incomeBeforeTax": 56624000, "incomeBeforeTaxRatio": 0.1378702475, "incomeTaxExpense": 18430000, "netIncome": 38194000, "netIncomeRatio": 0.0929961895, "eps": 0.41, "epsdiluted": 0.4, "weightedAverageShsOut": 92689000, "weightedAverageShsOutDil": 94355000, "link": "https://www.sec.gov/Archives/edgar/data/749251/000074925113000009/0000749251-13-000009-index.htm", "finalLink": "https://www.sec.gov/Archives/edgar/data/749251/000074925113000009/it-9302013x10q.htm"}, {"date": "2013-06-30", "symbol": "IT", "reportedCurrency": "USD", "cik": "0000749251", "fillingDate": "2013-08-02", "acceptedDate": "2013-08-02 07:23:02", "calendarYear": "2013", "period": "Q2", "revenue": 446047000, "costOfRevenue": 177904000, "grossProfit": 268143000, "grossProfitRatio": 0.6011541385, "researchAndDevelopmentExpenses": 177904000, "generalAndAdministrativeExpenses": 185629000, "sellingAndMarketingExpenses": 0, "sellingGeneralAndAdministrativeExpenses": 185629000, "otherExpenses": -280000, "operatingExpenses": 194050000, "costAndExpenses": 371954000, "interestIncome": 0, "interestExpense": 2144000, "depreciationAndAmortization": 8421000, "ebitda": 82128000, "ebitdaratio": 0.1841240945, "operatingIncome": 73987000, "operatingIncomeRatio": 0.1658726547, "totalOtherIncomeExpensesNet": -2424000, "incomeBeforeTax": 71563000, "incomeBeforeTaxRatio": 0.1604382498, "incomeTaxExpense": 25049000, "netIncome": 46514000, "netIncomeRatio": 0.1042804906, "eps": 0.5, "epsdiluted": 0.49, "weightedAverageShsOut": 93574000, "weightedAverageShsOutDil": 95188000, "link": "https://www.sec.gov/Archives/edgar/data/749251/000144530513001817/0001445305-13-001817-index.htm", "finalLink": "https://www.sec.gov/Archives/edgar/data/749251/000144530513001817/it-6302013x10q.htm"}, {"date": "2013-03-31", "symbol": "IT", "reportedCurrency": "USD", "cik": "0000749251", "fillingDate": "2013-05-02", "acceptedDate": "2013-05-02 07:08:36", "calendarYear": "2013", "period": "Q1", "revenue": 406754000, "costOfRevenue": 163737000, "grossProfit": 243017000, "grossProfitRatio": 0.5974544811, "researchAndDevelopmentExpenses": 163737000, "generalAndAdministrativeExpenses": 180478000, "sellingAndMarketingExpenses": 0, "sellingGeneralAndAdministrativeExpenses": 180478000, "otherExpenses": 211000, "operatingExpenses": 188912000, "costAndExpenses": 352649000, "interestIncome": 0, "interestExpense": 2436000, "depreciationAndAmortization": 8434000, "ebitda": 62650000, "ebitdaratio": 0.1540242997, "operatingIncome": 54005000, "operatingIncomeRatio": 0.1327706673, "totalOtherIncomeExpensesNet": -2225000, "incomeBeforeTax": 51780000, "incomeBeforeTaxRatio": 0.1273005305, "incomeTaxExpense": 15105000, "netIncome": 36675000, "netIncomeRatio": 0.0901650629, "eps": 0.39, "epsdiluted": 0.38, "weightedAverageShsOut": 93595000, "weightedAverageShsOutDil": 95537000, "link": "https://www.sec.gov/Archives/edgar/data/749251/000093041313002718/0000930413-13-002718-index.htm", "finalLink": "https://www.sec.gov/Archives/edgar/data/749251/000093041313002718/c73618_10q.htm"}, {"date": "2012-12-31", "symbol": "IT", "reportedCurrency": "USD", "cik": "0000749251", "fillingDate": "2013-02-22", "acceptedDate": "2013-02-22 06:04:18", "calendarYear": "2012", "period": "Q4", "revenue": 474749000, "costOfRevenue": 200214000, "grossProfit": 274535000, "grossProfitRatio": 0.5782739932, "researchAndDevelopmentExpenses": 7400000, "generalAndAdministrativeExpenses": 186216000, "sellingAndMarketingExpenses": 0, "sellingGeneralAndAdministrativeExpenses": 186216000, "otherExpenses": 550000, "operatingExpenses": 194580000, "costAndExpenses": 394794000, "interestIncome": 0, "interestExpense": 2302000, "depreciationAndAmortization": 8364000, "ebitda": 85693000, "ebitdaratio": 0.1805016967, "operatingIncome": 79661000, "operatingIncomeRatio": 0.1677960354, "totalOtherIncomeExpensesNet": -1752000, "incomeBeforeTax": 77909000, "incomeBeforeTaxRatio": 0.1641056643, "incomeTaxExpense": 19086000, "netIncome": 58823000, "netIncomeRatio": 0.1239033679, "eps": 0.63, "epsdiluted": 0.61, "weightedAverageShsOut": 93488000, "weightedAverageShsOutDil": 95716000, "link": "https://www.sec.gov/Archives/edgar/data/749251/000093041313001003/0000930413-13-001003-index.htm", "finalLink": "https://www.sec.gov/Archives/edgar/data/749251/000093041313001003/c72276_10k.htm"}, {"date": "2012-09-30", "symbol": "IT", "reportedCurrency": "USD", "cik": "0000749251", "fillingDate": "2012-11-06", "acceptedDate": "2012-11-06 07:00:56", "calendarYear": "2012", "period": "Q3", "revenue": 374406000, "costOfRevenue": 151143000, "grossProfit": 223263000, "grossProfitRatio": 0.5963125591, "researchAndDevelopmentExpenses": 151143000, "generalAndAdministrativeExpenses": 164888000, "sellingAndMarketingExpenses": 0, "sellingGeneralAndAdministrativeExpenses": 164888000, "otherExpenses": -748000, "operatingExpenses": 172551000, "costAndExpenses": 323694000, "interestIncome": 0, "interestExpense": 2209000, "depreciationAndAmortization": 7663000, "ebitda": 57627000, "ebitdaratio": 0.1539158026, "operatingIncome": 49768000, "operatingIncomeRatio": 0.1329252202, "totalOtherIncomeExpensesNet": -2957000, "incomeBeforeTax": 46811000, "incomeBeforeTaxRatio": 0.1250273767, "incomeTaxExpense": 15436000, "netIncome": 31375000, "netIncomeRatio": 0.0837994049, "eps": 0.34, "epsdiluted": 0.33, "weightedAverageShsOut": 93522000, "weightedAverageShsOutDil": 95611000, "link": "https://www.sec.gov/Archives/edgar/data/749251/000093041312005974/0000930413-12-005974-index.htm", "finalLink": "https://www.sec.gov/Archives/edgar/data/749251/000093041312005974/c71463_10-q.htm"}, {"date": "2012-06-30", "symbol": "IT", "reportedCurrency": "USD", "cik": "0000749251", "fillingDate": "2012-08-03", "acceptedDate": "2012-08-03 07:13:33", "calendarYear": "2012", "period": "Q2", "revenue": 397482000, "costOfRevenue": 161247000, "grossProfit": 236235000, "grossProfitRatio": 0.5943287998, "researchAndDevelopmentExpenses": 161247000, "generalAndAdministrativeExpenses": 165221000, "sellingAndMarketingExpenses": 0, "sellingGeneralAndAdministrativeExpenses": 165221000, "otherExpenses": 7110000, "operatingExpenses": 172331000, "costAndExpenses": 333578000, "interestIncome": 0, "interestExpense": 2153000, "depreciationAndAmortization": 7110000, "ebitda": 69756000, "ebitdaratio": 0.1754947394, "operatingIncome": 62722000, "operatingIncomeRatio": 0.1577983406, "totalOtherIncomeExpensesNet": -2229000, "incomeBeforeTax": 60493000, "incomeBeforeTaxRatio": 0.1521905394, "incomeTaxExpense": 19009000, "netIncome": 41484000, "netIncomeRatio": 0.1043669902, "eps": 0.44, "epsdiluted": 0.43, "weightedAverageShsOut": 93350000, "weightedAverageShsOutDil": 95423000, "link": "https://www.sec.gov/Archives/edgar/data/749251/000093041312004293/0000930413-12-004293-index.htm", "finalLink": "https://www.sec.gov/Archives/edgar/data/749251/000093041312004293/c70375_10-q.htm"}, {"date": "2012-03-31", "symbol": "IT", "reportedCurrency": "USD", "cik": "0000749251", "fillingDate": "2012-05-03", "acceptedDate": "2012-05-03 07:09:59", "calendarYear": "2012", "period": "Q1", "revenue": 369171000, "costOfRevenue": 146463000, "grossProfit": 222708000, "grossProfitRatio": 0.6032651535, "researchAndDevelopmentExpenses": 146463000, "generalAndAdministrativeExpenses": 162518000, "sellingAndMarketingExpenses": 0, "sellingGeneralAndAdministrativeExpenses": 162518000, "otherExpenses": 6634000, "operatingExpenses": 169152000, "costAndExpenses": 315615000, "interestIncome": 0, "interestExpense": 2195000, "depreciationAndAmortization": 6634000, "ebitda": 59212000, "ebitdaratio": 0.1603917968, "operatingIncome": 53556000, "operatingIncomeRatio": 0.1450709834, "totalOtherIncomeExpensesNet": -3173000, "incomeBeforeTax": 50383000, "incomeBeforeTaxRatio": 0.1364760504, "incomeTaxExpense": 16162000, "netIncome": 34221000, "netIncomeRatio": 0.0926968803, "eps": 0.37, "epsdiluted": 0.36, "weightedAverageShsOut": 93416000, "weightedAverageShsOutDil": 96199000, "link": "https://www.sec.gov/Archives/edgar/data/749251/000093041312002776/0000930413-12-002776-index.htm", "finalLink": "https://www.sec.gov/Archives/edgar/data/749251/000093041312002776/c69384_10-q.htm"}, {"date": "2011-12-31", "symbol": "IT", "reportedCurrency": "USD", "cik": "0000749251", "fillingDate": "2012-02-23", "acceptedDate": "2012-02-23 16:24:35", "calendarYear": "2011", "period": "Q4", "revenue": 427694000, "costOfRevenue": 180282000, "grossProfit": 247412000, "grossProfitRatio": 0.578479006, "researchAndDevelopmentExpenses": 0, "generalAndAdministrativeExpenses": 170816000, "sellingAndMarketingExpenses": 0, "sellingGeneralAndAdministrativeExpenses": 170816000, "otherExpenses": 7133000, "operatingExpenses": 177949000, "costAndExpenses": 358231000, "interestIncome": 1249000, "interestExpense": 3353000, "depreciationAndAmortization": 7133000, "ebitda": 77428000, "ebitdaratio": 0.1810359743, "operatingIncome": 69463000, "operatingIncomeRatio": 0.1624128466, "totalOtherIncomeExpensesNet": -2521000, "incomeBeforeTax": 66942000, "incomeBeforeTaxRatio": 0.1565184454, "incomeTaxExpense": 21918000, "netIncome": 45024000, "netIncomeRatio": 0.1052715259, "eps": 0.48, "epsdiluted": 0.46, "weightedAverageShsOut": 94691000, "weightedAverageShsOutDil": 97037000, "link": "https://www.sec.gov/Archives/edgar/data/749251/000093041312001031/0000930413-12-001031-index.htm", "finalLink": "https://www.sec.gov/Archives/edgar/data/749251/000093041312001031/c67980_10-k.htm"}, {"date": "2011-09-30", "symbol": "IT", "reportedCurrency": "USD", "cik": "0000749251", "fillingDate": "2011-11-01", "acceptedDate": "2011-11-01 07:17:50", "calendarYear": "2011", "period": "Q3", "revenue": 345784000, "costOfRevenue": 142696000, "grossProfit": 203088000, "grossProfitRatio": 0.5873261921, "researchAndDevelopmentExpenses": 142696000, "generalAndAdministrativeExpenses": 148461000, "sellingAndMarketingExpenses": 0, "sellingGeneralAndAdministrativeExpenses": 148461000, "otherExpenses": 7377000, "operatingExpenses": 155838000, "costAndExpenses": 298534000, "interestIncome": 0, "interestExpense": 2282000, "depreciationAndAmortization": 7377000, "ebitda": 47250000, "ebitdaratio": 0.1366459987, "operatingIncome": 47250000, "operatingIncomeRatio": 0.1366459987, "totalOtherIncomeExpensesNet": -2823000, "incomeBeforeTax": 44427000, "incomeBeforeTaxRatio": 0.1284819425, "incomeTaxExpense": 13963000, "netIncome": 30464000, "netIncomeRatio": 0.0881012424, "eps": 0.32, "epsdiluted": 0.31, "weightedAverageShsOut": 96057000, "weightedAverageShsOutDil": 98259000, "link": "https://www.sec.gov/Archives/edgar/data/749251/000093041311006905/0000930413-11-006905-index.htm", "finalLink": "https://www.sec.gov/Archives/edgar/data/749251/000093041311006905/c66978_10-q.htm"}, {"date": "2011-06-30", "symbol": "IT", "reportedCurrency": "USD", "cik": "0000749251", "fillingDate": "2011-08-02", "acceptedDate": "2011-08-02 07:12:31", "calendarYear": "2011", "period": "Q2", "revenue": 365543000, "costOfRevenue": 152461000, "grossProfit": 213082000, "grossProfitRatio": 0.5829191094, "researchAndDevelopmentExpenses": 152461000, "generalAndAdministrativeExpenses": 152758000, "sellingAndMarketingExpenses": 0, "sellingGeneralAndAdministrativeExpenses": 152758000, "otherExpenses": 8756000, "operatingExpenses": 161514000, "costAndExpenses": 313975000, "interestIncome": 0, "interestExpense": 2797000, "depreciationAndAmortization": 8756000, "ebitda": 59753000, "ebitdaratio": 0.1634636691, "operatingIncome": 51568000, "operatingIncomeRatio": 0.1410723225, "totalOtherIncomeExpensesNet": -3368000, "incomeBeforeTax": 48200000, "incomeBeforeTaxRatio": 0.1318586322, "incomeTaxExpense": 15977000, "netIncome": 32223000, "netIncomeRatio": 0.088151052, "eps": 0.33, "epsdiluted": 0.32, "weightedAverageShsOut": 96886000, "weightedAverageShsOutDil": 99340000, "link": "https://www.sec.gov/Archives/edgar/data/749251/000093041311005035/0000930413-11-005035-index.htm", "finalLink": "https://www.sec.gov/Archives/edgar/data/749251/000093041311005035/c66427_10-q.htm"}, {"date": "2011-03-31", "symbol": "IT", "reportedCurrency": "USD", "cik": "0000749251", "fillingDate": "2011-05-05", "acceptedDate": "2011-05-05 07:15:56", "calendarYear": "2011", "period": "Q1", "revenue": 329567000, "costOfRevenue": 133316000, "grossProfit": 196251000, "grossProfitRatio": 0.5954813437, "researchAndDevelopmentExpenses": 133316000, "generalAndAdministrativeExpenses": 141672000, "sellingAndMarketingExpenses": 0, "sellingGeneralAndAdministrativeExpenses": 141672000, "otherExpenses": 8798000, "operatingExpenses": 150470000, "costAndExpenses": 283786000, "interestIncome": 0, "interestExpense": 2784000, "depreciationAndAmortization": 8798000, "ebitda": 54197000, "ebitdaratio": 0.1644491105, "operatingIncome": 45781000, "operatingIncomeRatio": 0.1389125732, "totalOtherIncomeExpensesNet": -3166000, "incomeBeforeTax": 42615000, "incomeBeforeTaxRatio": 0.1293060288, "incomeTaxExpense": 13424000, "netIncome": 29191000, "netIncomeRatio": 0.0885737953, "eps": 0.3, "epsdiluted": 0.29, "weightedAverageShsOut": 96442000, "weightedAverageShsOutDil": 99451000, "link": "https://www.sec.gov/Archives/edgar/data/749251/000093041311003679/0000930413-11-003679-index.htm", "finalLink": "https://www.sec.gov/Archives/edgar/data/749251/000093041311003679/c65508_10-q.htm"}, {"date": "2010-12-31", "symbol": "IT", "reportedCurrency": "USD", "cik": "0000749251", "fillingDate": "2011-02-15", "acceptedDate": "2011-02-15 17:16:56", "calendarYear": "2010", "period": "Q4", "revenue": 382304000, "costOfRevenue": 164959000, "grossProfit": 217345000, "grossProfitRatio": 0.568513539, "researchAndDevelopmentExpenses": 0, "generalAndAdministrativeExpenses": 154796000, "sellingAndMarketingExpenses": 0, "sellingGeneralAndAdministrativeExpenses": 154796000, "otherExpenses": 8662000, "operatingExpenses": 163458000, "costAndExpenses": 328417000, "interestIncome": 1156000, "interestExpense": 7203000, "depreciationAndAmortization": 8662000, "ebitda": 62592000, "ebitdaratio": 0.1637231104, "operatingIncome": 53074000, "operatingIncomeRatio": 0.1388266929, "totalOtherIncomeExpensesNet": -6347000, "incomeBeforeTax": 46727000, "incomeBeforeTaxRatio": 0.1222247217, "incomeTaxExpense": 10033000, "netIncome": 36694000, "netIncomeRatio": 0.0959812087, "eps": 0.38, "epsdiluted": 0.38, "weightedAverageShsOut": 95894000, "weightedAverageShsOutDil": 96442000, "link": "https://www.sec.gov/Archives/edgar/data/749251/000095012311014318/0000950123-11-014318-index.htm", "finalLink": "https://www.sec.gov/Archives/edgar/data/749251/000095012311014318/y88686e10vk.htm"}, {"date": "2010-09-30", "symbol": "IT", "reportedCurrency": "USD", "cik": "0000749251", "fillingDate": "2010-11-03", "acceptedDate": "2010-11-03 16:24:50", "calendarYear": "2010", "period": "Q3", "revenue": 296122000, "costOfRevenue": 125897000, "grossProfit": 170225000, "grossProfitRatio": 0.5748475291, "researchAndDevelopmentExpenses": 125897000, "generalAndAdministrativeExpenses": 127488000, "sellingAndMarketingExpenses": 0, "sellingGeneralAndAdministrativeExpenses": 127488000, "otherExpenses": 8725000, "operatingExpenses": 136213000, "costAndExpenses": 262110000, "interestIncome": 0, "interestExpense": 3005000, "depreciationAndAmortization": 8725000, "ebitda": 41115000, "ebitdaratio": 0.1388448005, "operatingIncome": 32763000, "operatingIncomeRatio": 0.1106402091, "totalOtherIncomeExpensesNet": -3378000, "incomeBeforeTax": 29385000, "incomeBeforeTaxRatio": 0.0992327487, "incomeTaxExpense": 9310000, "netIncome": 20075000, "netIncomeRatio": 0.0677930042, "eps": 0.21, "epsdiluted": 0.2, "weightedAverageShsOut": 95473000, "weightedAverageShsOutDil": 98797000, "link": "https://www.sec.gov/Archives/edgar/data/749251/000095012310100123/0000950123-10-100123-index.htm", "finalLink": "https://www.sec.gov/Archives/edgar/data/749251/000095012310100123/y87451e10vq.htm"}]