[{"date": "2025-06-30", "symbol": "MCO", "reportedCurrency": "USD", "cik": "0001059556", "fillingDate": "2025-07-24", "acceptedDate": "2025-07-24 16:20:53", "calendarYear": "2025", "period": "Q2", "revenue": 1898000000, "costOfRevenue": 614000000, "grossProfit": 1284000000, "grossProfitRatio": 0.6765015806, "researchAndDevelopmentExpenses": 0, "generalAndAdministrativeExpenses": 0, "sellingAndMarketingExpenses": 0, "sellingGeneralAndAdministrativeExpenses": 441000000, "otherExpenses": 0, "operatingExpenses": 441000000, "costAndExpenses": 1055000000, "interestIncome": 13000000, "interestExpense": 47000000, "depreciationAndAmortization": 120000000, "ebitda": 939000000, "ebitdaratio": 0.4947312961, "operatingIncome": 843000000, "operatingIncomeRatio": 0.4441517387, "totalOtherIncomeExpensesNet": -71000000, "incomeBeforeTax": 772000000, "incomeBeforeTaxRatio": 0.406743941, "incomeTaxExpense": 193000000, "netIncome": 578000000, "netIncomeRatio": 0.3045310854, "eps": 3.22, "epsdiluted": 3.2, "weightedAverageShsOut": 179900000, "weightedAverageShsOutDil": 180500000, "link": "https://www.sec.gov/Archives/edgar/data/1059556/000105955625000169/0001059556-25-000169-index.htm", "finalLink": "https://www.sec.gov/Archives/edgar/data/1059556/000105955625000169/mco-20250630.htm"}, {"date": "2025-03-31", "symbol": "MCO", "reportedCurrency": "USD", "cik": "0001059556", "fillingDate": "2025-04-23", "acceptedDate": "2025-04-23 16:23:59", "calendarYear": "2025", "period": "Q1", "revenue": 1924000000, "costOfRevenue": 602000000, "grossProfit": 1322000000, "grossProfitRatio": 0.6871101871, "researchAndDevelopmentExpenses": 0, "generalAndAdministrativeExpenses": 0, "sellingAndMarketingExpenses": 0, "sellingGeneralAndAdministrativeExpenses": 440000000, "otherExpenses": 0, "operatingExpenses": 440000000, "costAndExpenses": 1042000000, "interestIncome": 24000000, "interestExpense": 54000000, "depreciationAndAmortization": 113000000, "ebitda": 971000000, "ebitdaratio": 0.5046777547, "operatingIncome": 882000000, "operatingIncomeRatio": 0.4584199584, "totalOtherIncomeExpensesNet": -78000000, "incomeBeforeTax": 804000000, "incomeBeforeTaxRatio": 0.4178794179, "incomeTaxExpense": 179000000, "netIncome": 625000000, "netIncomeRatio": 0.3248440748, "eps": 3.47, "epsdiluted": 3.46, "weightedAverageShsOut": 180000000, "weightedAverageShsOutDil": 180700000, "link": "https://www.sec.gov/Archives/edgar/data/1059556/000105955625000121/0001059556-25-000121-index.htm", "finalLink": "https://www.sec.gov/Archives/edgar/data/1059556/000105955625000121/mco-20250331.htm"}, {"date": "2024-12-31", "symbol": "MCO", "reportedCurrency": "USD", "cik": "0001059556", "fillingDate": "2025-02-14", "acceptedDate": "2025-02-14 16:20:12", "calendarYear": "2024", "period": "Q4", "revenue": 1672000000, "costOfRevenue": 610000000, "grossProfit": 1062000000, "grossProfitRatio": 0.6351674641, "researchAndDevelopmentExpenses": 0, "generalAndAdministrativeExpenses": 0, "sellingAndMarketingExpenses": 0, "sellingGeneralAndAdministrativeExpenses": 441000000, "otherExpenses": 0, "operatingExpenses": 441000000, "costAndExpenses": 1051000000, "interestIncome": 29000000, "interestExpense": 27000000, "depreciationAndAmortization": 113000000, "ebitda": 665000000, "ebitdaratio": 0.3977272727, "operatingIncome": 621000000, "operatingIncomeRatio": 0.3714114833, "totalOtherIncomeExpensesNet": -96000000, "incomeBeforeTax": 525000000, "incomeBeforeTaxRatio": 0.3139952153, "incomeTaxExpense": 130000000, "netIncome": 395000000, "netIncomeRatio": 0.2362440191, "eps": 2.18, "epsdiluted": 2.17, "weightedAverageShsOut": 181800000, "weightedAverageShsOutDil": 182700000, "link": "https://www.sec.gov/Archives/edgar/data/1059556/000105955625000025/0001059556-25-000025-index.htm", "finalLink": "https://www.sec.gov/Archives/edgar/data/1059556/000105955625000025/mco-20241231.htm"}, {"date": "2024-09-30", "symbol": "MCO", "reportedCurrency": "USD", "cik": "0001059556", "fillingDate": "2024-10-23", "acceptedDate": "2024-10-23 16:28:26", "calendarYear": "2024", "period": "Q3", "revenue": 1813000000, "costOfRevenue": 621000000, "grossProfit": 1192000000, "grossProfitRatio": 0.6574738003, "researchAndDevelopmentExpenses": 0, "generalAndAdministrativeExpenses": 0, "sellingAndMarketingExpenses": 0, "sellingGeneralAndAdministrativeExpenses": 433000000, "otherExpenses": 0, "operatingExpenses": 433000000, "costAndExpenses": 1054000000, "interestIncome": 28000000, "interestExpense": 54000000, "depreciationAndAmortization": 108000000, "ebitda": 865000000, "ebitdaratio": 0.4771097628, "operatingIncome": 759000000, "operatingIncomeRatio": 0.4186431329, "totalOtherIncomeExpensesNet": -56000000, "incomeBeforeTax": 703000000, "incomeBeforeTaxRatio": 0.387755102, "incomeTaxExpense": 169000000, "netIncome": 534000000, "netIncomeRatio": 0.2945394374, "eps": 2.94, "epsdiluted": 2.93, "weightedAverageShsOut": 181700000, "weightedAverageShsOutDil": 182500000, "link": "https://www.sec.gov/Archives/edgar/data/1059556/000105955624000184/0001059556-24-000184-index.htm", "finalLink": "https://www.sec.gov/Archives/edgar/data/1059556/000105955624000184/mco-20240930.htm"}, {"date": "2024-06-30", "symbol": "MCO", "reportedCurrency": "USD", "cik": "0001059556", "fillingDate": "2024-07-24", "acceptedDate": "2024-07-24 16:26:11", "calendarYear": "2024", "period": "Q2", "revenue": 1817000000, "costOfRevenue": 580000000, "grossProfit": 1237000000, "grossProfitRatio": 0.6807925151, "researchAndDevelopmentExpenses": 0, "generalAndAdministrativeExpenses": 0, "sellingAndMarketingExpenses": 0, "sellingGeneralAndAdministrativeExpenses": 446000000, "otherExpenses": 0, "operatingExpenses": 446000000, "costAndExpenses": 1026000000, "interestIncome": 23000000, "interestExpense": 50000000, "depreciationAndAmortization": 110000000, "ebitda": 879000000, "ebitdaratio": 0.4837644469, "operatingIncome": 791000000, "operatingIncomeRatio": 0.4353329664, "totalOtherIncomeExpensesNet": -72000000, "incomeBeforeTax": 719000000, "incomeBeforeTaxRatio": 0.3957072097, "incomeTaxExpense": 166000000, "netIncome": 552000000, "netIncomeRatio": 0.3037974684, "eps": 3.03, "epsdiluted": 3.02, "weightedAverageShsOut": 182300000, "weightedAverageShsOutDil": 183000000, "link": "https://www.sec.gov/Archives/edgar/data/1059556/000105955624000128/0001059556-24-000128-index.htm", "finalLink": "https://www.sec.gov/Archives/edgar/data/1059556/000105955624000128/mco-20240630.htm"}, {"date": "2024-03-31", "symbol": "MCO", "reportedCurrency": "USD", "cik": "0001059556", "fillingDate": "2024-05-02", "acceptedDate": "2024-05-02 16:20:56", "calendarYear": "2024", "period": "Q1", "revenue": 1786000000, "costOfRevenue": 570000000, "grossProfit": 1216000000, "grossProfitRatio": 0.6808510638, "researchAndDevelopmentExpenses": 0, "generalAndAdministrativeExpenses": 0, "sellingAndMarketingExpenses": 0, "sellingGeneralAndAdministrativeExpenses": 414000000, "otherExpenses": 0, "operatingExpenses": 414000000, "costAndExpenses": 984000000, "interestIncome": 22000000, "interestExpense": 49000000, "depreciationAndAmortization": 100000000, "ebitda": 901000000, "ebitdaratio": 0.5044792833, "operatingIncome": 802000000, "operatingIncomeRatio": 0.4490481523, "totalOtherIncomeExpensesNet": -50000000, "incomeBeforeTax": 752000000, "incomeBeforeTaxRatio": 0.4210526316, "incomeTaxExpense": 175000000, "netIncome": 577000000, "netIncomeRatio": 0.3230683091, "eps": 3.16, "epsdiluted": 3.15, "weightedAverageShsOut": 182600000, "weightedAverageShsOutDil": 183400000, "link": "https://www.sec.gov/Archives/edgar/data/1059556/000105955624000090/0001059556-24-000090-index.htm", "finalLink": "https://www.sec.gov/Archives/edgar/data/1059556/000105955624000090/mco-20240331.htm"}, {"date": "2023-12-31", "symbol": "MCO", "reportedCurrency": "USD", "cik": "0001059556", "fillingDate": "2024-02-14", "acceptedDate": "2024-02-14 16:34:00", "calendarYear": "2023", "period": "Q4", "revenue": 1480000000, "costOfRevenue": 518000000, "grossProfit": 962000000, "grossProfitRatio": 0.65, "researchAndDevelopmentExpenses": 0, "generalAndAdministrativeExpenses": 0, "sellingAndMarketingExpenses": 0, "sellingGeneralAndAdministrativeExpenses": 428000000, "otherExpenses": 0, "operatingExpenses": 428000000, "costAndExpenses": 946000000, "interestIncome": 19000000, "interestExpense": 51000000, "depreciationAndAmortization": 97000000, "ebitda": 598000000, "ebitdaratio": 0.4040540541, "operatingIncome": 534000000, "operatingIncomeRatio": 0.3608108108, "totalOtherIncomeExpensesNet": -84000000, "incomeBeforeTax": 450000000, "incomeBeforeTaxRatio": 0.3040540541, "incomeTaxExpense": 110000000, "netIncome": 340000000, "netIncomeRatio": 0.2297297297, "eps": 1.86, "epsdiluted": 1.85, "weightedAverageShsOut": 182700000, "weightedAverageShsOutDil": 183600000, "link": "https://www.sec.gov/Archives/edgar/data/1059556/000105955624000017/0001059556-24-000017-index.htm", "finalLink": "https://www.sec.gov/Archives/edgar/data/1059556/000105955624000017/mco-20231231.htm"}, {"date": "2023-09-30", "symbol": "MCO", "reportedCurrency": "USD", "cik": "0001059556", "fillingDate": "2023-10-26", "acceptedDate": "2023-10-26 17:14:04", "calendarYear": "2023", "period": "Q3", "revenue": 1472000000, "costOfRevenue": 507000000, "grossProfit": 965000000, "grossProfitRatio": 0.6555706522, "researchAndDevelopmentExpenses": 0, "generalAndAdministrativeExpenses": 0, "sellingAndMarketingExpenses": 0, "sellingGeneralAndAdministrativeExpenses": 403000000, "otherExpenses": 0, "operatingExpenses": 403000000, "costAndExpenses": 910000000, "interestIncome": 19000000, "interestExpense": 50000000, "depreciationAndAmortization": 95000000, "ebitda": 632000000, "ebitdaratio": 0.4293478261, "operatingIncome": 562000000, "operatingIncomeRatio": 0.3817934783, "totalOtherIncomeExpensesNet": -75000000, "incomeBeforeTax": 487000000, "incomeBeforeTaxRatio": 0.3308423913, "incomeTaxExpense": 97000000, "netIncome": 389000000, "netIncomeRatio": 0.2642663043, "eps": 2.12, "epsdiluted": 2.11, "weightedAverageShsOut": 183300000, "weightedAverageShsOutDil": 184000000, "link": "https://www.sec.gov/Archives/edgar/data/1059556/000105955623000102/0001059556-23-000102-index.htm", "finalLink": "https://www.sec.gov/Archives/edgar/data/1059556/000105955623000102/mco-20230930.htm"}, {"date": "2023-06-30", "symbol": "MCO", "reportedCurrency": "USD", "cik": "0001059556", "fillingDate": "2023-07-26", "acceptedDate": "2023-07-26 16:15:20", "calendarYear": "2023", "period": "Q2", "revenue": 1494000000, "costOfRevenue": 519000000, "grossProfit": 975000000, "grossProfitRatio": 0.6526104418, "researchAndDevelopmentExpenses": 0, "generalAndAdministrativeExpenses": 0, "sellingAndMarketingExpenses": 0, "sellingGeneralAndAdministrativeExpenses": 415000000, "otherExpenses": 0, "operatingExpenses": 415000000, "costAndExpenses": 934000000, "interestIncome": 15000000, "interestExpense": 54000000, "depreciationAndAmortization": 93000000, "ebitda": 639000000, "ebitdaratio": 0.4277108434, "operatingIncome": 560000000, "operatingIncomeRatio": 0.374832664, "totalOtherIncomeExpensesNet": -68000000, "incomeBeforeTax": 492000000, "incomeBeforeTaxRatio": 0.3293172691, "incomeTaxExpense": 115000000, "netIncome": 377000000, "netIncomeRatio": 0.2523427041, "eps": 2.05, "epsdiluted": 2.05, "weightedAverageShsOut": 183500000, "weightedAverageShsOutDil": 184100000, "link": "https://www.sec.gov/Archives/edgar/data/1059556/000105955623000052/0001059556-23-000052-index.htm", "finalLink": "https://www.sec.gov/Archives/edgar/data/1059556/000105955623000052/mco-20230630.htm"}, {"date": "2023-03-31", "symbol": "MCO", "reportedCurrency": "USD", "cik": "0001059556", "fillingDate": "2023-04-26", "acceptedDate": "2023-04-26 16:15:36", "calendarYear": "2023", "period": "Q1", "revenue": 1470000000, "costOfRevenue": 516000000, "grossProfit": 954000000, "grossProfitRatio": 0.6489795918, "researchAndDevelopmentExpenses": 0, "generalAndAdministrativeExpenses": 0, "sellingAndMarketingExpenses": 0, "sellingGeneralAndAdministrativeExpenses": 386000000, "otherExpenses": 0, "operatingExpenses": 386000000, "costAndExpenses": 902000000, "interestIncome": 10000000, "interestExpense": 4000000, "depreciationAndAmortization": 88000000, "ebitda": 598000000, "ebitdaratio": 0.4068027211, "operatingIncome": 568000000, "operatingIncomeRatio": 0.3863945578, "totalOtherIncomeExpensesNet": -62000000, "incomeBeforeTax": 506000000, "incomeBeforeTaxRatio": 0.3442176871, "incomeTaxExpense": 5000000, "netIncome": 501000000, "netIncomeRatio": 0.3408163265, "eps": 2.73, "epsdiluted": 2.72, "weightedAverageShsOut": 183300000, "weightedAverageShsOutDil": 184100000, "link": "https://www.sec.gov/Archives/edgar/data/1059556/000105955623000030/0001059556-23-000030-index.htm", "finalLink": "https://www.sec.gov/Archives/edgar/data/1059556/000105955623000030/mco-20230331.htm"}, {"date": "2022-12-31", "symbol": "MCO", "reportedCurrency": "USD", "cik": "0001059556", "fillingDate": "2023-02-15", "acceptedDate": "2023-02-15 16:51:09", "calendarYear": "2022", "period": "Q4", "revenue": 1290000000, "costOfRevenue": 499000000, "grossProfit": 791000000, "grossProfitRatio": 0.6131782946, "researchAndDevelopmentExpenses": 0, "generalAndAdministrativeExpenses": 0, "sellingAndMarketingExpenses": 0, "sellingGeneralAndAdministrativeExpenses": 403000000, "otherExpenses": 0, "operatingExpenses": 403000000, "costAndExpenses": 902000000, "interestIncome": 6000000, "interestExpense": 64000000, "depreciationAndAmortization": 89000000, "ebitda": 480000000, "ebitdaratio": 0.3720930233, "operatingIncome": 388000000, "operatingIncomeRatio": 0.3007751938, "totalOtherIncomeExpensesNet": -61000000, "incomeBeforeTax": 327000000, "incomeBeforeTaxRatio": 0.2534883721, "incomeTaxExpense": 81000000, "netIncome": 246000000, "netIncomeRatio": 0.1906976744, "eps": 1.34, "epsdiluted": 1.34, "weightedAverageShsOut": 183200000, "weightedAverageShsOutDil": 183900000, "link": "https://www.sec.gov/Archives/edgar/data/1059556/000105955623000016/0001059556-23-000016-index.htm", "finalLink": "https://www.sec.gov/Archives/edgar/data/1059556/000105955623000016/mco-20221231.htm"}, {"date": "2022-09-30", "symbol": "MCO", "reportedCurrency": "USD", "cik": "0001059556", "fillingDate": "2022-10-26", "acceptedDate": "2022-10-26 16:03:32", "calendarYear": "2022", "period": "Q3", "revenue": 1275000000, "costOfRevenue": 476000000, "grossProfit": 799000000, "grossProfitRatio": 0.6266666667, "researchAndDevelopmentExpenses": 0, "generalAndAdministrativeExpenses": 0, "sellingAndMarketingExpenses": 0, "sellingGeneralAndAdministrativeExpenses": 385000000, "otherExpenses": 0, "operatingExpenses": 385000000, "costAndExpenses": 861000000, "interestIncome": 5000000, "interestExpense": 0, "depreciationAndAmortization": 83000000, "ebitda": 456000000, "ebitdaratio": 0.3576470588, "operatingIncome": 414000000, "operatingIncomeRatio": 0.3247058824, "totalOtherIncomeExpensesNet": -33000000, "incomeBeforeTax": 381000000, "incomeBeforeTaxRatio": 0.2988235294, "incomeTaxExpense": 78000000, "netIncome": 303000000, "netIncomeRatio": 0.2376470588, "eps": 1.65, "epsdiluted": 1.65, "weightedAverageShsOut": 183200000, "weightedAverageShsOutDil": 183900000, "link": "https://www.sec.gov/Archives/edgar/data/1059556/000105955622000063/0001059556-22-000063-index.htm", "finalLink": "https://www.sec.gov/Archives/edgar/data/1059556/000105955622000063/mco-20220930.htm"}, {"date": "2022-06-30", "symbol": "MCO", "reportedCurrency": "USD", "cik": "0001059556", "fillingDate": "2022-07-27", "acceptedDate": "2022-07-27 16:30:13", "calendarYear": "2022", "period": "Q2", "revenue": 1381000000, "costOfRevenue": 474000000, "grossProfit": 907000000, "grossProfitRatio": 0.6567704562, "researchAndDevelopmentExpenses": 0, "generalAndAdministrativeExpenses": 0, "sellingAndMarketingExpenses": 0, "sellingGeneralAndAdministrativeExpenses": 368000000, "otherExpenses": 0, "operatingExpenses": 368000000, "costAndExpenses": 842000000, "interestIncome": 2000000, "interestExpense": 0, "depreciationAndAmortization": 81000000, "ebitda": 522000000, "ebitdaratio": 0.377986966, "operatingIncome": 539000000, "operatingIncomeRatio": 0.3902968863, "totalOtherIncomeExpensesNet": -96000000, "incomeBeforeTax": 443000000, "incomeBeforeTaxRatio": 0.320782042, "incomeTaxExpense": 116000000, "netIncome": 327000000, "netIncomeRatio": 0.2367849385, "eps": 1.78, "epsdiluted": 1.77, "weightedAverageShsOut": 184100000, "weightedAverageShsOutDil": 184900000, "link": "https://www.sec.gov/Archives/edgar/data/1059556/000105955622000051/0001059556-22-000051-index.htm", "finalLink": "https://www.sec.gov/Archives/edgar/data/1059556/000105955622000051/mco-20220630.htm"}, {"date": "2022-03-31", "symbol": "MCO", "reportedCurrency": "USD", "cik": "0001059556", "fillingDate": "2022-05-02", "acceptedDate": "2022-05-02 16:22:27", "calendarYear": "2022", "period": "Q1", "revenue": 1522000000, "costOfRevenue": 495000000, "grossProfit": 1027000000, "grossProfitRatio": 0.6747700394, "researchAndDevelopmentExpenses": 0, "generalAndAdministrativeExpenses": 0, "sellingAndMarketingExpenses": 0, "sellingGeneralAndAdministrativeExpenses": 371000000, "otherExpenses": 0, "operatingExpenses": 371000000, "costAndExpenses": 866000000, "interestIncome": 2000000, "interestExpense": 1000000, "depreciationAndAmortization": 78000000, "ebitda": 688000000, "ebitdaratio": 0.4520367937, "operatingIncome": 656000000, "operatingIncomeRatio": 0.4310118265, "totalOtherIncomeExpensesNet": -47000000, "incomeBeforeTax": 609000000, "incomeBeforeTaxRatio": 0.400131406, "incomeTaxExpense": 111000000, "netIncome": 498000000, "netIncomeRatio": 0.3272010512, "eps": 2.69, "epsdiluted": 2.68, "weightedAverageShsOut": 185100000, "weightedAverageShsOutDil": 186100000, "link": "https://www.sec.gov/Archives/edgar/data/1059556/000105955622000024/0001059556-22-000024-index.htm", "finalLink": "https://www.sec.gov/Archives/edgar/data/1059556/000105955622000024/mco-20220331.htm"}, {"date": "2021-12-31", "symbol": "MCO", "reportedCurrency": "USD", "cik": "0001059556", "fillingDate": "2022-02-22", "acceptedDate": "2022-02-18 19:42:35", "calendarYear": "2021", "period": "Q4", "revenue": 1539000000, "costOfRevenue": 562000000, "grossProfit": 977000000, "grossProfitRatio": 0.6348278103, "researchAndDevelopmentExpenses": 0, "generalAndAdministrativeExpenses": 0, "sellingAndMarketingExpenses": 0, "sellingGeneralAndAdministrativeExpenses": 465000000, "otherExpenses": 0, "operatingExpenses": 465000000, "costAndExpenses": 1027000000, "interestIncome": 2000000, "interestExpense": 96000000, "depreciationAndAmortization": 77000000, "ebitda": 689000000, "ebitdaratio": 0.4476933073, "operatingIncome": 512000000, "operatingIncomeRatio": 0.3326835608, "totalOtherIncomeExpensesNet": 4000000, "incomeBeforeTax": 516000000, "incomeBeforeTaxRatio": 0.3352826511, "incomeTaxExpense": 89000000, "netIncome": 427000000, "netIncomeRatio": 0.2774528915, "eps": 2.3, "epsdiluted": 2.28, "weightedAverageShsOut": 185800000, "weightedAverageShsOutDil": 187400000, "link": "https://www.sec.gov/Archives/edgar/data/1059556/000105955622000012/0001059556-22-000012-index.htm", "finalLink": "https://www.sec.gov/Archives/edgar/data/1059556/000105955622000012/mco-20211231.htm"}, {"date": "2021-09-30", "symbol": "MCO", "reportedCurrency": "USD", "cik": "0001059556", "fillingDate": "2021-10-29", "acceptedDate": "2021-10-29 16:39:32", "calendarYear": "2021", "period": "Q3", "revenue": 1526000000, "costOfRevenue": 455000000, "grossProfit": 1071000000, "grossProfitRatio": 0.7018348624, "researchAndDevelopmentExpenses": 0, "generalAndAdministrativeExpenses": 0, "sellingAndMarketingExpenses": 0, "sellingGeneralAndAdministrativeExpenses": 395000000, "otherExpenses": 0, "operatingExpenses": 395000000, "costAndExpenses": 850000000, "interestIncome": 3000000, "interestExpense": 53000000, "depreciationAndAmortization": 61000000, "ebitda": 733000000, "ebitdaratio": 0.4803407602, "operatingIncome": 676000000, "operatingIncomeRatio": 0.4429882045, "totalOtherIncomeExpensesNet": -57000000, "incomeBeforeTax": 619000000, "incomeBeforeTaxRatio": 0.4056356488, "incomeTaxExpense": 145000000, "netIncome": 474000000, "netIncomeRatio": 0.3106159895, "eps": 2.55, "epsdiluted": 2.53, "weightedAverageShsOut": 186000000, "weightedAverageShsOutDil": 187300000, "link": "https://www.sec.gov/Archives/edgar/data/1059556/000105955621000030/0001059556-21-000030-index.htm", "finalLink": "https://www.sec.gov/Archives/edgar/data/1059556/000105955621000030/mco-20210930.htm"}, {"date": "2021-06-30", "symbol": "MCO", "reportedCurrency": "USD", "cik": "0001059556", "fillingDate": "2021-07-30", "acceptedDate": "2021-07-29 17:37:02", "calendarYear": "2021", "period": "Q2", "revenue": 1553000000, "costOfRevenue": 425000000, "grossProfit": 1128000000, "grossProfitRatio": 0.7263361236, "researchAndDevelopmentExpenses": 0, "generalAndAdministrativeExpenses": 0, "sellingAndMarketingExpenses": 0, "sellingGeneralAndAdministrativeExpenses": 327000000, "otherExpenses": 0, "operatingExpenses": 327000000, "costAndExpenses": 752000000, "interestIncome": 1000000, "interestExpense": 47000000, "depreciationAndAmortization": 60000000, "ebitda": 865000000, "ebitdaratio": 0.5569864778, "operatingIncome": 801000000, "operatingIncomeRatio": 0.5157759176, "totalOtherIncomeExpensesNet": -43000000, "incomeBeforeTax": 758000000, "incomeBeforeTaxRatio": 0.4880875724, "incomeTaxExpense": 181000000, "netIncome": 577000000, "netIncomeRatio": 0.3715389569, "eps": 3.09, "epsdiluted": 3.07, "weightedAverageShsOut": 186700000, "weightedAverageShsOutDil": 187900000, "link": "https://www.sec.gov/Archives/edgar/data/1059556/000105955621000025/0001059556-21-000025-index.htm", "finalLink": "https://www.sec.gov/Archives/edgar/data/1059556/000105955621000025/mco-20210630.htm"}, {"date": "2021-03-31", "symbol": "MCO", "reportedCurrency": "USD", "cik": "0001059556", "fillingDate": "2021-04-29", "acceptedDate": "2021-04-29 16:57:28", "calendarYear": "2021", "period": "Q1", "revenue": 1600000000, "costOfRevenue": 452000000, "grossProfit": 1148000000, "grossProfitRatio": 0.7175, "researchAndDevelopmentExpenses": 0, "generalAndAdministrativeExpenses": 0, "sellingAndMarketingExpenses": 0, "sellingGeneralAndAdministrativeExpenses": 293000000, "otherExpenses": 0, "operatingExpenses": 293000000, "costAndExpenses": 745000000, "interestIncome": 3000000, "interestExpense": 39000000, "depreciationAndAmortization": 59000000, "ebitda": 960000000, "ebitdaratio": 0.6, "operatingIncome": 855000000, "operatingIncomeRatio": 0.534375, "totalOtherIncomeExpensesNet": 7000000, "incomeBeforeTax": 862000000, "incomeBeforeTaxRatio": 0.53875, "incomeTaxExpense": 126000000, "netIncome": 736000000, "netIncomeRatio": 0.46, "eps": 3.93, "epsdiluted": 3.9, "weightedAverageShsOut": 187200000, "weightedAverageShsOutDil": 188600000, "link": "https://www.sec.gov/Archives/edgar/data/1059556/000105955621000015/0001059556-21-000015-index.htm", "finalLink": "https://www.sec.gov/Archives/edgar/data/1059556/000105955621000015/mco-20210331.htm"}, {"date": "2020-12-31", "symbol": "MCO", "reportedCurrency": "USD", "cik": "0001059556", "fillingDate": "2021-02-22", "acceptedDate": "2021-02-19 18:39:42", "calendarYear": "2020", "period": "Q4", "revenue": 1290000000, "costOfRevenue": 466000000, "grossProfit": 824000000, "grossProfitRatio": 0.6387596899, "researchAndDevelopmentExpenses": 0, "generalAndAdministrativeExpenses": 0, "sellingAndMarketingExpenses": 0, "sellingGeneralAndAdministrativeExpenses": 350000000, "otherExpenses": 0, "operatingExpenses": 350000000, "costAndExpenses": 816000000, "interestIncome": 2000000, "interestExpense": 138000000, "depreciationAndAmortization": 57000000, "ebitda": 595000000, "ebitdaratio": 0.4612403101, "operatingIncome": 474000000, "operatingIncomeRatio": 0.3674418605, "totalOtherIncomeExpensesNet": -74000000, "incomeBeforeTax": 400000000, "incomeBeforeTaxRatio": 0.3100775194, "incomeTaxExpense": 86000000, "netIncome": 314000000, "netIncomeRatio": 0.2434108527, "eps": 1.67, "epsdiluted": 1.66, "weightedAverageShsOut": 187600000, "weightedAverageShsOutDil": 189200000, "link": "https://www.sec.gov/Archives/edgar/data/1059556/000105955621000010/0001059556-21-000010-index.htm", "finalLink": "https://www.sec.gov/Archives/edgar/data/1059556/000105955621000010/mco-20201231.htm"}, {"date": "2020-09-30", "symbol": "MCO", "reportedCurrency": "USD", "cik": "0001059556", "fillingDate": "2020-10-30", "acceptedDate": "2020-10-30 17:28:06", "calendarYear": "2020", "period": "Q3", "revenue": 1356000000, "costOfRevenue": 420000000, "grossProfit": 936000000, "grossProfitRatio": 0.6902654867, "researchAndDevelopmentExpenses": 0, "generalAndAdministrativeExpenses": 0, "sellingAndMarketingExpenses": 0, "sellingGeneralAndAdministrativeExpenses": 271000000, "otherExpenses": 0, "operatingExpenses": 271000000, "costAndExpenses": 691000000, "interestIncome": 2000000, "interestExpense": 48000000, "depreciationAndAmortization": 56000000, "ebitda": 703000000, "ebitdaratio": 0.5184365782, "operatingIncome": 665000000, "operatingIncomeRatio": 0.4904129794, "totalOtherIncomeExpensesNet": -66000000, "incomeBeforeTax": 599000000, "incomeBeforeTaxRatio": 0.441740413, "incomeTaxExpense": 132000000, "netIncome": 467000000, "netIncomeRatio": 0.3443952802, "eps": 2.49, "epsdiluted": 2.47, "weightedAverageShsOut": 187800000, "weightedAverageShsOutDil": 189300000, "link": "https://www.sec.gov/Archives/edgar/data/1059556/000105955620000025/0001059556-20-000025-index.htm", "finalLink": "https://www.sec.gov/Archives/edgar/data/1059556/000105955620000025/mco-20200930.htm"}, {"date": "2020-06-30", "symbol": "MCO", "reportedCurrency": "USD", "cik": "0001059556", "fillingDate": "2020-07-31", "acceptedDate": "2020-07-31 17:07:03", "calendarYear": "2020", "period": "Q2", "revenue": 1435000000, "costOfRevenue": 420000000, "grossProfit": 1015000000, "grossProfitRatio": 0.7073170732, "researchAndDevelopmentExpenses": 0, "generalAndAdministrativeExpenses": 0, "sellingAndMarketingExpenses": 0, "sellingGeneralAndAdministrativeExpenses": 307000000, "otherExpenses": 0, "operatingExpenses": 307000000, "costAndExpenses": 727000000, "interestIncome": 3000000, "interestExpense": 0, "depreciationAndAmortization": 58000000, "ebitda": 717000000, "ebitdaratio": 0.4996515679, "operatingIncome": 708000000, "operatingIncomeRatio": 0.4933797909, "totalOtherIncomeExpensesNet": -42000000, "incomeBeforeTax": 666000000, "incomeBeforeTaxRatio": 0.4641114983, "incomeTaxExpense": 157000000, "netIncome": 509000000, "netIncomeRatio": 0.3547038328, "eps": 2.71, "epsdiluted": 2.69, "weightedAverageShsOut": 187700000, "weightedAverageShsOutDil": 189000000, "link": "https://www.sec.gov/Archives/edgar/data/1059556/000105955620000019/0001059556-20-000019-index.htm", "finalLink": "https://www.sec.gov/Archives/edgar/data/1059556/000105955620000019/mco-20200630.htm"}, {"date": "2020-03-31", "symbol": "MCO", "reportedCurrency": "USD", "cik": "0001059556", "fillingDate": "2020-05-01", "acceptedDate": "2020-05-01 17:18:21", "calendarYear": "2020", "period": "Q1", "revenue": 1290000000, "costOfRevenue": 389000000, "grossProfit": 901000000, "grossProfitRatio": 0.6984496124, "researchAndDevelopmentExpenses": 0, "generalAndAdministrativeExpenses": 0, "sellingAndMarketingExpenses": 0, "sellingGeneralAndAdministrativeExpenses": 301000000, "otherExpenses": 0, "operatingExpenses": 301000000, "costAndExpenses": 690000000, "interestIncome": 4000000, "interestExpense": 0, "depreciationAndAmortization": 49000000, "ebitda": 607000000, "ebitdaratio": 0.4705426357, "operatingIncome": 600000000, "operatingIncomeRatio": 0.4651162791, "totalOtherIncomeExpensesNet": -36000000, "incomeBeforeTax": 564000000, "incomeBeforeTaxRatio": 0.4372093023, "incomeTaxExpense": 77000000, "netIncome": 488000000, "netIncomeRatio": 0.3782945736, "eps": 2.6, "epsdiluted": 2.57, "weightedAverageShsOut": 187500000, "weightedAverageShsOutDil": 189600000, "link": "https://www.sec.gov/Archives/edgar/data/1059556/000105955620000010/0001059556-20-000010-index.htm", "finalLink": "https://www.sec.gov/Archives/edgar/data/1059556/000105955620000010/mco-20200331.htm"}, {"date": "2019-12-31", "symbol": "MCO", "reportedCurrency": "USD", "cik": "0001059556", "fillingDate": "2020-02-24", "acceptedDate": "2020-02-21 18:43:29", "calendarYear": "2019", "period": "Q4", "revenue": 1233000000, "costOfRevenue": 405000000, "grossProfit": 828000000, "grossProfitRatio": 0.6715328467, "researchAndDevelopmentExpenses": 0, "generalAndAdministrativeExpenses": 0, "sellingAndMarketingExpenses": 0, "sellingGeneralAndAdministrativeExpenses": 319000000, "otherExpenses": 0, "operatingExpenses": 319000000, "costAndExpenses": 724000000, "interestIncome": 4000000, "interestExpense": 67000000, "depreciationAndAmortization": 50000000, "ebitda": 569000000, "ebitdaratio": 0.4614760746, "operatingIncome": 509000000, "operatingIncomeRatio": 0.4128142741, "totalOtherIncomeExpensesNet": -57000000, "incomeBeforeTax": 452000000, "incomeBeforeTaxRatio": 0.3665855637, "incomeTaxExpense": 91000000, "netIncome": 359000000, "netIncomeRatio": 0.2911597729, "eps": 1.91, "epsdiluted": 1.88, "weightedAverageShsOut": 188300000, "weightedAverageShsOutDil": 190600000, "link": "https://www.sec.gov/Archives/edgar/data/1059556/000105955620000005/0001059556-20-000005-index.htm", "finalLink": "https://www.sec.gov/Archives/edgar/data/1059556/000105955620000005/mco-20191231.htm"}, {"date": "2019-09-30", "symbol": "MCO", "reportedCurrency": "USD", "cik": "0001059556", "fillingDate": "2019-11-01", "acceptedDate": "2019-10-31 18:37:12", "calendarYear": "2019", "period": "Q3", "revenue": 1240500000, "costOfRevenue": 398800000, "grossProfit": 841700000, "grossProfitRatio": 0.6785167271, "researchAndDevelopmentExpenses": 0, "generalAndAdministrativeExpenses": 0, "sellingAndMarketingExpenses": 0, "sellingGeneralAndAdministrativeExpenses": 291900000, "otherExpenses": 0, "operatingExpenses": 291900000, "costAndExpenses": 690700000, "interestIncome": 3600000, "interestExpense": 60200000, "depreciationAndAmortization": 48600000, "ebitda": 621600000, "ebitdaratio": 0.5010882709, "operatingIncome": 549800000, "operatingIncomeRatio": 0.4432083837, "totalOtherIncomeExpensesNet": -37000000, "incomeBeforeTax": 512800000, "incomeBeforeTaxRatio": 0.4133817009, "incomeTaxExpense": 130400000, "netIncome": 379400000, "netIncomeRatio": 0.3058444176, "eps": 2.01, "epsdiluted": 1.99, "weightedAverageShsOut": 189000000, "weightedAverageShsOutDil": 191100000, "link": "https://www.sec.gov/Archives/edgar/data/1059556/000105955619000009/0001059556-19-000009-index.htm", "finalLink": "https://www.sec.gov/Archives/edgar/data/1059556/000105955619000009/mco-20190930x10q.htm"}, {"date": "2019-06-30", "symbol": "MCO", "reportedCurrency": "USD", "cik": "0001059556", "fillingDate": "2019-08-02", "acceptedDate": "2019-08-01 21:29:34", "calendarYear": "2019", "period": "Q2", "revenue": 1213600000, "costOfRevenue": 390900000, "grossProfit": 822700000, "grossProfitRatio": 0.6779004614, "researchAndDevelopmentExpenses": 0, "generalAndAdministrativeExpenses": 0, "sellingAndMarketingExpenses": 0, "sellingGeneralAndAdministrativeExpenses": 274700000, "otherExpenses": 0, "operatingExpenses": 274700000, "costAndExpenses": 665600000, "interestIncome": 3900000, "interestExpense": 62400000, "depreciationAndAmortization": 51000000, "ebitda": 546700000, "ebitdaratio": 0.4504779169, "operatingIncome": 548000000, "operatingIncomeRatio": 0.4515491101, "totalOtherIncomeExpensesNet": -114700000, "incomeBeforeTax": 433300000, "incomeBeforeTaxRatio": 0.357036915, "incomeTaxExpense": 121300000, "netIncome": 310300000, "netIncomeRatio": 0.2556855636, "eps": 1.64, "epsdiluted": 1.62, "weightedAverageShsOut": 189400000, "weightedAverageShsOutDil": 191300000, "link": "https://www.sec.gov/Archives/edgar/data/1059556/000105955619000004/0001059556-19-000004-index.htm", "finalLink": "https://www.sec.gov/Archives/edgar/data/1059556/000105955619000004/mco-20190630.htm"}, {"date": "2019-03-31", "symbol": "MCO", "reportedCurrency": "USD", "cik": "0001059556", "fillingDate": "2019-05-02", "acceptedDate": "2019-05-01 19:19:43", "calendarYear": "2019", "period": "Q1", "revenue": 1142100000, "costOfRevenue": 392000000, "grossProfit": 750100000, "grossProfitRatio": 0.6567726119, "researchAndDevelopmentExpenses": 0, "generalAndAdministrativeExpenses": 0, "sellingAndMarketingExpenses": 0, "sellingGeneralAndAdministrativeExpenses": 281500000, "otherExpenses": 0, "operatingExpenses": 281500000, "costAndExpenses": 673500000, "interestIncome": 5000000, "interestExpense": 54500000, "depreciationAndAmortization": 50300000, "ebitda": 516300000, "ebitdaratio": 0.4520619911, "operatingIncome": 468600000, "operatingIncomeRatio": 0.4102968216, "totalOtherIncomeExpensesNet": -57100000, "incomeBeforeTax": 411500000, "incomeBeforeTaxRatio": 0.3603011995, "incomeTaxExpense": 37900000, "netIncome": 372900000, "netIncomeRatio": 0.3265038088, "eps": 1.96, "epsdiluted": 1.93, "weightedAverageShsOut": 190400000, "weightedAverageShsOutDil": 192800000, "link": "https://www.sec.gov/Archives/edgar/data/1059556/000119312519133505/0001193125-19-133505-index.htm", "finalLink": "https://www.sec.gov/Archives/edgar/data/1059556/000119312519133505/d734583d10q.htm"}, {"date": "2018-12-31", "symbol": "MCO", "reportedCurrency": "USD", "cik": "0001059556", "fillingDate": "2019-02-25", "acceptedDate": "2019-02-22 19:46:27", "calendarYear": "2018", "period": "Q4", "revenue": 1060100000, "costOfRevenue": 352400000, "grossProfit": 707700000, "grossProfitRatio": 0.6675785303, "researchAndDevelopmentExpenses": 0, "generalAndAdministrativeExpenses": 0, "sellingAndMarketingExpenses": 0, "sellingGeneralAndAdministrativeExpenses": 278200000, "otherExpenses": 0, "operatingExpenses": 278200000, "costAndExpenses": 630600000, "interestIncome": 4000000, "interestExpense": 67500000, "depreciationAndAmortization": 48300000, "ebitda": 437400000, "ebitdaratio": 0.4126025847, "operatingIncome": 429500000, "operatingIncomeRatio": 0.4051504575, "totalOtherIncomeExpensesNet": -107900000, "incomeBeforeTax": 321600000, "incomeBeforeTaxRatio": 0.3033676068, "incomeTaxExpense": 68900000, "netIncome": 250300000, "netIncomeRatio": 0.236109801, "eps": 1.31, "epsdiluted": 1.29, "weightedAverageShsOut": 191400000, "weightedAverageShsOutDil": 194000000, "link": "https://www.sec.gov/Archives/edgar/data/1059556/000119312519048576/0001193125-19-048576-index.htm", "finalLink": "https://www.sec.gov/Archives/edgar/data/1059556/000119312519048576/d679514d10k.htm"}, {"date": "2018-09-30", "symbol": "MCO", "reportedCurrency": "USD", "cik": "0001059556", "fillingDate": "2018-10-31", "acceptedDate": "2018-10-31 16:40:01", "calendarYear": "2018", "period": "Q3", "revenue": 1080800000, "costOfRevenue": 352400000, "grossProfit": 728400000, "grossProfitRatio": 0.6739452258, "researchAndDevelopmentExpenses": 0, "generalAndAdministrativeExpenses": 0, "sellingAndMarketingExpenses": 0, "sellingGeneralAndAdministrativeExpenses": 260300000, "otherExpenses": 0, "operatingExpenses": 260300000, "costAndExpenses": 612700000, "interestIncome": 4099999, "interestExpense": 45600000, "depreciationAndAmortization": 46100000, "ebitda": 504500000, "ebitdaratio": 0.4667838638, "operatingIncome": 468100000, "operatingIncomeRatio": 0.4331051073, "totalOtherIncomeExpensesNet": -55300000, "incomeBeforeTax": 412800000, "incomeBeforeTaxRatio": 0.3819393042, "incomeTaxExpense": 100800000, "netIncome": 310200000, "netIncomeRatio": 0.2870096225, "eps": 1.62, "epsdiluted": 1.59, "weightedAverageShsOut": 191800000, "weightedAverageShsOutDil": 194500000, "link": "https://www.sec.gov/Archives/edgar/data/1059556/000119312518314004/0001193125-18-314004-index.htm", "finalLink": "https://www.sec.gov/Archives/edgar/data/1059556/000119312518314004/d603526d10q.htm"}, {"date": "2018-06-30", "symbol": "MCO", "reportedCurrency": "USD", "cik": "0001059556", "fillingDate": "2018-08-02", "acceptedDate": "2018-08-01 19:29:51", "calendarYear": "2018", "period": "Q2", "revenue": 1175100000, "costOfRevenue": 368600000, "grossProfit": 806500000, "grossProfitRatio": 0.6863245681, "researchAndDevelopmentExpenses": 0, "generalAndAdministrativeExpenses": 0, "sellingAndMarketingExpenses": 0, "sellingGeneralAndAdministrativeExpenses": 270500000, "otherExpenses": 0, "operatingExpenses": 270500000, "costAndExpenses": 639100000, "interestIncome": 3400000, "interestExpense": 48800000, "depreciationAndAmortization": 48400000, "ebitda": 592700000, "ebitdaratio": 0.5043826057, "operatingIncome": 536000000, "operatingIncomeRatio": 0.4561313931, "totalOtherIncomeExpensesNet": -40500000, "incomeBeforeTax": 495500000, "incomeBeforeTaxRatio": 0.4216662412, "incomeTaxExpense": 117600000, "netIncome": 376200000, "netIncomeRatio": 0.3201429666, "eps": 1.96, "epsdiluted": 1.94, "weightedAverageShsOut": 191900000, "weightedAverageShsOutDil": 194400000, "link": "https://www.sec.gov/Archives/edgar/data/1059556/000119312518235267/0001193125-18-235267-index.htm", "finalLink": "https://www.sec.gov/Archives/edgar/data/1059556/000119312518235267/d585104d10q.htm"}, {"date": "2018-03-31", "symbol": "MCO", "reportedCurrency": "USD", "cik": "0001059556", "fillingDate": "2018-05-01", "acceptedDate": "2018-05-01 17:18:28", "calendarYear": "2018", "period": "Q1", "revenue": 1126700000, "costOfRevenue": 364000000, "grossProfit": 762700000, "grossProfitRatio": 0.6769326351, "researchAndDevelopmentExpenses": 0, "generalAndAdministrativeExpenses": 0, "sellingAndMarketingExpenses": 0, "sellingGeneralAndAdministrativeExpenses": 271100000, "otherExpenses": 0, "operatingExpenses": 271100000, "costAndExpenses": 635100000, "interestIncome": 3200000, "interestExpense": 50900000, "depreciationAndAmortization": 49100000, "ebitda": 541100000, "ebitdaratio": 0.4802520635, "operatingIncome": 491600000, "operatingIncomeRatio": 0.4363184521, "totalOtherIncomeExpensesNet": -50500000, "incomeBeforeTax": 441100000, "incomeBeforeTaxRatio": 0.391497293, "incomeTaxExpense": 64300000, "netIncome": 372900000, "netIncomeRatio": 0.3309665395, "eps": 1.95, "epsdiluted": 1.92, "weightedAverageShsOut": 191400000, "weightedAverageShsOutDil": 194500000, "link": "https://www.sec.gov/Archives/edgar/data/1059556/000119312518146828/0001193125-18-146828-index.htm", "finalLink": "https://www.sec.gov/Archives/edgar/data/1059556/000119312518146828/d577045d10q.htm"}, {"date": "2017-12-31", "symbol": "MCO", "reportedCurrency": "USD", "cik": "0001059556", "fillingDate": "2018-02-27", "acceptedDate": "2018-02-26 21:08:03", "calendarYear": "2017", "period": "Q4", "revenue": 1165500000, "costOfRevenue": 390800000, "grossProfit": 774700000, "grossProfitRatio": 0.6646932647, "researchAndDevelopmentExpenses": 42000000, "generalAndAdministrativeExpenses": 0, "sellingAndMarketingExpenses": 0, "sellingGeneralAndAdministrativeExpenses": 303400000, "otherExpenses": 0, "operatingExpenses": 303400000, "costAndExpenses": 694200000, "interestIncome": 3000000, "interestExpense": 58900000, "depreciationAndAmortization": 49900000, "ebitda": 516500000, "ebitdaratio": 0.4431574432, "operatingIncome": 471300000, "operatingIncomeRatio": 0.4043758044, "totalOtherIncomeExpensesNet": -63600000, "incomeBeforeTax": 407700000, "incomeBeforeTaxRatio": 0.3498069498, "incomeTaxExpense": 379200000, "netIncome": 25500000, "netIncomeRatio": 0.0218790219, "eps": 0.13, "epsdiluted": 0.13, "weightedAverageShsOut": 191000000, "weightedAverageShsOutDil": 194400000, "link": "https://www.sec.gov/Archives/edgar/data/1059556/000119312518058986/0001193125-18-058986-index.htm", "finalLink": "https://www.sec.gov/Archives/edgar/data/1059556/000119312518058986/d540752d10k.htm"}, {"date": "2017-09-30", "symbol": "MCO", "reportedCurrency": "USD", "cik": "0001059556", "fillingDate": "2017-11-09", "acceptedDate": "2017-11-08 18:37:27", "calendarYear": "2017", "period": "Q3", "revenue": 1062900000, "costOfRevenue": 358600000, "grossProfit": 704300000, "grossProfitRatio": 0.6626211309, "researchAndDevelopmentExpenses": 0, "generalAndAdministrativeExpenses": 0, "sellingAndMarketingExpenses": 0, "sellingGeneralAndAdministrativeExpenses": 245700000, "otherExpenses": 0, "operatingExpenses": 245700000, "costAndExpenses": 604300000, "interestIncome": 4300000, "interestExpense": 53600000, "depreciationAndAmortization": 43000000, "ebitda": 562400000, "ebitdaratio": 0.5291184495, "operatingIncome": 458600000, "operatingIncomeRatio": 0.431461097, "totalOtherIncomeExpensesNet": 7200000, "incomeBeforeTax": 465800000, "incomeBeforeTaxRatio": 0.4382350174, "incomeTaxExpense": 146100000, "netIncome": 317300000, "netIncomeRatio": 0.298522909, "eps": 1.66, "epsdiluted": 1.63, "weightedAverageShsOut": 191100000, "weightedAverageShsOutDil": 194100000, "link": "https://www.sec.gov/Archives/edgar/data/1059556/000119312517337521/0001193125-17-337521-index.htm", "finalLink": "https://www.sec.gov/Archives/edgar/data/1059556/000119312517337521/d482068d10q.htm"}, {"date": "2017-06-30", "symbol": "MCO", "reportedCurrency": "USD", "cik": "0001059556", "fillingDate": "2017-07-27", "acceptedDate": "2017-07-26 19:59:58", "calendarYear": "2017", "period": "Q2", "revenue": 1000500000, "costOfRevenue": 317700000, "grossProfit": 682800000, "grossProfitRatio": 0.6824587706, "researchAndDevelopmentExpenses": 0, "generalAndAdministrativeExpenses": 0, "sellingAndMarketingExpenses": 0, "sellingGeneralAndAdministrativeExpenses": 216100000, "otherExpenses": 0, "operatingExpenses": 216100000, "costAndExpenses": 533799999, "interestIncome": 4600000, "interestExpense": 52300000, "depreciationAndAmortization": 32900000, "ebitda": 547200000, "ebitdaratio": 0.5469265367, "operatingIncome": 466700000, "operatingIncomeRatio": 0.4664667666, "totalOtherIncomeExpensesNet": -4700000, "incomeBeforeTax": 462000000, "incomeBeforeTaxRatio": 0.4617691154, "incomeTaxExpense": 148400000, "netIncome": 312200000, "netIncomeRatio": 0.312043978, "eps": 1.63, "epsdiluted": 1.61, "weightedAverageShsOut": 191000000, "weightedAverageShsOutDil": 193800000, "link": "https://www.sec.gov/Archives/edgar/data/1059556/000119312517236880/0001193125-17-236880-index.htm", "finalLink": "https://www.sec.gov/Archives/edgar/data/1059556/000119312517236880/d428987d10q.htm"}, {"date": "2017-03-31", "symbol": "MCO", "reportedCurrency": "USD", "cik": "0001059556", "fillingDate": "2017-05-09", "acceptedDate": "2017-05-08 20:12:04", "calendarYear": "2017", "period": "Q1", "revenue": 975200000, "costOfRevenue": 309900000, "grossProfit": 665300000, "grossProfitRatio": 0.682219032, "researchAndDevelopmentExpenses": 0, "generalAndAdministrativeExpenses": 0, "sellingAndMarketingExpenses": 0, "sellingGeneralAndAdministrativeExpenses": 221900000, "otherExpenses": 0, "operatingExpenses": 221900000, "costAndExpenses": 531799999, "interestIncome": 4099999, "interestExpense": 46700000, "depreciationAndAmortization": 32500000, "ebitda": 530500000, "ebitdaratio": 0.5439909762, "operatingIncome": 443400000, "operatingIncomeRatio": 0.4546759639, "totalOtherIncomeExpensesNet": 7900000, "incomeBeforeTax": 451300000, "incomeBeforeTaxRatio": 0.4627768663, "incomeTaxExpense": 105400000, "netIncome": 345600000, "netIncomeRatio": 0.3543888433, "eps": 1.81, "epsdiluted": 1.78, "weightedAverageShsOut": 191100000, "weightedAverageShsOutDil": 194300000, "link": "https://www.sec.gov/Archives/edgar/data/1059556/000119312517162995/0001193125-17-162995-index.htm", "finalLink": "https://www.sec.gov/Archives/edgar/data/1059556/000119312517162995/d383610d10q.htm"}, {"date": "2016-12-31", "symbol": "MCO", "reportedCurrency": "USD", "cik": "0001059556", "fillingDate": "2017-02-24", "acceptedDate": "2017-02-23 21:20:50", "calendarYear": "2016", "period": "Q4", "revenue": 942100000, "costOfRevenue": 298200000, "grossProfit": 643900000, "grossProfitRatio": 0.683473092, "researchAndDevelopmentExpenses": 40100000, "generalAndAdministrativeExpenses": 0, "sellingAndMarketingExpenses": 0, "sellingGeneralAndAdministrativeExpenses": 253200000, "otherExpenses": 0, "operatingExpenses": 253200000, "costAndExpenses": 551400000, "interestIncome": 2700000, "interestExpense": 38300000, "depreciationAndAmortization": 32900000, "ebitda": -394300000, "ebitdaratio": -0.4185330644, "operatingIncome": 390700000, "operatingIncomeRatio": 0.414711814, "totalOtherIncomeExpensesNet": -856200000, "incomeBeforeTax": -465500000, "incomeBeforeTaxRatio": -0.4941089056, "incomeTaxExpense": -40000000, "netIncome": -428600000, "netIncomeRatio": -0.4549410891, "eps": -2.25, "epsdiluted": -2.22, "weightedAverageShsOut": 190800000, "weightedAverageShsOutDil": 193400000, "link": "https://www.sec.gov/Archives/edgar/data/1059556/000119312517054522/0001193125-17-054522-index.htm", "finalLink": "https://www.sec.gov/Archives/edgar/data/1059556/000119312517054522/d330369d10k.htm"}, {"date": "2016-09-30", "symbol": "MCO", "reportedCurrency": "USD", "cik": "0001059556", "fillingDate": "2016-10-24", "acceptedDate": "2016-10-24 11:11:20", "calendarYear": "2016", "period": "Q3", "revenue": 917100000, "costOfRevenue": 285900000, "grossProfit": 631200000, "grossProfitRatio": 0.6882564606, "researchAndDevelopmentExpenses": 0, "generalAndAdministrativeExpenses": 0, "sellingAndMarketingExpenses": 0, "sellingGeneralAndAdministrativeExpenses": 225300000, "otherExpenses": 0, "operatingExpenses": 225300000, "costAndExpenses": 511200000, "interestIncome": 2500000, "interestExpense": 38300000, "depreciationAndAmortization": 32700000, "ebitda": 440000000, "ebitdaratio": 0.4797731981, "operatingIncome": 405900000, "operatingIncomeRatio": 0.4425907753, "totalOtherIncomeExpensesNet": -36900000, "incomeBeforeTax": 369000000, "incomeBeforeTaxRatio": 0.4023552502, "incomeTaxExpense": 112400000, "netIncome": 255300000, "netIncomeRatio": 0.2783774943, "eps": 1.33, "epsdiluted": 1.31, "weightedAverageShsOut": 191700000, "weightedAverageShsOutDil": 194300000, "link": "https://www.sec.gov/Archives/edgar/data/1059556/000119312516744801/0001193125-16-744801-index.htm", "finalLink": "https://www.sec.gov/Archives/edgar/data/1059556/000119312516744801/d246936d10q.htm"}, {"date": "2016-06-30", "symbol": "MCO", "reportedCurrency": "USD", "cik": "0001059556", "fillingDate": "2016-07-28", "acceptedDate": "2016-07-27 19:32:57", "calendarYear": "2016", "period": "Q2", "revenue": 928900000, "costOfRevenue": 258900000, "grossProfit": 670000000, "grossProfitRatio": 0.7212832382, "researchAndDevelopmentExpenses": 0, "generalAndAdministrativeExpenses": 0, "sellingAndMarketingExpenses": 0, "sellingGeneralAndAdministrativeExpenses": 228600000, "otherExpenses": -800000, "operatingExpenses": 259800000, "costAndExpenses": 518700000, "interestIncome": 2800000, "interestExpense": 37100000, "depreciationAndAmortization": 31200000, "ebitda": 441400000, "ebitdaratio": 0.4751857035, "operatingIncome": 410200000, "operatingIncomeRatio": 0.4415975885, "totalOtherIncomeExpensesNet": -31300000, "incomeBeforeTax": 378900000, "incomeBeforeTaxRatio": 0.4079018194, "incomeTaxExpense": 120800000, "netIncome": 255500000, "netIncomeRatio": 0.2750565185, "eps": 1.32, "epsdiluted": 1.3, "weightedAverageShsOut": 193400000, "weightedAverageShsOutDil": 195800000, "link": "https://www.sec.gov/Archives/edgar/data/1059556/000119312516660481/0001193125-16-660481-index.htm", "finalLink": "https://www.sec.gov/Archives/edgar/data/1059556/000119312516660481/d226790d10q.htm"}, {"date": "2016-03-31", "symbol": "MCO", "reportedCurrency": "USD", "cik": "0001059556", "fillingDate": "2016-05-04", "acceptedDate": "2016-05-03 19:54:52", "calendarYear": "2016", "period": "Q1", "revenue": 816100000, "costOfRevenue": 249200000, "grossProfit": 566900000, "grossProfitRatio": 0.6946452641, "researchAndDevelopmentExpenses": 0, "generalAndAdministrativeExpenses": 0, "sellingAndMarketingExpenses": 0, "sellingGeneralAndAdministrativeExpenses": 232900000, "otherExpenses": -300000, "operatingExpenses": 262800000, "costAndExpenses": 512000000, "interestIncome": 2900000, "interestExpense": 37000000, "depreciationAndAmortization": 29900000, "ebitda": 334300000, "ebitdaratio": 0.4096311727, "operatingIncome": 304100000, "operatingIncomeRatio": 0.3726259037, "totalOtherIncomeExpensesNet": -28500000, "incomeBeforeTax": 275600000, "incomeBeforeTaxRatio": 0.3377037128, "incomeTaxExpense": 89000000, "netIncome": 184400000, "netIncomeRatio": 0.2259527019, "eps": 0.95, "epsdiluted": 0.93, "weightedAverageShsOut": 195000000, "weightedAverageShsOutDil": 197900000, "link": "https://www.sec.gov/Archives/edgar/data/1059556/000119312516575475/0001193125-16-575475-index.htm", "finalLink": "https://www.sec.gov/Archives/edgar/data/1059556/000119312516575475/d149654d10q.htm"}, {"date": "2015-12-31", "symbol": "MCO", "reportedCurrency": "USD", "cik": "0001059556", "fillingDate": "2016-02-25", "acceptedDate": "2016-02-24 21:23:27", "calendarYear": "2015", "period": "Q4", "revenue": 865900000, "costOfRevenue": 251900000, "grossProfit": 614000000, "grossProfitRatio": 0.7090888093, "researchAndDevelopmentExpenses": 29100000, "generalAndAdministrativeExpenses": 0, "sellingAndMarketingExpenses": 0, "sellingGeneralAndAdministrativeExpenses": 252200000, "otherExpenses": 700000, "operatingExpenses": 280900000, "costAndExpenses": 532800000, "interestIncome": 2700000, "interestExpense": 30800000, "depreciationAndAmortization": 28700000, "ebitda": 362400000, "ebitdaratio": 0.418524079, "operatingIncome": 333100000, "operatingIncomeRatio": 0.3846864534, "totalOtherIncomeExpensesNet": -20800000, "incomeBeforeTax": 312300000, "incomeBeforeTaxRatio": 0.3606652038, "incomeTaxExpense": 91900000, "netIncome": 217900000, "netIncomeRatio": 0.2516456866, "eps": 1.11, "epsdiluted": 1.09, "weightedAverageShsOut": 197000000, "weightedAverageShsOutDil": 200200000, "link": "https://www.sec.gov/Archives/edgar/data/1059556/000119312516476427/0001193125-16-476427-index.htm", "finalLink": "https://www.sec.gov/Archives/edgar/data/1059556/000119312516476427/d113422d10k.htm"}, {"date": "2015-09-30", "symbol": "MCO", "reportedCurrency": "USD", "cik": "0001059556", "fillingDate": "2015-11-04", "acceptedDate": "2015-11-03 20:02:02", "calendarYear": "2015", "period": "Q3", "revenue": 834900000, "costOfRevenue": 236100000, "grossProfit": 598800000, "grossProfitRatio": 0.7172116421, "researchAndDevelopmentExpenses": 0, "generalAndAdministrativeExpenses": 0, "sellingAndMarketingExpenses": 0, "sellingGeneralAndAdministrativeExpenses": 220800000, "otherExpenses": 100000, "operatingExpenses": 242700000, "costAndExpenses": 478800000, "interestIncome": 2800000, "interestExpense": 29300000, "depreciationAndAmortization": 28300000, "ebitda": 378000000, "ebitdaratio": 0.4527488322, "operatingIncome": 349700000, "operatingIncomeRatio": 0.4188525572, "totalOtherIncomeExpensesNet": -6100000, "incomeBeforeTax": 343600000, "incomeBeforeTaxRatio": 0.411546293, "incomeTaxExpense": 109800000, "netIncome": 231600000, "netIncomeRatio": 0.2773984908, "eps": 1.16, "epsdiluted": 1.14, "weightedAverageShsOut": 199400000, "weightedAverageShsOutDil": 202500000, "link": "https://www.sec.gov/Archives/edgar/data/1059556/000119312515364771/0001193125-15-364771-index.htm", "finalLink": "https://www.sec.gov/Archives/edgar/data/1059556/000119312515364771/d97541d10q.htm"}, {"date": "2015-06-30", "symbol": "MCO", "reportedCurrency": "USD", "cik": "0001059556", "fillingDate": "2015-07-30", "acceptedDate": "2015-07-30 06:08:44", "calendarYear": "2015", "period": "Q2", "revenue": 918100000, "costOfRevenue": 243900000, "grossProfit": 674200000, "grossProfitRatio": 0.7343426642, "researchAndDevelopmentExpenses": 0, "generalAndAdministrativeExpenses": 0, "sellingAndMarketingExpenses": 0, "sellingGeneralAndAdministrativeExpenses": 227000000, "otherExpenses": 600000, "operatingExpenses": 254900000, "costAndExpenses": 498800000, "interestIncome": 2300000, "interestExpense": 34200000, "depreciationAndAmortization": 27900000, "ebitda": 447200000, "ebitdaratio": 0.4870929093, "operatingIncome": 419300000, "operatingIncomeRatio": 0.4567040627, "totalOtherIncomeExpensesNet": -40100000, "incomeBeforeTax": 379200000, "incomeBeforeTaxRatio": 0.4130269034, "incomeTaxExpense": 115100000, "netIncome": 261700000, "netIncomeRatio": 0.285045202, "eps": 1.3, "epsdiluted": 1.28, "weightedAverageShsOut": 201300000, "weightedAverageShsOutDil": 204400000, "link": "https://www.sec.gov/Archives/edgar/data/1059556/000119312515269166/0001193125-15-269166-index.htm", "finalLink": "https://www.sec.gov/Archives/edgar/data/1059556/000119312515269166/d76589d10q.htm"}, {"date": "2015-03-31", "symbol": "MCO", "reportedCurrency": "USD", "cik": "0001059556", "fillingDate": "2015-05-04", "acceptedDate": "2015-05-04 16:19:56", "calendarYear": "2015", "period": "Q1", "revenue": 865600000, "costOfRevenue": 244400000, "grossProfit": 621200000, "grossProfitRatio": 0.7176524954, "researchAndDevelopmentExpenses": 0, "generalAndAdministrativeExpenses": 0, "sellingAndMarketingExpenses": 0, "sellingGeneralAndAdministrativeExpenses": 221300000, "otherExpenses": 600000, "operatingExpenses": 249900000, "costAndExpenses": 494300000, "interestIncome": 1900000, "interestExpense": 31200000, "depreciationAndAmortization": 28600000, "ebitda": 399900000, "ebitdaratio": 0.4619916821, "operatingIncome": 371300000, "operatingIncomeRatio": 0.4289510166, "totalOtherIncomeExpensesNet": -26800000, "incomeBeforeTax": 344500000, "incomeBeforeTaxRatio": 0.3979898336, "incomeTaxExpense": 113200000, "netIncome": 230100000, "netIncomeRatio": 0.2658271719, "eps": 1.14, "epsdiluted": 1.11, "weightedAverageShsOut": 202700000, "weightedAverageShsOutDil": 206500000, "link": "https://www.sec.gov/Archives/edgar/data/1059556/000119312515169057/0001193125-15-169057-index.htm", "finalLink": "https://www.sec.gov/Archives/edgar/data/1059556/000119312515169057/d914424d10q.htm"}, {"date": "2014-12-31", "symbol": "MCO", "reportedCurrency": "USD", "cik": "0001059556", "fillingDate": "2015-02-26", "acceptedDate": "2015-02-25 21:10:31", "calendarYear": "2014", "period": "Q4", "revenue": 877500000, "costOfRevenue": 255500000, "grossProfit": 622000000, "grossProfitRatio": 0.7088319088, "researchAndDevelopmentExpenses": 37900000, "generalAndAdministrativeExpenses": 0, "sellingAndMarketingExpenses": 0, "sellingGeneralAndAdministrativeExpenses": 250300000, "otherExpenses": -100000, "operatingExpenses": 277300000, "costAndExpenses": 532800000, "interestIncome": 1600000, "interestExpense": 30900000, "depreciationAndAmortization": 27000000, "ebitda": 373000000, "ebitdaratio": 0.4250712251, "operatingIncome": 344700000, "operatingIncomeRatio": 0.3928205128, "totalOtherIncomeExpensesNet": -8900000, "incomeBeforeTax": 335800000, "incomeBeforeTaxRatio": 0.3826780627, "incomeTaxExpense": 94400000, "netIncome": 236300000, "netIncomeRatio": 0.2692877493, "eps": 1.14, "epsdiluted": 1.12, "weightedAverageShsOut": 206500000, "weightedAverageShsOutDil": 210500000, "link": "https://www.sec.gov/Archives/edgar/data/1059556/000119312515063352/0001193125-15-063352-index.htm", "finalLink": "https://www.sec.gov/Archives/edgar/data/1059556/000119312515063352/d846365d10k.htm"}, {"date": "2014-09-30", "symbol": "MCO", "reportedCurrency": "USD", "cik": "0001059556", "fillingDate": "2014-10-29", "acceptedDate": "2014-10-29 17:01:42", "calendarYear": "2014", "period": "Q3", "revenue": 816100000, "costOfRevenue": 236700000, "grossProfit": 579400000, "grossProfitRatio": 0.7099620145, "researchAndDevelopmentExpenses": 0, "generalAndAdministrativeExpenses": 0, "sellingAndMarketingExpenses": 0, "sellingGeneralAndAdministrativeExpenses": 206500000, "otherExpenses": -200000, "operatingExpenses": 223300000, "costAndExpenses": 460000000, "interestIncome": 1800000, "interestExpense": 39500000, "depreciationAndAmortization": 23200000, "ebitda": 372900000, "ebitdaratio": 0.4569292979, "operatingIncome": 349700000, "operatingIncomeRatio": 0.4285014091, "totalOtherIncomeExpensesNet": -21300000, "incomeBeforeTax": 328400000, "incomeBeforeTaxRatio": 0.4024016665, "incomeTaxExpense": 109900000, "netIncome": 215200000, "netIncomeRatio": 0.2636931749, "eps": 1.02, "epsdiluted": 1, "weightedAverageShsOut": 210400000, "weightedAverageShsOutDil": 214200000, "link": "https://www.sec.gov/Archives/edgar/data/1059556/000119312514387388/0001193125-14-387388-index.htm", "finalLink": "https://www.sec.gov/Archives/edgar/data/1059556/000119312514387388/d809726d10q.htm"}, {"date": "2014-06-30", "symbol": "MCO", "reportedCurrency": "USD", "cik": "0001059556", "fillingDate": "2014-07-31", "acceptedDate": "2014-07-31 17:23:39", "calendarYear": "2014", "period": "Q2", "revenue": 873500000, "costOfRevenue": 222100000, "grossProfit": 651400000, "grossProfitRatio": 0.7457355467, "researchAndDevelopmentExpenses": 0, "generalAndAdministrativeExpenses": 0, "sellingAndMarketingExpenses": 0, "sellingGeneralAndAdministrativeExpenses": 217400000, "otherExpenses": 300000, "operatingExpenses": 239700000, "costAndExpenses": 461800000, "interestIncome": 1700000, "interestExpense": 27700000, "depreciationAndAmortization": 22300000, "ebitda": 434000000, "ebitdaratio": 0.4968517459, "operatingIncome": 411700000, "operatingIncomeRatio": 0.4713222667, "totalOtherIncomeExpensesNet": 73500000, "incomeBeforeTax": 485200000, "incomeBeforeTaxRatio": 0.555466514, "incomeTaxExpense": 160800000, "netIncome": 319200000, "netIncomeRatio": 0.3654264453, "eps": 1.51, "epsdiluted": 1.48, "weightedAverageShsOut": 212000000, "weightedAverageShsOutDil": 215700000, "link": "https://www.sec.gov/Archives/edgar/data/1059556/000119312514289987/0001193125-14-289987-index.htm", "finalLink": "https://www.sec.gov/Archives/edgar/data/1059556/000119312514289987/d762103d10q.htm"}, {"date": "2014-03-31", "symbol": "MCO", "reportedCurrency": "USD", "cik": "0001059556", "fillingDate": "2014-05-01", "acceptedDate": "2014-04-30 19:32:07", "calendarYear": "2014", "period": "Q1", "revenue": 767200000, "costOfRevenue": 216000000, "grossProfit": 551200000, "grossProfitRatio": 0.7184567258, "researchAndDevelopmentExpenses": 0, "generalAndAdministrativeExpenses": 0, "sellingAndMarketingExpenses": 0, "sellingGeneralAndAdministrativeExpenses": 195100000, "otherExpenses": -400000, "operatingExpenses": 218200000, "costAndExpenses": 434200000, "interestIncome": 1600000, "interestExpense": 25400000, "depreciationAndAmortization": 23100000, "ebitda": 355900000, "ebitdaratio": 0.463894682, "operatingIncome": 333000000, "operatingIncomeRatio": 0.4340458811, "totalOtherIncomeExpensesNet": -21400000, "incomeBeforeTax": 311600000, "incomeBeforeTaxRatio": 0.4061522419, "incomeTaxExpense": 89900000, "netIncome": 218000000, "netIncomeRatio": 0.2841501564, "eps": 1.02, "epsdiluted": 1, "weightedAverageShsOut": 214000000, "weightedAverageShsOutDil": 218500000, "link": "https://www.sec.gov/Archives/edgar/data/1059556/000119312514173598/0001193125-14-173598-index.htm", "finalLink": "https://www.sec.gov/Archives/edgar/data/1059556/000119312514173598/d717186d10q.htm"}, {"date": "2013-12-31", "symbol": "MCO", "reportedCurrency": "USD", "cik": "0001059556", "fillingDate": "2014-02-27", "acceptedDate": "2014-02-26 20:15:50", "calendarYear": "2013", "period": "Q4", "revenue": 779200000, "costOfRevenue": 221000000, "grossProfit": 558200000, "grossProfitRatio": 0.71637577, "researchAndDevelopmentExpenses": 22800000, "generalAndAdministrativeExpenses": 0, "sellingAndMarketingExpenses": 0, "sellingGeneralAndAdministrativeExpenses": 223000000, "otherExpenses": -100000, "operatingExpenses": 227100000, "costAndExpenses": 448100000, "interestIncome": 1500000, "interestExpense": 25200000, "depreciationAndAmortization": 23300000, "ebitda": 337100000, "ebitdaratio": 0.4326232033, "operatingIncome": 311900000, "operatingIncomeRatio": 0.4002823409, "totalOtherIncomeExpensesNet": -10100000, "incomeBeforeTax": 301800000, "incomeBeforeTaxRatio": 0.3873203285, "incomeTaxExpense": 92200000, "netIncome": 206700000, "netIncomeRatio": 0.2652720739, "eps": 0.96, "epsdiluted": 0.94, "weightedAverageShsOut": 214300000, "weightedAverageShsOutDil": 219000000, "link": "https://www.sec.gov/Archives/edgar/data/1059556/000119312514070371/0001193125-14-070371-index.htm", "finalLink": "https://www.sec.gov/Archives/edgar/data/1059556/000119312514070371/d665999d10k.htm"}, {"date": "2013-09-30", "symbol": "MCO", "reportedCurrency": "USD", "cik": "0001059556", "fillingDate": "2013-10-31", "acceptedDate": "2013-10-31 15:31:12", "calendarYear": "2013", "period": "Q3", "revenue": 705500000, "costOfRevenue": 203500000, "grossProfit": 502000000, "grossProfitRatio": 0.7115520907, "researchAndDevelopmentExpenses": 0, "generalAndAdministrativeExpenses": 0, "sellingAndMarketingExpenses": 0, "sellingGeneralAndAdministrativeExpenses": 187100000, "otherExpenses": -300000, "operatingExpenses": 210500000, "costAndExpenses": 414000000, "interestIncome": 1600000, "interestExpense": 26000000, "depreciationAndAmortization": 23400000, "ebitda": 314900000, "ebitdaratio": 0.4463501063, "operatingIncome": 291500000, "operatingIncomeRatio": 0.4131821403, "totalOtherIncomeExpensesNet": -28000000, "incomeBeforeTax": 263500000, "incomeBeforeTaxRatio": 0.3734939759, "incomeTaxExpense": 76700000, "netIncome": 183900000, "netIncomeRatio": 0.2606661942, "eps": 0.84, "epsdiluted": 0.83, "weightedAverageShsOut": 217800000, "weightedAverageShsOutDil": 222000000, "link": "https://www.sec.gov/Archives/edgar/data/1059556/000119312513420742/0001193125-13-420742-index.htm", "finalLink": "https://www.sec.gov/Archives/edgar/data/1059556/000119312513420742/d615065d10q.htm"}, {"date": "2013-06-30", "symbol": "MCO", "reportedCurrency": "USD", "cik": "0001059556", "fillingDate": "2013-07-31", "acceptedDate": "2013-07-30 17:31:50", "calendarYear": "2013", "period": "Q2", "revenue": 756000000, "costOfRevenue": 197100000, "grossProfit": 558900000, "grossProfitRatio": 0.7392857143, "researchAndDevelopmentExpenses": 0, "generalAndAdministrativeExpenses": 0, "sellingAndMarketingExpenses": 0, "sellingGeneralAndAdministrativeExpenses": 185000000, "otherExpenses": -800000, "operatingExpenses": 208100000, "costAndExpenses": 405200000, "interestIncome": 1200000, "interestExpense": 22900000, "depreciationAndAmortization": 23100000, "ebitda": 382800000, "ebitdaratio": 0.5063492063, "operatingIncome": 350800000, "operatingIncomeRatio": 0.464021164, "totalOtherIncomeExpensesNet": -14000000, "incomeBeforeTax": 336800000, "incomeBeforeTaxRatio": 0.4455026455, "incomeTaxExpense": 108400000, "netIncome": 225500000, "netIncomeRatio": 0.2982804233, "eps": 1.01, "epsdiluted": 1, "weightedAverageShsOut": 222300000, "weightedAverageShsOutDil": 226200000, "link": "https://www.sec.gov/Archives/edgar/data/1059556/000119312513310605/0001193125-13-310605-index.htm", "finalLink": "https://www.sec.gov/Archives/edgar/data/1059556/000119312513310605/d572070d10q.htm"}, {"date": "2013-03-31", "symbol": "MCO", "reportedCurrency": "USD", "cik": "0001059556", "fillingDate": "2013-05-03", "acceptedDate": "2013-05-03 16:24:03", "calendarYear": "2013", "period": "Q1", "revenue": 731800000, "costOfRevenue": 200800000, "grossProfit": 531000000, "grossProfitRatio": 0.7256080896, "researchAndDevelopmentExpenses": 0, "generalAndAdministrativeExpenses": 0, "sellingAndMarketingExpenses": 0, "sellingGeneralAndAdministrativeExpenses": 227000000, "otherExpenses": -300000, "operatingExpenses": 250600000, "costAndExpenses": 451400000, "interestIncome": 1200000, "interestExpense": 23200000, "depreciationAndAmortization": 23600000, "ebitda": 314000000, "ebitdaratio": 0.4290789833, "operatingIncome": 280400000, "operatingIncomeRatio": 0.3831647991, "totalOtherIncomeExpensesNet": -13200000, "incomeBeforeTax": 267200000, "incomeBeforeTaxRatio": 0.3651270839, "incomeTaxExpense": 76100000, "netIncome": 188400000, "netIncomeRatio": 0.25744739, "eps": 0.84, "epsdiluted": 0.83, "weightedAverageShsOut": 223300000, "weightedAverageShsOutDil": 227200000, "link": "https://www.sec.gov/Archives/edgar/data/1059556/000119312513199200/0001193125-13-199200-index.htm", "finalLink": "https://www.sec.gov/Archives/edgar/data/1059556/000119312513199200/d509823d10q.htm"}, {"date": "2012-12-31", "symbol": "MCO", "reportedCurrency": "USD", "cik": "0001059556", "fillingDate": "2013-02-26", "acceptedDate": "2013-02-25 19:19:12", "calendarYear": "2012", "period": "Q4", "revenue": 754200000, "costOfRevenue": 221600000, "grossProfit": 532600000, "grossProfitRatio": 0.7061787324, "researchAndDevelopmentExpenses": 16100000, "generalAndAdministrativeExpenses": 0, "sellingAndMarketingExpenses": 0, "sellingGeneralAndAdministrativeExpenses": 236400000, "otherExpenses": -200000, "operatingExpenses": 260200000, "costAndExpenses": 481800000, "interestIncome": 1500000, "interestExpense": 23100000, "depreciationAndAmortization": 23800000, "ebitda": 277100000, "ebitdaratio": 0.3674091753, "operatingIncome": 260200000, "operatingIncomeRatio": 0.3450013259, "totalOtherIncomeExpensesNet": -23800000, "incomeBeforeTax": 236400000, "incomeBeforeTaxRatio": 0.3134447096, "incomeTaxExpense": 74400000, "netIncome": 160100000, "netIncomeRatio": 0.2122779104, "eps": 0.72, "epsdiluted": 0.7, "weightedAverageShsOut": 223000000, "weightedAverageShsOutDil": 227300000, "link": "https://www.sec.gov/Archives/edgar/data/1059556/000119312513074571/0001193125-13-074571-index.htm", "finalLink": "https://www.sec.gov/Archives/edgar/data/1059556/000119312513074571/d447202d10k.htm"}, {"date": "2012-09-30", "symbol": "MCO", "reportedCurrency": "USD", "cik": "0001059556", "fillingDate": "2012-11-06", "acceptedDate": "2012-11-05 20:09:13", "calendarYear": "2012", "period": "Q3", "revenue": 688500000, "costOfRevenue": 207300000, "grossProfit": 481200000, "grossProfitRatio": 0.6989106754, "researchAndDevelopmentExpenses": 0, "generalAndAdministrativeExpenses": 0, "sellingAndMarketingExpenses": 0, "sellingGeneralAndAdministrativeExpenses": 187400000, "otherExpenses": 24100000, "operatingExpenses": 211500000, "costAndExpenses": 418800000, "interestIncome": 1200000, "interestExpense": 15300000, "depreciationAndAmortization": 24100000, "ebitda": 305000000, "ebitdaratio": 0.4429920116, "operatingIncome": 269700000, "operatingIncomeRatio": 0.3917211329, "totalOtherIncomeExpensesNet": -5300000, "incomeBeforeTax": 264400000, "incomeBeforeTaxRatio": 0.3840232389, "incomeTaxExpense": 77900000, "netIncome": 183900000, "netIncomeRatio": 0.2671023965, "eps": 0.83, "epsdiluted": 0.81, "weightedAverageShsOut": 222500000, "weightedAverageShsOutDil": 226100000, "link": "https://www.sec.gov/Archives/edgar/data/1059556/000119312512452563/0001193125-12-452563-index.htm", "finalLink": "https://www.sec.gov/Archives/edgar/data/1059556/000119312512452563/d406862d10q.htm"}, {"date": "2012-06-30", "symbol": "MCO", "reportedCurrency": "USD", "cik": "0001059556", "fillingDate": "2012-07-30", "acceptedDate": "2012-07-30 06:09:41", "calendarYear": "2012", "period": "Q2", "revenue": 640800000, "costOfRevenue": 180600000, "grossProfit": 460200000, "grossProfitRatio": 0.718164794, "researchAndDevelopmentExpenses": 0, "generalAndAdministrativeExpenses": 0, "sellingAndMarketingExpenses": 0, "sellingGeneralAndAdministrativeExpenses": 159600000, "otherExpenses": 22100000, "operatingExpenses": 181700000, "costAndExpenses": 362300000, "interestIncome": 1300000, "interestExpense": 16600000, "depreciationAndAmortization": 22100000, "ebitda": 304500000, "ebitdaratio": 0.4751872659, "operatingIncome": 278500000, "operatingIncomeRatio": 0.4346129838, "totalOtherIncomeExpensesNet": -13900000, "incomeBeforeTax": 264600000, "incomeBeforeTaxRatio": 0.4129213483, "incomeTaxExpense": 88900000, "netIncome": 172500000, "netIncomeRatio": 0.2691947566, "eps": 0.77, "epsdiluted": 0.76, "weightedAverageShsOut": 223900000, "weightedAverageShsOutDil": 227200000, "link": "https://www.sec.gov/Archives/edgar/data/1059556/000119312512320952/0001193125-12-320952-index.htm", "finalLink": "https://www.sec.gov/Archives/edgar/data/1059556/000119312512320952/d361903d10q.htm"}, {"date": "2012-03-31", "symbol": "MCO", "reportedCurrency": "USD", "cik": "0001059556", "fillingDate": "2012-05-02", "acceptedDate": "2012-05-01 19:58:52", "calendarYear": "2012", "period": "Q1", "revenue": 646800000, "costOfRevenue": 185500000, "grossProfit": 461300000, "grossProfitRatio": 0.7132034632, "researchAndDevelopmentExpenses": 0, "generalAndAdministrativeExpenses": 0, "sellingAndMarketingExpenses": 0, "sellingGeneralAndAdministrativeExpenses": 168800000, "otherExpenses": 23500000, "operatingExpenses": 192300000, "costAndExpenses": 377800000, "interestIncome": 1300000, "interestExpense": 10300000, "depreciationAndAmortization": 23500000, "ebitda": 293700000, "ebitdaratio": 0.4540816327, "operatingIncome": 269000000, "operatingIncomeRatio": 0.4158936302, "totalOtherIncomeExpensesNet": -10400000, "incomeBeforeTax": 258600000, "incomeBeforeTaxRatio": 0.3998144712, "incomeTaxExpense": 83100000, "netIncome": 173500000, "netIncomeRatio": 0.2682436611, "eps": 0.78, "epsdiluted": 0.76, "weightedAverageShsOut": 223400000, "weightedAverageShsOutDil": 227400000, "link": "https://www.sec.gov/Archives/edgar/data/1059556/000119312512201802/0001193125-12-201802-index.htm", "finalLink": "https://www.sec.gov/Archives/edgar/data/1059556/000119312512201802/d313800d10q.htm"}, {"date": "2011-12-31", "symbol": "MCO", "reportedCurrency": "USD", "cik": "0001059556", "fillingDate": "2012-02-27", "acceptedDate": "2012-02-27 16:22:01", "calendarYear": "2011", "period": "Q4", "revenue": 567100000, "costOfRevenue": 181200000, "grossProfit": 385900000, "grossProfitRatio": 0.6804796332, "researchAndDevelopmentExpenses": 0, "generalAndAdministrativeExpenses": 0, "sellingAndMarketingExpenses": 0, "sellingGeneralAndAdministrativeExpenses": 193200000, "otherExpenses": 20700000, "operatingExpenses": 213900000, "costAndExpenses": 395100000, "interestIncome": 1400000, "interestExpense": 18300000, "depreciationAndAmortization": 20700000, "ebitda": 194600000, "ebitdaratio": 0.3431493564, "operatingIncome": 172100000, "operatingIncomeRatio": 0.3034738141, "totalOtherIncomeExpensesNet": -16500000, "incomeBeforeTax": 155600000, "incomeBeforeTaxRatio": 0.2743784165, "incomeTaxExpense": 57500000, "netIncome": 96200000, "netIncomeRatio": 0.169634985, "eps": 0.43, "epsdiluted": 0.43, "weightedAverageShsOut": 222100000, "weightedAverageShsOutDil": 223400000, "link": "https://www.sec.gov/Archives/edgar/data/1059556/000119312512081639/0001193125-12-081639-index.htm", "finalLink": "https://www.sec.gov/Archives/edgar/data/1059556/000119312512081639/d256898d10k.htm"}, {"date": "2011-09-30", "symbol": "MCO", "reportedCurrency": "USD", "cik": "0001059556", "fillingDate": "2011-11-03", "acceptedDate": "2011-11-02 19:36:49", "calendarYear": "2011", "period": "Q3", "revenue": 531300000, "costOfRevenue": 171000000, "grossProfit": 360300000, "grossProfitRatio": 0.678147939, "researchAndDevelopmentExpenses": 0, "generalAndAdministrativeExpenses": 0, "sellingAndMarketingExpenses": 0, "sellingGeneralAndAdministrativeExpenses": 145000000, "otherExpenses": 19000000, "operatingExpenses": 164000000, "costAndExpenses": 335000000, "interestIncome": 1600000, "interestExpense": 12900000, "depreciationAndAmortization": 19000000, "ebitda": 219200000, "ebitdaratio": 0.4125729343, "operatingIncome": 196100000, "operatingIncomeRatio": 0.3690946734, "totalOtherIncomeExpensesNet": -11300000, "incomeBeforeTax": 184800000, "incomeBeforeTaxRatio": 0.347826087, "incomeTaxExpense": 52700000, "netIncome": 130700000, "netIncomeRatio": 0.2460003764, "eps": 0.58, "epsdiluted": 0.57, "weightedAverageShsOut": 226000000, "weightedAverageShsOutDil": 229000000, "link": "https://www.sec.gov/Archives/edgar/data/1059556/000119312511293258/0001193125-11-293258-index.htm", "finalLink": "https://www.sec.gov/Archives/edgar/data/1059556/000119312511293258/d230122d10q.htm"}, {"date": "2011-06-30", "symbol": "MCO", "reportedCurrency": "USD", "cik": "0001059556", "fillingDate": "2011-08-03", "acceptedDate": "2011-08-02 20:50:42", "calendarYear": "2011", "period": "Q2", "revenue": 605200000, "costOfRevenue": 170500000, "grossProfit": 434700000, "grossProfitRatio": 0.7182749504, "researchAndDevelopmentExpenses": 0, "generalAndAdministrativeExpenses": 0, "sellingAndMarketingExpenses": 0, "sellingGeneralAndAdministrativeExpenses": 142900000, "otherExpenses": 21800000, "operatingExpenses": 164700000, "costAndExpenses": 335200000, "interestIncome": 2200000, "interestExpense": 16300000, "depreciationAndAmortization": 21800000, "ebitda": 302300000, "ebitdaratio": 0.4995042961, "operatingIncome": 270100000, "operatingIncomeRatio": 0.4462987442, "totalOtherIncomeExpensesNet": -5900000, "incomeBeforeTax": 264200000, "incomeBeforeTaxRatio": 0.4365499009, "incomeTaxExpense": 73500000, "netIncome": 189000000, "netIncomeRatio": 0.3122934567, "eps": 0.83, "epsdiluted": 0.82, "weightedAverageShsOut": 228200000, "weightedAverageShsOutDil": 231500000, "link": "https://www.sec.gov/Archives/edgar/data/1059556/000119312511206791/0001193125-11-206791-index.htm", "finalLink": "https://www.sec.gov/Archives/edgar/data/1059556/000119312511206791/d10q.htm"}, {"date": "2011-03-31", "symbol": "MCO", "reportedCurrency": "USD", "cik": "0001059556", "fillingDate": "2011-05-04", "acceptedDate": "2011-05-03 21:37:35", "calendarYear": "2011", "period": "Q1", "revenue": 577100000, "costOfRevenue": 160800000, "grossProfit": 416300000, "grossProfitRatio": 0.7213654479, "researchAndDevelopmentExpenses": 0, "generalAndAdministrativeExpenses": 0, "sellingAndMarketingExpenses": 0, "sellingGeneralAndAdministrativeExpenses": 148500000, "otherExpenses": 17700000, "operatingExpenses": 166200000, "costAndExpenses": 327000000, "interestIncome": 1000000, "interestExpense": 19200000, "depreciationAndAmortization": 17700000, "ebitda": 272100000, "ebitdaratio": 0.4714954081, "operatingIncome": 250100000, "operatingIncomeRatio": 0.4333737654, "totalOtherIncomeExpensesNet": -14900000, "incomeBeforeTax": 235200000, "incomeBeforeTaxRatio": 0.4075550165, "incomeTaxExpense": 78100000, "netIncome": 155500000, "netIncomeRatio": 0.2694507018, "eps": 0.68, "epsdiluted": 0.67, "weightedAverageShsOut": 228900000, "weightedAverageShsOutDil": 231400000, "link": "https://www.sec.gov/Archives/edgar/data/1059556/000119312511124482/0001193125-11-124482-index.htm", "finalLink": "https://www.sec.gov/Archives/edgar/data/1059556/000119312511124482/d10q.htm"}, {"date": "2010-12-31", "symbol": "MCO", "reportedCurrency": "USD", "cik": "0001059556", "fillingDate": "2011-02-28", "acceptedDate": "2011-02-25 21:32:37", "calendarYear": "2010", "period": "Q4", "revenue": 564300000, "costOfRevenue": 180900000, "grossProfit": 383400000, "grossProfitRatio": 0.6794258373, "researchAndDevelopmentExpenses": 0, "generalAndAdministrativeExpenses": 0, "sellingAndMarketingExpenses": 0, "sellingGeneralAndAdministrativeExpenses": 169500000, "otherExpenses": 17200000, "operatingExpenses": 186700000, "costAndExpenses": 367600000, "interestIncome": 1200000, "interestExpense": 18600000, "depreciationAndAmortization": 17200000, "ebitda": 208400000, "ebitdaratio": 0.3693071061, "operatingIncome": 196600000, "operatingIncomeRatio": 0.3483962431, "totalOtherIncomeExpensesNet": -24000000, "incomeBeforeTax": 172600000, "incomeBeforeTaxRatio": 0.3058656743, "incomeTaxExpense": 33700000, "netIncome": 137400000, "netIncomeRatio": 0.2434875066, "eps": 0.6, "epsdiluted": 0.6, "weightedAverageShsOut": 228900000, "weightedAverageShsOutDil": 228900000, "link": "https://www.sec.gov/Archives/edgar/data/1059556/000119312511047974/0001193125-11-047974-index.htm", "finalLink": "https://www.sec.gov/Archives/edgar/data/1059556/000119312511047974/d10k.htm"}, {"date": "2010-09-30", "symbol": "MCO", "reportedCurrency": "USD", "cik": "0001059556", "fillingDate": "2010-11-02", "acceptedDate": "2010-11-02 12:18:55", "calendarYear": "2010", "period": "Q3", "revenue": 513300000, "costOfRevenue": 153700000, "grossProfit": 359600000, "grossProfitRatio": 0.7005649718, "researchAndDevelopmentExpenses": 0, "generalAndAdministrativeExpenses": 0, "sellingAndMarketingExpenses": 0, "sellingGeneralAndAdministrativeExpenses": 152200000, "otherExpenses": 18100000, "operatingExpenses": 170300000, "costAndExpenses": 324000000, "interestIncome": 1400000, "interestExpense": 14200000, "depreciationAndAmortization": 18100000, "ebitda": 213100000, "ebitdaratio": 0.4151568284, "operatingIncome": 188900000, "operatingIncomeRatio": 0.3680109098, "totalOtherIncomeExpensesNet": -7500000, "incomeBeforeTax": 181400000, "incomeBeforeTaxRatio": 0.3533995714, "incomeTaxExpense": 44200000, "netIncome": 136000000, "netIncomeRatio": 0.2649522696, "eps": 0.58, "epsdiluted": 0.58, "weightedAverageShsOut": 234300000, "weightedAverageShsOutDil": 235700000, "link": "https://www.sec.gov/Archives/edgar/data/1059556/000119312510243914/0001193125-10-243914-index.htm", "finalLink": "https://www.sec.gov/Archives/edgar/data/1059556/000119312510243914/d10q.htm"}]