[{"date": "2025-04-30", "symbol": "ADSK", "reportedCurrency": "USD", "cik": "0000769397", "fillingDate": "2025-05-29", "acceptedDate": "2025-05-29 16:02:28", "calendarYear": "2026", "period": "Q1", "revenue": 1625000000, "costOfRevenue": 284000000, "grossProfit": 1341000000, "grossProfitRatio": 0.8252307692, "researchAndDevelopmentExpenses": 394000000, "generalAndAdministrativeExpenses": 0, "sellingAndMarketingExpenses": 0, "sellingGeneralAndAdministrativeExpenses": 723000000, "otherExpenses": 0, "operatingExpenses": 1117000000, "costAndExpenses": 1401000000, "interestIncome": 0, "interestExpense": 2000000, "depreciationAndAmortization": 48000000, "ebitda": 284000000, "ebitdaratio": 0.1747692308, "operatingIncome": 224000000, "operatingIncomeRatio": 0.1378461538, "totalOtherIncomeExpensesNet": 10000000, "incomeBeforeTax": 234000000, "incomeBeforeTaxRatio": 0.144, "incomeTaxExpense": 82000000, "netIncome": 152000000, "netIncomeRatio": 0.0935384615, "eps": 0.71, "epsdiluted": 0.7, "weightedAverageShsOut": 214000000, "weightedAverageShsOutDil": 216000000, "link": "https://www.sec.gov/Archives/edgar/data/769397/000076939725000071/0000769397-25-000071-index.htm", "finalLink": "https://www.sec.gov/Archives/edgar/data/769397/000076939725000071/adsk-20250430.htm"}, {"date": "2025-01-31", "symbol": "ADSK", "reportedCurrency": "USD", "cik": "0000769397", "fillingDate": "2025-03-06", "acceptedDate": "2025-03-06 16:24:13", "calendarYear": "2025", "period": "Q4", "revenue": 1633000000, "costOfRevenue": 166000000, "grossProfit": 1467000000, "grossProfitRatio": 0.8983466013, "researchAndDevelopmentExpenses": 393000000, "generalAndAdministrativeExpenses": 0, "sellingAndMarketingExpenses": 0, "sellingGeneralAndAdministrativeExpenses": 691000000, "otherExpenses": 0, "operatingExpenses": 1084000000, "costAndExpenses": 1250000000, "interestIncome": 3000000, "interestExpense": 0, "depreciationAndAmortization": 46000000, "ebitda": 418000000, "ebitdaratio": 0.2559706062, "operatingIncome": 383000000, "operatingIncomeRatio": 0.2345376607, "totalOtherIncomeExpensesNet": -11000000, "incomeBeforeTax": 372000000, "incomeBeforeTaxRatio": 0.2278015922, "incomeTaxExpense": 69000000, "netIncome": 303000000, "netIncomeRatio": 0.185548071, "eps": 1.4093023255813955, "epsdiluted": 1.3963133640552996, "weightedAverageShsOut": 215000000, "weightedAverageShsOutDil": 217000000, "link": "https://www.sec.gov/Archives/edgar/data/769397/000076939725000019/0000769397-25-000019-index.htm", "finalLink": "https://www.sec.gov/Archives/edgar/data/769397/000076939725000019/adsk-20250131.htm"}, {"date": "2024-10-31", "symbol": "ADSK", "reportedCurrency": "USD", "cik": "0000769397", "fillingDate": "2024-12-03", "acceptedDate": "2024-12-03 16:05:20", "calendarYear": "2025", "period": "Q3", "revenue": 1567000000, "costOfRevenue": 160000000, "grossProfit": 1407000000, "grossProfitRatio": 0.8978940651, "researchAndDevelopmentExpenses": 379000000, "generalAndAdministrativeExpenses": 0, "sellingAndMarketingExpenses": 0, "sellingGeneralAndAdministrativeExpenses": 677000000, "otherExpenses": 0, "operatingExpenses": 1056000000, "costAndExpenses": 1216000000, "interestIncome": 6000000, "interestExpense": 0, "depreciationAndAmortization": 48000000, "ebitda": 399000000, "ebitdaratio": 0.2546266752, "operatingIncome": 351000000, "operatingIncomeRatio": 0.2239948947, "totalOtherIncomeExpensesNet": 0, "incomeBeforeTax": 351000000, "incomeBeforeTaxRatio": 0.2239948947, "incomeTaxExpense": 76000000, "netIncome": 275000000, "netIncomeRatio": 0.1754945756, "eps": 1.28, "epsdiluted": 1.27, "weightedAverageShsOut": 215000000, "weightedAverageShsOutDil": 217000000, "link": "https://www.sec.gov/Archives/edgar/data/769397/000076939724000181/0000769397-24-000181-index.htm", "finalLink": "https://www.sec.gov/Archives/edgar/data/769397/000076939724000181/adsk-20241031.htm"}, {"date": "2024-07-31", "symbol": "ADSK", "reportedCurrency": "USD", "cik": "0000769397", "fillingDate": "2024-09-03", "acceptedDate": "2024-09-03 16:06:29", "calendarYear": "2025", "period": "Q2", "revenue": 1500000000, "costOfRevenue": 153000000, "grossProfit": 1347000000, "grossProfitRatio": 0.898, "researchAndDevelopmentExpenses": 367000000, "generalAndAdministrativeExpenses": 0, "sellingAndMarketingExpenses": 0, "sellingGeneralAndAdministrativeExpenses": 627000000, "otherExpenses": 0, "operatingExpenses": 994000000, "costAndExpenses": 1147000000, "interestIncome": 11000000, "interestExpense": 0, "depreciationAndAmortization": 46000000, "ebitda": 398000000, "ebitdaratio": 0.2653333333, "operatingIncome": 353000000, "operatingIncomeRatio": 0.2353333333, "totalOtherIncomeExpensesNet": -1000000, "incomeBeforeTax": 352000000, "incomeBeforeTaxRatio": 0.2346666667, "incomeTaxExpense": 70000000, "netIncome": 282000000, "netIncomeRatio": 0.188, "eps": 1.31, "epsdiluted": 1.3, "weightedAverageShsOut": 216000000, "weightedAverageShsOutDil": 217000000, "link": "https://www.sec.gov/Archives/edgar/data/769397/000076939724000150/0000769397-24-000150-index.htm", "finalLink": "https://www.sec.gov/Archives/edgar/data/769397/000076939724000150/adsk-20240731.htm"}, {"date": "2024-04-30", "symbol": "ADSK", "reportedCurrency": "USD", "cik": "0000769397", "fillingDate": "2024-06-10", "acceptedDate": "2024-06-10 16:19:48", "calendarYear": "2025", "period": "Q1", "revenue": 1412000000, "costOfRevenue": 148000000, "grossProfit": 1264000000, "grossProfitRatio": 0.895184136, "researchAndDevelopmentExpenses": 346000000, "generalAndAdministrativeExpenses": 0, "sellingAndMarketingExpenses": 0, "sellingGeneralAndAdministrativeExpenses": 611000000, "otherExpenses": 0, "operatingExpenses": 957000000, "costAndExpenses": 1105000000, "interestIncome": 8000000, "interestExpense": 0, "depreciationAndAmortization": 40000000, "ebitda": 349000000, "ebitdaratio": 0.2471671388, "operatingIncome": 307000000, "operatingIncomeRatio": 0.2174220963, "totalOtherIncomeExpensesNet": 2000000, "incomeBeforeTax": 309000000, "incomeBeforeTaxRatio": 0.2188385269, "incomeTaxExpense": 57000000, "netIncome": 252000000, "netIncomeRatio": 0.178470255, "eps": 1.17, "epsdiluted": 1.16, "weightedAverageShsOut": 215000000, "weightedAverageShsOutDil": 217000000, "link": "https://www.sec.gov/Archives/edgar/data/769397/000076939724000091/0000769397-24-000091-index.htm", "finalLink": "https://www.sec.gov/Archives/edgar/data/769397/000076939724000091/adsk-20240430.htm"}, {"date": "2024-01-31", "symbol": "ADSK", "reportedCurrency": "USD", "cik": "0000769397", "fillingDate": "2024-06-10", "acceptedDate": "2024-06-10 16:16:30", "calendarYear": "2024", "period": "Q4", "revenue": 1463000000, "costOfRevenue": 141000000, "grossProfit": 1322000000, "grossProfitRatio": 0.9036226931, "researchAndDevelopmentExpenses": 351000000, "generalAndAdministrativeExpenses": 0, "sellingAndMarketingExpenses": 0, "sellingGeneralAndAdministrativeExpenses": 644000000, "otherExpenses": 0, "operatingExpenses": 995000000, "costAndExpenses": 1136000000, "interestIncome": 16000000, "interestExpense": 0, "depreciationAndAmortization": 37000000, "ebitda": 374000000, "ebitdaratio": 0.2556390977, "operatingIncome": 327000000, "operatingIncomeRatio": 0.2235133288, "totalOtherIncomeExpensesNet": 10000000, "incomeBeforeTax": 337000000, "incomeBeforeTaxRatio": 0.2303485988, "incomeTaxExpense": 55000000, "netIncome": 282000000, "netIncomeRatio": 0.1927546138, "eps": 1.32, "epsdiluted": 1.31, "weightedAverageShsOut": 214000000, "weightedAverageShsOutDil": 216000000, "link": "https://www.sec.gov/Archives/edgar/data/769397/000076939724000090/0000769397-24-000090-index.htm", "finalLink": "https://www.sec.gov/Archives/edgar/data/769397/000076939724000090/adsk-20240131.htm"}, {"date": "2023-10-31", "symbol": "ADSK", "reportedCurrency": "USD", "cik": "0000769397", "fillingDate": "2023-12-04", "acceptedDate": "2023-12-04 16:08:02", "calendarYear": "2024", "period": "Q3", "revenue": 1400000000, "costOfRevenue": 137000000, "grossProfit": 1263000000, "grossProfitRatio": 0.9021428571, "researchAndDevelopmentExpenses": 339000000, "generalAndAdministrativeExpenses": 0, "sellingAndMarketingExpenses": 0, "sellingGeneralAndAdministrativeExpenses": 595000000, "otherExpenses": 0, "operatingExpenses": 934000000, "costAndExpenses": 1071000000, "interestIncome": 0, "interestExpense": 1000000, "depreciationAndAmortization": 36000000, "ebitda": 357000000, "ebitdaratio": 0.255, "operatingIncome": 329000000, "operatingIncomeRatio": 0.235, "totalOtherIncomeExpensesNet": -9000000, "incomeBeforeTax": 320000000, "incomeBeforeTaxRatio": 0.2285714286, "incomeTaxExpense": 79000000, "netIncome": 241000000, "netIncomeRatio": 0.1721428571, "eps": 1.13, "epsdiluted": 1.12, "weightedAverageShsOut": 214000000, "weightedAverageShsOutDil": 216000000, "link": "https://www.sec.gov/Archives/edgar/data/769397/000076939723000193/0000769397-23-000193-index.htm", "finalLink": "https://www.sec.gov/Archives/edgar/data/769397/000076939723000193/adsk-20231031.htm"}, {"date": "2023-07-31", "symbol": "ADSK", "reportedCurrency": "USD", "cik": "0000769397", "fillingDate": "2023-08-29", "acceptedDate": "2023-08-29 16:06:59", "calendarYear": "2024", "period": "Q2", "revenue": 1328000000, "costOfRevenue": 138000000, "grossProfit": 1190000000, "grossProfitRatio": 0.8960843373, "researchAndDevelopmentExpenses": 355000000, "generalAndAdministrativeExpenses": 0, "sellingAndMarketingExpenses": 0, "sellingGeneralAndAdministrativeExpenses": 587000000, "otherExpenses": 0, "operatingExpenses": 942000000, "costAndExpenses": 1080000000, "interestIncome": 9000000, "interestExpense": 0, "depreciationAndAmortization": 33000000, "ebitda": 291000000, "ebitdaratio": 0.219126506, "operatingIncome": 248000000, "operatingIncomeRatio": 0.186746988, "totalOtherIncomeExpensesNet": 10000000, "incomeBeforeTax": 258000000, "incomeBeforeTaxRatio": 0.1942771084, "incomeTaxExpense": 36000000, "netIncome": 222000000, "netIncomeRatio": 0.1671686747, "eps": 1.04, "epsdiluted": 1.03, "weightedAverageShsOut": 214000000, "weightedAverageShsOutDil": 215000000, "link": "https://www.sec.gov/Archives/edgar/data/769397/000076939723000159/0000769397-23-000159-index.htm", "finalLink": "https://www.sec.gov/Archives/edgar/data/769397/000076939723000159/adsk-20230731.htm"}, {"date": "2023-04-30", "symbol": "ADSK", "reportedCurrency": "USD", "cik": "0000769397", "fillingDate": "2023-06-01", "acceptedDate": "2023-06-01 16:07:13", "calendarYear": "2024", "period": "Q1", "revenue": 1249000000, "costOfRevenue": 137000000, "grossProfit": 1112000000, "grossProfitRatio": 0.8903122498, "researchAndDevelopmentExpenses": 327000000, "generalAndAdministrativeExpenses": 0, "sellingAndMarketingExpenses": 0, "sellingGeneralAndAdministrativeExpenses": 587000000, "otherExpenses": 0, "operatingExpenses": 914000000, "costAndExpenses": 1051000000, "interestIncome": 2000000, "interestExpense": 0, "depreciationAndAmortization": 33000000, "ebitda": 254000000, "ebitdaratio": 0.2033626902, "operatingIncome": 198000000, "operatingIncomeRatio": 0.1585268215, "totalOtherIncomeExpensesNet": 23000000, "incomeBeforeTax": 221000000, "incomeBeforeTaxRatio": 0.1769415532, "incomeTaxExpense": 60000000, "netIncome": 161000000, "netIncomeRatio": 0.1289031225, "eps": 0.75, "epsdiluted": 0.75, "weightedAverageShsOut": 215000000, "weightedAverageShsOutDil": 216000000, "link": "https://www.sec.gov/Archives/edgar/data/769397/000076939723000110/0000769397-23-000110-index.htm", "finalLink": "https://www.sec.gov/Archives/edgar/data/769397/000076939723000110/adsk-20230430.htm"}, {"date": "2023-01-31", "symbol": "ADSK", "reportedCurrency": "USD", "cik": "0000769397", "fillingDate": "2023-03-14", "acceptedDate": "2023-03-14 16:23:47", "calendarYear": "2023", "period": "Q4", "revenue": 1294000000, "costOfRevenue": 134000000, "grossProfit": 1160000000, "grossProfitRatio": 0.8964451314, "researchAndDevelopmentExpenses": 312000000, "generalAndAdministrativeExpenses": 0, "sellingAndMarketingExpenses": 0, "sellingGeneralAndAdministrativeExpenses": 577000000, "otherExpenses": 0, "operatingExpenses": 889000000, "costAndExpenses": 1023000000, "interestIncome": 0, "interestExpense": 0, "depreciationAndAmortization": 37000000, "ebitda": 316000000, "ebitdaratio": 0.2442040185, "operatingIncome": 271000000, "operatingIncomeRatio": 0.2094281298, "totalOtherIncomeExpensesNet": 6000000, "incomeBeforeTax": 277000000, "incomeBeforeTaxRatio": 0.214064915, "incomeTaxExpense": -16000000, "netIncome": 293000000, "netIncomeRatio": 0.2264296754, "eps": 1.36, "epsdiluted": 1.35, "weightedAverageShsOut": 216000000, "weightedAverageShsOutDil": 217000000, "link": "https://www.sec.gov/Archives/edgar/data/769397/000076939723000036/0000769397-23-000036-index.htm", "finalLink": "https://www.sec.gov/Archives/edgar/data/769397/000076939723000036/adsk-20230131.htm"}, {"date": "2022-10-31", "symbol": "ADSK", "reportedCurrency": "USD", "cik": "0000769397", "fillingDate": "2022-12-06", "acceptedDate": "2022-12-06 16:02:28", "calendarYear": "2023", "period": "Q3", "revenue": 1261000000, "costOfRevenue": 129000000, "grossProfit": 1132000000, "grossProfitRatio": 0.8977002379, "researchAndDevelopmentExpenses": 309000000, "generalAndAdministrativeExpenses": 0, "sellingAndMarketingExpenses": 0, "sellingGeneralAndAdministrativeExpenses": 562000000, "otherExpenses": 0, "operatingExpenses": 871000000, "costAndExpenses": 1000000000, "interestIncome": 0, "interestExpense": 24000000, "depreciationAndAmortization": 37000000, "ebitda": 303000000, "ebitdaratio": 0.2402854877, "operatingIncome": 261000000, "operatingIncomeRatio": 0.2069785884, "totalOtherIncomeExpensesNet": -19000000, "incomeBeforeTax": 242000000, "incomeBeforeTaxRatio": 0.1919111816, "incomeTaxExpense": 44000000, "netIncome": 198000000, "netIncomeRatio": 0.1570182395, "eps": 0.92, "epsdiluted": 0.91, "weightedAverageShsOut": 216000000, "weightedAverageShsOutDil": 217000000, "link": "https://www.sec.gov/Archives/edgar/data/769397/000076939722000148/0000769397-22-000148-index.htm", "finalLink": "https://www.sec.gov/Archives/edgar/data/769397/000076939722000148/adsk-20221031.htm"}, {"date": "2022-07-31", "symbol": "ADSK", "reportedCurrency": "USD", "cik": "0000769397", "fillingDate": "2022-08-31", "acceptedDate": "2022-08-31 16:03:28", "calendarYear": "2023", "period": "Q2", "revenue": 1226000000, "costOfRevenue": 127000000, "grossProfit": 1099000000, "grossProfitRatio": 0.896411093, "researchAndDevelopmentExpenses": 304000000, "generalAndAdministrativeExpenses": 0, "sellingAndMarketingExpenses": 0, "sellingGeneralAndAdministrativeExpenses": 553000000, "otherExpenses": 0, "operatingExpenses": 857000000, "costAndExpenses": 984000000, "interestIncome": 0, "interestExpense": 26000000, "depreciationAndAmortization": 38000000, "ebitda": 296000000, "ebitdaratio": 0.2414355628, "operatingIncome": 242000000, "operatingIncomeRatio": 0.1973898858, "totalOtherIncomeExpensesNet": -10000000, "incomeBeforeTax": 232000000, "incomeBeforeTaxRatio": 0.189233279, "incomeTaxExpense": 46000000, "netIncome": 186000000, "netIncomeRatio": 0.1517128874, "eps": 0.86, "epsdiluted": 0.85, "weightedAverageShsOut": 217000000, "weightedAverageShsOutDil": 218000000, "link": "https://www.sec.gov/Archives/edgar/data/769397/000076939722000123/0000769397-22-000123-index.htm", "finalLink": "https://www.sec.gov/Archives/edgar/data/769397/000076939722000123/adsk-20220731.htm"}, {"date": "2022-04-30", "symbol": "ADSK", "reportedCurrency": "USD", "cik": "0000769397", "fillingDate": "2022-06-02", "acceptedDate": "2022-06-02 16:02:46", "calendarYear": "2023", "period": "Q1", "revenue": 1164000000, "costOfRevenue": 127000000, "grossProfit": 1037000000, "grossProfitRatio": 0.8908934708, "researchAndDevelopmentExpenses": 289000000, "generalAndAdministrativeExpenses": 0, "sellingAndMarketingExpenses": 0, "sellingGeneralAndAdministrativeExpenses": 533000000, "otherExpenses": 0, "operatingExpenses": 822000000, "costAndExpenses": 949000000, "interestIncome": 0, "interestExpense": 53000000, "depreciationAndAmortization": 38000000, "ebitda": 286000000, "ebitdaratio": 0.2457044674, "operatingIncome": 215000000, "operatingIncomeRatio": 0.1847079038, "totalOtherIncomeExpensesNet": -20000000, "incomeBeforeTax": 195000000, "incomeBeforeTaxRatio": 0.1675257732, "incomeTaxExpense": 49000000, "netIncome": 146000000, "netIncomeRatio": 0.1254295533, "eps": 0.67, "epsdiluted": 0.67, "weightedAverageShsOut": 217000000, "weightedAverageShsOutDil": 219000000, "link": "https://www.sec.gov/Archives/edgar/data/769397/000076939722000074/0000769397-22-000074-index.htm", "finalLink": "https://www.sec.gov/Archives/edgar/data/769397/000076939722000074/adsk-20220430.htm"}, {"date": "2022-01-31", "symbol": "ADSK", "reportedCurrency": "USD", "cik": "0000769397", "fillingDate": "2022-03-14", "acceptedDate": "2022-03-14 16:03:37", "calendarYear": "2022", "period": "Q4", "revenue": 1209900000, "costOfRevenue": 122900000, "grossProfit": 1087000000, "grossProfitRatio": 0.8984213571, "researchAndDevelopmentExpenses": 289600000, "generalAndAdministrativeExpenses": 0, "sellingAndMarketingExpenses": 0, "sellingGeneralAndAdministrativeExpenses": 646900000, "otherExpenses": 0, "operatingExpenses": 936500000, "costAndExpenses": 1059400000, "interestIncome": 0, "interestExpense": 25900000, "depreciationAndAmortization": 34200000, "ebitda": 167200000, "ebitdaratio": 0.1381932391, "operatingIncome": 150500000, "operatingIncomeRatio": 0.1243904455, "totalOtherIncomeExpensesNet": -43400000, "incomeBeforeTax": 107100000, "incomeBeforeTaxRatio": 0.0885197124, "incomeTaxExpense": 18000000, "netIncome": 89100000, "netIncomeRatio": 0.0736424498, "eps": 0.41, "epsdiluted": 0.4, "weightedAverageShsOut": 219200000, "weightedAverageShsOutDil": 221200000, "link": "https://www.sec.gov/Archives/edgar/data/769397/000076939722000019/0000769397-22-000019-index.htm", "finalLink": "https://www.sec.gov/Archives/edgar/data/769397/000076939722000019/adsk-20220131.htm"}, {"date": "2021-10-31", "symbol": "ADSK", "reportedCurrency": "USD", "cik": "0000769397", "fillingDate": "2021-12-03", "acceptedDate": "2021-12-03 16:02:09", "calendarYear": "2022", "period": "Q3", "revenue": 1128800000, "costOfRevenue": 118300000, "grossProfit": 1010500000, "grossProfitRatio": 0.8951984408, "researchAndDevelopmentExpenses": 281800000, "generalAndAdministrativeExpenses": 0, "sellingAndMarketingExpenses": 0, "sellingGeneralAndAdministrativeExpenses": 527200000, "otherExpenses": 0, "operatingExpenses": 809000000, "costAndExpenses": 927300000, "interestIncome": 0, "interestExpense": 21700000, "depreciationAndAmortization": 41500000, "ebitda": 250600000, "ebitdaratio": 0.2220056697, "operatingIncome": 201500000, "operatingIncomeRatio": 0.1785081502, "totalOtherIncomeExpensesNet": -14100000, "incomeBeforeTax": 187400000, "incomeBeforeTaxRatio": 0.1660170092, "incomeTaxExpense": 50700000, "netIncome": 136700000, "netIncomeRatio": 0.1211020553, "eps": 0.62, "epsdiluted": 0.62, "weightedAverageShsOut": 220000000, "weightedAverageShsOutDil": 222000000, "link": "https://www.sec.gov/Archives/edgar/data/769397/000076939721000094/0000769397-21-000094-index.htm", "finalLink": "https://www.sec.gov/Archives/edgar/data/769397/000076939721000094/adsk-20211031.htm"}, {"date": "2021-07-31", "symbol": "ADSK", "reportedCurrency": "USD", "cik": "0000769397", "fillingDate": "2021-09-01", "acceptedDate": "2021-09-01 09:32:48", "calendarYear": "2022", "period": "Q2", "revenue": 1064800000, "costOfRevenue": 116300000, "grossProfit": 948500000, "grossProfitRatio": 0.8907776108, "researchAndDevelopmentExpenses": 276700000, "generalAndAdministrativeExpenses": 0, "sellingAndMarketingExpenses": 0, "sellingGeneralAndAdministrativeExpenses": 513299999, "otherExpenses": 0, "operatingExpenses": 790000000, "costAndExpenses": 906300000, "interestIncome": 0, "interestExpense": 11100000, "depreciationAndAmortization": 39400000, "ebitda": 189300000, "ebitdaratio": 0.1777798648, "operatingIncome": 158500000, "operatingIncomeRatio": 0.1488542449, "totalOtherIncomeExpensesNet": -19700000, "incomeBeforeTax": 138800000, "incomeBeforeTaxRatio": 0.130353118, "incomeTaxExpense": 23200000, "netIncome": 115600000, "netIncomeRatio": 0.1085649887, "eps": 0.52, "epsdiluted": 0.52, "weightedAverageShsOut": 220000000, "weightedAverageShsOutDil": 222000000, "link": "https://www.sec.gov/Archives/edgar/data/769397/000076939721000075/0000769397-21-000075-index.htm", "finalLink": "https://www.sec.gov/Archives/edgar/data/769397/000076939721000075/adsk-20210731.htm"}, {"date": "2021-04-30", "symbol": "ADSK", "reportedCurrency": "USD", "cik": "0000769397", "fillingDate": "2021-06-03", "acceptedDate": "2021-06-03 16:02:19", "calendarYear": "2022", "period": "Q1", "revenue": 994800000, "costOfRevenue": 101100000, "grossProfit": 893700000, "grossProfitRatio": 0.898371532, "researchAndDevelopmentExpenses": 265500000, "generalAndAdministrativeExpenses": 0, "sellingAndMarketingExpenses": 0, "sellingGeneralAndAdministrativeExpenses": 475900000, "otherExpenses": 0, "operatingExpenses": 741400000, "costAndExpenses": 842500000, "interestIncome": 0, "interestExpense": 10600000, "depreciationAndAmortization": 33000000, "ebitda": 175000000, "ebitdaratio": 0.1759147567, "operatingIncome": 152300000, "operatingIncomeRatio": 0.1530960997, "totalOtherIncomeExpensesNet": -20900000, "incomeBeforeTax": 131400000, "incomeBeforeTaxRatio": 0.1320868516, "incomeTaxExpense": -24200000, "netIncome": 155600000, "netIncomeRatio": 0.1564133494, "eps": 0.71, "epsdiluted": 0.7, "weightedAverageShsOut": 220000000, "weightedAverageShsOutDil": 222000000, "link": "https://www.sec.gov/Archives/edgar/data/769397/000076939721000034/0000769397-21-000034-index.htm", "finalLink": "https://www.sec.gov/Archives/edgar/data/769397/000076939721000034/adsk-20210430.htm"}, {"date": "2021-01-31", "symbol": "ADSK", "reportedCurrency": "USD", "cik": "0000769397", "fillingDate": "2021-03-19", "acceptedDate": "2021-03-19 16:02:20", "calendarYear": "2021", "period": "Q4", "revenue": 1043599999, "costOfRevenue": 99600000, "grossProfit": 944000000, "grossProfitRatio": 0.9045611354, "researchAndDevelopmentExpenses": 249900000, "generalAndAdministrativeExpenses": 0, "sellingAndMarketingExpenses": 0, "sellingGeneralAndAdministrativeExpenses": 504600000, "otherExpenses": 0, "operatingExpenses": 754500000, "costAndExpenses": 854100000, "interestIncome": 0, "interestExpense": 11600000, "depreciationAndAmortization": 31600000, "ebitda": 214300000, "ebitdaratio": 0.2053468764, "operatingIncome": 189500000, "operatingIncomeRatio": 0.1815829822, "totalOtherIncomeExpensesNet": -18400000, "incomeBeforeTax": 171100000, "incomeBeforeTaxRatio": 0.1639517058, "incomeTaxExpense": -740200000, "netIncome": 911300000, "netIncomeRatio": 0.873227291, "eps": 4.15, "epsdiluted": 4.1, "weightedAverageShsOut": 219700000, "weightedAverageShsOutDil": 222500000, "link": "https://www.sec.gov/Archives/edgar/data/769397/000076939721000014/0000769397-21-000014-index.htm", "finalLink": "https://www.sec.gov/Archives/edgar/data/769397/000076939721000014/adsk-20210131.htm"}, {"date": "2020-10-31", "symbol": "ADSK", "reportedCurrency": "USD", "cik": "0000769397", "fillingDate": "2020-12-04", "acceptedDate": "2020-12-04 16:02:14", "calendarYear": "2021", "period": "Q3", "revenue": 952600000, "costOfRevenue": 93500000, "grossProfit": 859100000, "grossProfitRatio": 0.9018475751, "researchAndDevelopmentExpenses": 232700000, "generalAndAdministrativeExpenses": 0, "sellingAndMarketingExpenses": 0, "sellingGeneralAndAdministrativeExpenses": 456100000, "otherExpenses": 0, "operatingExpenses": 688800000, "costAndExpenses": 782300000, "interestIncome": 0, "interestExpense": 13800000, "depreciationAndAmortization": 32200000, "ebitda": 202100000, "ebitdaratio": 0.2121562041, "operatingIncome": 170300000, "operatingIncomeRatio": 0.178773882, "totalOtherIncomeExpensesNet": -14200000, "incomeBeforeTax": 156100000, "incomeBeforeTaxRatio": 0.1638673105, "incomeTaxExpense": 23900000, "netIncome": 132200000, "netIncomeRatio": 0.138778081, "eps": 0.6, "epsdiluted": 0.59, "weightedAverageShsOut": 219600000, "weightedAverageShsOutDil": 222300000, "link": "https://www.sec.gov/Archives/edgar/data/769397/000076939720000040/0000769397-20-000040-index.htm", "finalLink": "https://www.sec.gov/Archives/edgar/data/769397/000076939720000040/adsk-20201031.htm"}, {"date": "2020-07-31", "symbol": "ADSK", "reportedCurrency": "USD", "cik": "0000769397", "fillingDate": "2020-09-02", "acceptedDate": "2020-09-02 16:02:31", "calendarYear": "2021", "period": "Q2", "revenue": 911500000, "costOfRevenue": 90200000, "grossProfit": 821300000, "grossProfitRatio": 0.9010422381, "researchAndDevelopmentExpenses": 232500000, "generalAndAdministrativeExpenses": 0, "sellingAndMarketingExpenses": 0, "sellingGeneralAndAdministrativeExpenses": 440000000, "otherExpenses": 0, "operatingExpenses": 672500000, "costAndExpenses": 762700000, "interestIncome": 0, "interestExpense": 3600000, "depreciationAndAmortization": 30000000, "ebitda": 162600000, "ebitdaratio": 0.1783872737, "operatingIncome": 148800000, "operatingIncomeRatio": 0.1632473944, "totalOtherIncomeExpensesNet": -19800000, "incomeBeforeTax": 129000000, "incomeBeforeTaxRatio": 0.1415249589, "incomeTaxExpense": 30800000, "netIncome": 98200000, "netIncomeRatio": 0.1077345036, "eps": 0.45, "epsdiluted": 0.44, "weightedAverageShsOut": 219200000, "weightedAverageShsOutDil": 222200000, "link": "https://www.sec.gov/Archives/edgar/data/769397/000076939720000031/0000769397-20-000031-index.htm", "finalLink": "https://www.sec.gov/Archives/edgar/data/769397/000076939720000031/adsk-7312020x10q.htm"}, {"date": "2020-04-30", "symbol": "ADSK", "reportedCurrency": "USD", "cik": "0000769397", "fillingDate": "2020-06-02", "acceptedDate": "2020-06-02 16:07:13", "calendarYear": "2021", "period": "Q1", "revenue": 883000000, "costOfRevenue": 91200000, "grossProfit": 791800000, "grossProfitRatio": 0.8967157418, "researchAndDevelopmentExpenses": 217300000, "generalAndAdministrativeExpenses": 0, "sellingAndMarketingExpenses": 0, "sellingGeneralAndAdministrativeExpenses": 443200000, "otherExpenses": 0, "operatingExpenses": 660500000, "costAndExpenses": 751700000, "interestIncome": 0, "interestExpense": 21300000, "depreciationAndAmortization": 30000000, "ebitda": 141800000, "ebitdaratio": 0.1605889015, "operatingIncome": 131300000, "operatingIncomeRatio": 0.1486976217, "totalOtherIncomeExpensesNet": -40800000, "incomeBeforeTax": 90500000, "incomeBeforeTaxRatio": 0.1024915062, "incomeTaxExpense": 24000000, "netIncome": 66500000, "netIncomeRatio": 0.0753114383, "eps": 0.3, "epsdiluted": 0.3, "weightedAverageShsOut": 219200000, "weightedAverageShsOutDil": 221300000, "link": "https://www.sec.gov/Archives/edgar/data/769397/000076939720000023/0000769397-20-000023-index.htm", "finalLink": "https://www.sec.gov/Archives/edgar/data/769397/000076939720000023/adsk-4302020x10q.htm"}, {"date": "2020-01-31", "symbol": "ADSK", "reportedCurrency": "USD", "cik": "0000769397", "fillingDate": "2020-03-19", "acceptedDate": "2020-03-19 16:08:49", "calendarYear": "2020", "period": "Q4", "revenue": 895100000, "costOfRevenue": 92500000, "grossProfit": 802600000, "grossProfitRatio": 0.8966595911, "researchAndDevelopmentExpenses": 216000000, "generalAndAdministrativeExpenses": 0, "sellingAndMarketingExpenses": 0, "sellingGeneralAndAdministrativeExpenses": 449300000, "otherExpenses": 0, "operatingExpenses": 665300000, "costAndExpenses": 757800000, "interestIncome": 0, "interestExpense": 11700000, "depreciationAndAmortization": 30900000, "ebitda": 165900000, "ebitdaratio": 0.1853424198, "operatingIncome": 137300000, "operatingIncomeRatio": 0.1533906826, "totalOtherIncomeExpensesNet": -14000000, "incomeBeforeTax": 123300000, "incomeBeforeTaxRatio": 0.1377499721, "incomeTaxExpense": -8500000, "netIncome": 131800000, "netIncomeRatio": 0.1472461178, "eps": 0.6, "epsdiluted": 0.59, "weightedAverageShsOut": 220000000, "weightedAverageShsOutDil": 222500000, "link": "https://www.sec.gov/Archives/edgar/data/769397/000076939720000013/0000769397-20-000013-index.htm", "finalLink": "https://www.sec.gov/Archives/edgar/data/769397/000076939720000013/adsk-0131202010xk.htm"}, {"date": "2019-10-31", "symbol": "ADSK", "reportedCurrency": "USD", "cik": "0000769397", "fillingDate": "2019-12-05", "acceptedDate": "2019-12-05 16:08:07", "calendarYear": "2020", "period": "Q3", "revenue": 837800000, "costOfRevenue": 88800000, "grossProfit": 749000000, "grossProfitRatio": 0.8940081165, "researchAndDevelopmentExpenses": 212900000, "generalAndAdministrativeExpenses": 0, "sellingAndMarketingExpenses": 0, "sellingGeneralAndAdministrativeExpenses": 428300000, "otherExpenses": 0, "operatingExpenses": 641200000, "costAndExpenses": 730000000, "interestIncome": 0, "interestExpense": 16900000, "depreciationAndAmortization": 31600000, "ebitda": 144900000, "ebitdaratio": 0.1729529721, "operatingIncome": 107800000, "operatingIncomeRatio": 0.128670327, "totalOtherIncomeExpensesNet": -11400000, "incomeBeforeTax": 96400000, "incomeBeforeTaxRatio": 0.1150632609, "incomeTaxExpense": 29700000, "netIncome": 66700000, "netIncomeRatio": 0.0796132729, "eps": 0.3, "epsdiluted": 0.3, "weightedAverageShsOut": 219700000, "weightedAverageShsOutDil": 221900000, "link": "https://www.sec.gov/Archives/edgar/data/769397/000076939719000052/0000769397-19-000052-index.htm", "finalLink": "https://www.sec.gov/Archives/edgar/data/769397/000076939719000052/adsk-10312019x10q.htm"}, {"date": "2019-07-31", "symbol": "ADSK", "reportedCurrency": "USD", "cik": "0000769397", "fillingDate": "2019-09-04", "acceptedDate": "2019-09-04 16:04:55", "calendarYear": "2020", "period": "Q2", "revenue": 791800000, "costOfRevenue": 89000000, "grossProfit": 702800000, "grossProfitRatio": 0.8875978783, "researchAndDevelopmentExpenses": 215200000, "generalAndAdministrativeExpenses": 0, "sellingAndMarketingExpenses": 0, "sellingGeneralAndAdministrativeExpenses": 417000000, "otherExpenses": 0, "operatingExpenses": 632200000, "costAndExpenses": 721200000, "interestIncome": 0, "interestExpense": 10500000, "depreciationAndAmortization": 32100000, "ebitda": 109100000, "ebitdaratio": 0.13778732, "operatingIncome": 70600000, "operatingIncomeRatio": 0.0891639303, "totalOtherIncomeExpensesNet": -4100000, "incomeBeforeTax": 66500000, "incomeBeforeTaxRatio": 0.083985855, "incomeTaxExpense": 26300000, "netIncome": 40200000, "netIncomeRatio": 0.0507703966, "eps": 0.18, "epsdiluted": 0.18, "weightedAverageShsOut": 219600000, "weightedAverageShsOutDil": 222400000, "link": "https://www.sec.gov/Archives/edgar/data/769397/000076939719000040/0000769397-19-000040-index.htm", "finalLink": "https://www.sec.gov/Archives/edgar/data/769397/000076939719000040/adsk-7312019x10q.htm"}, {"date": "2019-04-30", "symbol": "ADSK", "reportedCurrency": "USD", "cik": "0000769397", "fillingDate": "2019-06-04", "acceptedDate": "2019-06-04 16:09:22", "calendarYear": "2020", "period": "Q1", "revenue": 732000000, "costOfRevenue": 92400000, "grossProfit": 639600000, "grossProfitRatio": 0.8737704918, "researchAndDevelopmentExpenses": 205300000, "generalAndAdministrativeExpenses": 0, "sellingAndMarketingExpenses": 0, "sellingGeneralAndAdministrativeExpenses": 410000000, "otherExpenses": 0, "operatingExpenses": 615300000, "costAndExpenses": 707700000, "interestIncome": 0, "interestExpense": 20900000, "depreciationAndAmortization": 32700000, "ebitda": 62200000, "ebitdaratio": 0.0849726776, "operatingIncome": 24300000, "operatingIncomeRatio": 0.0331967213, "totalOtherIncomeExpensesNet": -15700000, "incomeBeforeTax": 8600000, "incomeBeforeTaxRatio": 0.0117486339, "incomeTaxExpense": 32800000, "netIncome": -24200000, "netIncomeRatio": -0.0330601093, "eps": -0.11, "epsdiluted": -0.11, "weightedAverageShsOut": 219600000, "weightedAverageShsOutDil": 219600000, "link": "https://www.sec.gov/Archives/edgar/data/769397/000076939719000030/0000769397-19-000030-index.htm", "finalLink": "https://www.sec.gov/Archives/edgar/data/769397/000076939719000030/adsk-4302019x10q.htm"}, {"date": "2019-01-31", "symbol": "ADSK", "reportedCurrency": "USD", "cik": "0000769397", "fillingDate": "2019-03-25", "acceptedDate": "2019-03-25 16:05:52", "calendarYear": "2019", "period": "Q4", "revenue": 737300000, "costOfRevenue": 83200000, "grossProfit": 654100000, "grossProfitRatio": 0.8871558389, "researchAndDevelopmentExpenses": 190400000, "generalAndAdministrativeExpenses": 0, "sellingAndMarketingExpenses": 0, "sellingGeneralAndAdministrativeExpenses": 418400000, "otherExpenses": 0, "operatingExpenses": 608800000, "costAndExpenses": 692000000, "interestIncome": 0, "interestExpense": 14300000, "depreciationAndAmortization": 25400000, "ebitda": 72700000, "ebitdaratio": 0.098603011, "operatingIncome": 45300000, "operatingIncomeRatio": 0.0614403906, "totalOtherIncomeExpensesNet": -12300000, "incomeBeforeTax": 33000000, "incomeBeforeTaxRatio": 0.0447579004, "incomeTaxExpense": -31700000, "netIncome": 64700000, "netIncomeRatio": 0.0877526109, "eps": 0.3, "epsdiluted": 0.29, "weightedAverageShsOut": 219200000, "weightedAverageShsOutDil": 221300000, "link": "https://www.sec.gov/Archives/edgar/data/769397/000076939719000016/0000769397-19-000016-index.htm", "finalLink": "https://www.sec.gov/Archives/edgar/data/769397/000076939719000016/adsk-0131201910xk.htm"}, {"date": "2018-10-31", "symbol": "ADSK", "reportedCurrency": "USD", "cik": "0000769397", "fillingDate": "2018-12-06", "acceptedDate": "2018-12-06 16:04:23", "calendarYear": "2019", "period": "Q3", "revenue": 663400000, "costOfRevenue": 76500000, "grossProfit": 586900000, "grossProfitRatio": 0.8846849563, "researchAndDevelopmentExpenses": 181000000, "generalAndAdministrativeExpenses": 0, "sellingAndMarketingExpenses": 0, "sellingGeneralAndAdministrativeExpenses": 382800000, "otherExpenses": 0, "operatingExpenses": 563800000, "costAndExpenses": 640300000, "interestIncome": 0, "interestExpense": 15600000, "depreciationAndAmortization": 23500000, "ebitda": 50600000, "ebitdaratio": 0.0762737413, "operatingIncome": 23100000, "operatingIncomeRatio": 0.034820621, "totalOtherIncomeExpensesNet": -11600000, "incomeBeforeTax": 11500000, "incomeBeforeTaxRatio": 0.0173349412, "incomeTaxExpense": 35200000, "netIncome": -23700000, "netIncomeRatio": -0.0357250528, "eps": -0.11, "epsdiluted": -0.11, "weightedAverageShsOut": 215454545, "weightedAverageShsOutDil": 218900000, "link": "https://www.sec.gov/Archives/edgar/data/769397/000076939718000051/0000769397-18-000051-index.htm", "finalLink": "https://www.sec.gov/Archives/edgar/data/769397/000076939718000051/adsk-10312018x10q.htm"}, {"date": "2018-07-31", "symbol": "ADSK", "reportedCurrency": "USD", "cik": "0000769397", "fillingDate": "2018-08-30", "acceptedDate": "2018-08-30 16:07:54", "calendarYear": "2019", "period": "Q2", "revenue": 615200000, "costOfRevenue": 73600000, "grossProfit": 541600000, "grossProfitRatio": 0.8803641092, "researchAndDevelopmentExpenses": 180800000, "generalAndAdministrativeExpenses": 0, "sellingAndMarketingExpenses": 0, "sellingGeneralAndAdministrativeExpenses": 366600000, "otherExpenses": 0, "operatingExpenses": 547400000, "costAndExpenses": 621000000, "interestIncome": 0, "interestExpense": 8700000, "depreciationAndAmortization": 22200000, "ebitda": 7500000, "ebitdaratio": 0.0121911573, "operatingIncome": -5800000, "operatingIncomeRatio": -0.0094278283, "totalOtherIncomeExpensesNet": -17600000, "incomeBeforeTax": -23400000, "incomeBeforeTaxRatio": -0.0380364109, "incomeTaxExpense": 16000000, "netIncome": -39400000, "netIncomeRatio": -0.0640442133, "eps": -0.18, "epsdiluted": -0.18, "weightedAverageShsOut": 218888888, "weightedAverageShsOutDil": 219000000, "link": "https://www.sec.gov/Archives/edgar/data/769397/000076939718000042/0000769397-18-000042-index.htm", "finalLink": "https://www.sec.gov/Archives/edgar/data/769397/000076939718000042/adsk-7312018x10q.htm"}, {"date": "2018-04-30", "symbol": "ADSK", "reportedCurrency": "USD", "cik": "0000769397", "fillingDate": "2018-06-08", "acceptedDate": "2018-06-08 16:04:36", "calendarYear": "2019", "period": "Q1", "revenue": 562400000, "costOfRevenue": 70600000, "grossProfit": 491800000, "grossProfitRatio": 0.8744665718, "researchAndDevelopmentExpenses": 172800000, "generalAndAdministrativeExpenses": 0, "sellingAndMarketingExpenses": 0, "sellingGeneralAndAdministrativeExpenses": 352600000, "otherExpenses": 0, "operatingExpenses": 525400000, "costAndExpenses": 596000000, "interestIncome": 0, "interestExpense": 13000000, "depreciationAndAmortization": 24100000, "ebitda": -26700000, "ebitdaratio": -0.0474751067, "operatingIncome": -33600000, "operatingIncomeRatio": -0.0597439545, "totalOtherIncomeExpensesNet": -30200000, "incomeBeforeTax": -63800000, "incomeBeforeTaxRatio": -0.1134423898, "incomeTaxExpense": 18600000, "netIncome": -82400000, "netIncomeRatio": -0.146514936, "eps": -0.38, "epsdiluted": -0.38, "weightedAverageShsOut": 216842105, "weightedAverageShsOutDil": 218600000, "link": "https://www.sec.gov/Archives/edgar/data/769397/000076939718000024/0000769397-18-000024-index.htm", "finalLink": "https://www.sec.gov/Archives/edgar/data/769397/000076939718000024/adsk-4302018x10q.htm"}, {"date": "2018-01-31", "symbol": "ADSK", "reportedCurrency": "USD", "cik": "0000769397", "fillingDate": "2018-03-22", "acceptedDate": "2018-03-22 17:04:04", "calendarYear": "2018", "period": "Q4", "revenue": 553000000, "costOfRevenue": 78000000, "grossProfit": 475000000, "grossProfitRatio": 0.8589511754, "researchAndDevelopmentExpenses": 182200000, "generalAndAdministrativeExpenses": 0, "sellingAndMarketingExpenses": 0, "sellingGeneralAndAdministrativeExpenses": 383800000, "otherExpenses": 0, "operatingExpenses": 566000000, "costAndExpenses": 644000000, "interestIncome": 0, "interestExpense": 8400000, "depreciationAndAmortization": 26900000, "ebitda": -163000000, "ebitdaratio": -0.294755877, "operatingIncome": -91000000, "operatingIncomeRatio": -0.164556962, "totalOtherIncomeExpensesNet": -107300000, "incomeBeforeTax": -198300000, "incomeBeforeTaxRatio": -0.3585895118, "incomeTaxExpense": -24800000, "netIncome": -173500000, "netIncomeRatio": -0.3137432188, "eps": -0.79, "epsdiluted": -0.79, "weightedAverageShsOut": 218900000, "weightedAverageShsOutDil": 219100000, "link": "https://www.sec.gov/Archives/edgar/data/769397/000076939718000011/0000769397-18-000011-index.htm", "finalLink": "https://www.sec.gov/Archives/edgar/data/769397/000076939718000011/adsk-0131201810xk.htm"}, {"date": "2017-10-31", "symbol": "ADSK", "reportedCurrency": "USD", "cik": "0000769397", "fillingDate": "2017-12-05", "acceptedDate": "2017-12-05 16:03:34", "calendarYear": "2018", "period": "Q3", "revenue": 512900000, "costOfRevenue": 82200000, "grossProfit": 430700000, "grossProfitRatio": 0.8397348411, "researchAndDevelopmentExpenses": 191800000, "generalAndAdministrativeExpenses": 0, "sellingAndMarketingExpenses": 0, "sellingGeneralAndAdministrativeExpenses": 344200000, "otherExpenses": 0, "operatingExpenses": 536000000, "costAndExpenses": 618200000, "interestIncome": 0, "interestExpense": 9200000, "depreciationAndAmortization": 24700000, "ebitda": -77300000, "ebitdaratio": -0.1507116397, "operatingIncome": -105300000, "operatingIncomeRatio": -0.205303178, "totalOtherIncomeExpensesNet": -5900000, "incomeBeforeTax": -111200000, "incomeBeforeTaxRatio": -0.216806395, "incomeTaxExpense": 8600000, "netIncome": -119800000, "netIncomeRatio": -0.2335737961, "eps": -0.55, "epsdiluted": -0.55, "weightedAverageShsOut": 217818181, "weightedAverageShsOutDil": 219600000, "link": "https://www.sec.gov/Archives/edgar/data/769397/000076939717000057/0000769397-17-000057-index.htm", "finalLink": "https://www.sec.gov/Archives/edgar/data/769397/000076939717000057/adsk-10312017x10q.htm"}, {"date": "2017-07-31", "symbol": "ADSK", "reportedCurrency": "USD", "cik": "0000769397", "fillingDate": "2017-08-31", "acceptedDate": "2017-08-31 16:03:10", "calendarYear": "2018", "period": "Q2", "revenue": 499000000, "costOfRevenue": 79500000, "grossProfit": 419500000, "grossProfitRatio": 0.8406813627, "researchAndDevelopmentExpenses": 193800000, "generalAndAdministrativeExpenses": 0, "sellingAndMarketingExpenses": 0, "sellingGeneralAndAdministrativeExpenses": 335100000, "otherExpenses": 0, "operatingExpenses": 528900000, "costAndExpenses": 608400000, "interestIncome": 0, "interestExpense": 3600000, "depreciationAndAmortization": 28400000, "ebitda": -94400000, "ebitdaratio": -0.1891783567, "operatingIncome": -109400000, "operatingIncomeRatio": -0.219238477, "totalOtherIncomeExpensesNet": -17000000, "incomeBeforeTax": -126400000, "incomeBeforeTaxRatio": -0.2533066132, "incomeTaxExpense": 17600000, "netIncome": -144000000, "netIncomeRatio": -0.2885771543, "eps": -0.66, "epsdiluted": -0.66, "weightedAverageShsOut": 218181818, "weightedAverageShsOutDil": 219500000, "link": "https://www.sec.gov/Archives/edgar/data/769397/000076939717000051/0000769397-17-000051-index.htm", "finalLink": "https://www.sec.gov/Archives/edgar/data/769397/000076939717000051/adsk-07312017x10q.htm"}, {"date": "2017-04-30", "symbol": "ADSK", "reportedCurrency": "USD", "cik": "0000769397", "fillingDate": "2017-05-31", "acceptedDate": "2017-05-31 16:04:55", "calendarYear": "2018", "period": "Q1", "revenue": 483700000, "costOfRevenue": 83900000, "grossProfit": 399800000, "grossProfitRatio": 0.8265453794, "researchAndDevelopmentExpenses": 187700000, "generalAndAdministrativeExpenses": 0, "sellingAndMarketingExpenses": 0, "sellingGeneralAndAdministrativeExpenses": 331300000, "otherExpenses": 0, "operatingExpenses": 519000000, "costAndExpenses": 602900000, "interestIncome": 0, "interestExpense": 4900000, "depreciationAndAmortization": 28400000, "ebitda": -88100000, "ebitdaratio": -0.1821376886, "operatingIncome": -119200000, "operatingIncomeRatio": -0.2464337399, "totalOtherIncomeExpensesNet": -2200000, "incomeBeforeTax": -121400000, "incomeBeforeTaxRatio": -0.2509820136, "incomeTaxExpense": 8200000, "netIncome": -129600000, "netIncomeRatio": -0.2679346703, "eps": -0.59, "epsdiluted": -0.59, "weightedAverageShsOut": 219661016, "weightedAverageShsOutDil": 219900000, "link": "https://www.sec.gov/Archives/edgar/data/769397/000076939717000031/0000769397-17-000031-index.htm", "finalLink": "https://www.sec.gov/Archives/edgar/data/769397/000076939717000031/adsk-04302017x10q.htm"}, {"date": "2017-01-31", "symbol": "ADSK", "reportedCurrency": "USD", "cik": "0000769397", "fillingDate": "2017-03-21", "acceptedDate": "2017-03-21 16:03:19", "calendarYear": "2017", "period": "Q4", "revenue": 478000000, "costOfRevenue": 92200000, "grossProfit": 385800000, "grossProfitRatio": 0.8071129707, "researchAndDevelopmentExpenses": 187000000, "generalAndAdministrativeExpenses": 0, "sellingAndMarketingExpenses": 0, "sellingGeneralAndAdministrativeExpenses": 355700000, "otherExpenses": 0, "operatingExpenses": 542700000, "costAndExpenses": 634900000, "interestIncome": 0, "interestExpense": 7200000, "depreciationAndAmortization": 40800000, "ebitda": -120200000, "ebitdaratio": -0.2514644351, "operatingIncome": -156900000, "operatingIncomeRatio": -0.3282426778, "totalOtherIncomeExpensesNet": -11300000, "incomeBeforeTax": -168200000, "incomeBeforeTaxRatio": -0.3518828452, "incomeTaxExpense": 2300000, "netIncome": -170500000, "netIncomeRatio": -0.3566945607, "eps": -0.77, "epsdiluted": -0.77, "weightedAverageShsOut": 220900000, "weightedAverageShsOutDil": 221100000, "link": "https://www.sec.gov/Archives/edgar/data/769397/000076939717000014/0000769397-17-000014-index.htm", "finalLink": "https://www.sec.gov/Archives/edgar/data/769397/000076939717000014/adsk-0131201710xk.htm"}, {"date": "2016-10-31", "symbol": "ADSK", "reportedCurrency": "USD", "cik": "0000769397", "fillingDate": "2016-12-01", "acceptedDate": "2016-12-01 16:03:34", "calendarYear": "2017", "period": "Q3", "revenue": 488600000, "costOfRevenue": 88300000, "grossProfit": 400300000, "grossProfitRatio": 0.8192795743, "researchAndDevelopmentExpenses": 192600000, "generalAndAdministrativeExpenses": 0, "sellingAndMarketingExpenses": 0, "sellingGeneralAndAdministrativeExpenses": 326900000, "otherExpenses": 0, "operatingExpenses": 519500000, "costAndExpenses": 607800000, "interestIncome": 0, "interestExpense": 9700000, "depreciationAndAmortization": 34100000, "ebitda": -85500000, "ebitdaratio": -0.1749897667, "operatingIncome": -119200000, "operatingIncomeRatio": -0.2439623414, "totalOtherIncomeExpensesNet": -10100000, "incomeBeforeTax": -129300000, "incomeBeforeTaxRatio": -0.2646336472, "incomeTaxExpense": 13500000, "netIncome": -142800000, "netIncomeRatio": -0.2922636103, "eps": -0.64, "epsdiluted": -0.64, "weightedAverageShsOut": 222300000, "weightedAverageShsOutDil": 222300000, "link": "https://www.sec.gov/Archives/edgar/data/769397/000076939716000097/0000769397-16-000097-index.htm", "finalLink": "https://www.sec.gov/Archives/edgar/data/769397/000076939716000097/adsk-10312016x10q.htm"}, {"date": "2016-07-31", "symbol": "ADSK", "reportedCurrency": "USD", "cik": "0000769397", "fillingDate": "2016-08-30", "acceptedDate": "2016-08-30 16:28:08", "calendarYear": "2017", "period": "Q2", "revenue": 548200000, "costOfRevenue": 92900000, "grossProfit": 455300000, "grossProfitRatio": 0.8305363006, "researchAndDevelopmentExpenses": 193000000, "generalAndAdministrativeExpenses": 0, "sellingAndMarketingExpenses": 0, "sellingGeneralAndAdministrativeExpenses": 312200000, "otherExpenses": 0, "operatingExpenses": 505200000, "costAndExpenses": 598100000, "interestIncome": 0, "interestExpense": 6200000, "depreciationAndAmortization": 33000000, "ebitda": -16900000, "ebitdaratio": -0.0308281649, "operatingIncome": -49900000, "operatingIncomeRatio": -0.0910251733, "totalOtherIncomeExpensesNet": -23100000, "incomeBeforeTax": -73000000, "incomeBeforeTaxRatio": -0.1331630792, "incomeTaxExpense": 25200000, "netIncome": -98200000, "netIncomeRatio": -0.1791317038, "eps": -0.44, "epsdiluted": -0.44, "weightedAverageShsOut": 223181818, "weightedAverageShsOutDil": 223200000, "link": "https://www.sec.gov/Archives/edgar/data/769397/000076939716000087/0000769397-16-000087-index.htm", "finalLink": "https://www.sec.gov/Archives/edgar/data/769397/000076939716000087/adsk-7312016x10q.htm"}, {"date": "2016-04-30", "symbol": "ADSK", "reportedCurrency": "USD", "cik": "0000769397", "fillingDate": "2016-06-06", "acceptedDate": "2016-06-06 16:03:49", "calendarYear": "2017", "period": "Q1", "revenue": 511900000, "costOfRevenue": 92500000, "grossProfit": 419400000, "grossProfitRatio": 0.8193006447, "researchAndDevelopmentExpenses": 195500000, "generalAndAdministrativeExpenses": 75800000, "sellingAndMarketingExpenses": 242900000, "sellingGeneralAndAdministrativeExpenses": 318700000, "otherExpenses": 1100000, "operatingExpenses": 522100000, "costAndExpenses": 614600000, "interestIncome": 0, "interestExpense": 6500000, "depreciationAndAmortization": 37400000, "ebitda": -109400000, "ebitdaratio": -0.2137136159, "operatingIncome": -155000000, "operatingIncomeRatio": -0.3027935144, "totalOtherIncomeExpensesNet": -3600000, "incomeBeforeTax": -158600000, "incomeBeforeTaxRatio": -0.3098261379, "incomeTaxExpense": 14400000, "netIncome": -173000000, "netIncomeRatio": -0.3379566322, "eps": -0.77, "epsdiluted": -0.77, "weightedAverageShsOut": 223600000, "weightedAverageShsOutDil": 224400000, "link": "https://www.sec.gov/Archives/edgar/data/769397/000076939716000079/0000769397-16-000079-index.htm", "finalLink": "https://www.sec.gov/Archives/edgar/data/769397/000076939716000079/adsk-4302016x10q.htm"}, {"date": "2016-01-31", "symbol": "ADSK", "reportedCurrency": "USD", "cik": "0000769397", "fillingDate": "2016-03-23", "acceptedDate": "2016-03-23 16:02:56", "calendarYear": "2016", "period": "Q4", "revenue": 648300000, "costOfRevenue": 94900000, "grossProfit": 553400000, "grossProfitRatio": 0.8536171526, "researchAndDevelopmentExpenses": 204500000, "generalAndAdministrativeExpenses": 73200000, "sellingAndMarketingExpenses": 277400000, "sellingGeneralAndAdministrativeExpenses": 350600000, "otherExpenses": 8000000, "operatingExpenses": 563100000, "costAndExpenses": 658000000, "interestIncome": 0, "interestExpense": 12900000, "depreciationAndAmortization": 36100000, "ebitda": 28500000, "ebitdaratio": 0.0439611291, "operatingIncome": -9700000, "operatingIncomeRatio": -0.0149622089, "totalOtherIncomeExpensesNet": -10800000, "incomeBeforeTax": -20500000, "incomeBeforeTaxRatio": -0.031621163, "incomeTaxExpense": 12200000, "netIncome": -32700000, "netIncomeRatio": -0.0504396113, "eps": -0.15, "epsdiluted": -0.15, "weightedAverageShsOut": 224500000, "weightedAverageShsOutDil": 224700000, "link": "https://www.sec.gov/Archives/edgar/data/769397/000076939716000067/0000769397-16-000067-index.htm", "finalLink": "https://www.sec.gov/Archives/edgar/data/769397/000076939716000067/adsk-0131201610xk.htm"}, {"date": "2015-10-31", "symbol": "ADSK", "reportedCurrency": "USD", "cik": "0000769397", "fillingDate": "2015-12-09", "acceptedDate": "2015-12-09 17:12:29", "calendarYear": "2016", "period": "Q3", "revenue": 599800000, "costOfRevenue": 91000000, "grossProfit": 508800000, "grossProfitRatio": 0.8482827609, "researchAndDevelopmentExpenses": 197900000, "generalAndAdministrativeExpenses": 74200000, "sellingAndMarketingExpenses": 243400000, "sellingGeneralAndAdministrativeExpenses": 317600000, "otherExpenses": 3700000, "operatingExpenses": 523600000, "costAndExpenses": 614600000, "interestIncome": 0, "interestExpense": 11000000, "depreciationAndAmortization": 35700000, "ebitda": 24200000, "ebitdaratio": 0.0403467823, "operatingIncome": -14800000, "operatingIncomeRatio": -0.0246748916, "totalOtherIncomeExpensesNet": -7700000, "incomeBeforeTax": -22500000, "incomeBeforeTaxRatio": -0.0375125042, "incomeTaxExpense": 21300000, "netIncome": -43800000, "netIncomeRatio": -0.0730243414, "eps": -0.19, "epsdiluted": -0.19, "weightedAverageShsOut": 225300000, "weightedAverageShsOutDil": 225300000, "link": "https://www.sec.gov/Archives/edgar/data/769397/000076939715000050/0000769397-15-000050-index.htm", "finalLink": "https://www.sec.gov/Archives/edgar/data/769397/000076939715000050/adsk-10312015x10q.htm"}, {"date": "2015-07-31", "symbol": "ADSK", "reportedCurrency": "USD", "cik": "0000769397", "fillingDate": "2015-08-31", "acceptedDate": "2015-08-31 16:02:05", "calendarYear": "2016", "period": "Q2", "revenue": 609500000, "costOfRevenue": 93000000, "grossProfit": 516500000, "grossProfitRatio": 0.8474159147, "researchAndDevelopmentExpenses": 193100000, "generalAndAdministrativeExpenses": 70100000, "sellingAndMarketingExpenses": 240800000, "sellingGeneralAndAdministrativeExpenses": 310900000, "otherExpenses": 1900000, "operatingExpenses": 512200000, "costAndExpenses": 605200000, "interestIncome": 0, "interestExpense": 8000000, "depreciationAndAmortization": 36200000, "ebitda": 40500000, "ebitdaratio": 0.0664479081, "operatingIncome": 4300000, "operatingIncomeRatio": 0.0070549631, "totalOtherIncomeExpensesNet": -3400000, "incomeBeforeTax": 900000, "incomeBeforeTaxRatio": 0.0014766202, "incomeTaxExpense": 236400000, "netIncome": -235500000, "netIncomeRatio": -0.3863822806, "eps": -1.04, "epsdiluted": -1.04, "weightedAverageShsOut": 227000000, "weightedAverageShsOutDil": 227000000, "link": "https://www.sec.gov/Archives/edgar/data/769397/000076939715000040/0000769397-15-000040-index.htm", "finalLink": "https://www.sec.gov/Archives/edgar/data/769397/000076939715000040/adsk-7312015x10q.htm"}, {"date": "2015-04-30", "symbol": "ADSK", "reportedCurrency": "USD", "cik": "0000769397", "fillingDate": "2015-05-28", "acceptedDate": "2015-05-28 16:08:09", "calendarYear": "2016", "period": "Q1", "revenue": 646500000, "costOfRevenue": 91800000, "grossProfit": 554700000, "grossProfitRatio": 0.8580046404, "researchAndDevelopmentExpenses": 194500000, "generalAndAdministrativeExpenses": 75900000, "sellingAndMarketingExpenses": 253900000, "sellingGeneralAndAdministrativeExpenses": 329800000, "otherExpenses": 2900000, "operatingExpenses": 533200000, "costAndExpenses": 625000000, "interestIncome": 0, "interestExpense": 2000000, "depreciationAndAmortization": 37800000, "ebitda": 59300000, "ebitdaratio": 0.0917246713, "operatingIncome": 21500000, "operatingIncomeRatio": 0.0332559938, "totalOtherIncomeExpensesNet": 300000, "incomeBeforeTax": 21800000, "incomeBeforeTaxRatio": 0.0337200309, "incomeTaxExpense": 2700000, "netIncome": 19100000, "netIncomeRatio": 0.0295436968, "eps": 0.08, "epsdiluted": 0.08, "weightedAverageShsOut": 227200000, "weightedAverageShsOutDil": 231700000, "link": "https://www.sec.gov/Archives/edgar/data/769397/000076939715000024/0000769397-15-000024-index.htm", "finalLink": "https://www.sec.gov/Archives/edgar/data/769397/000076939715000024/adsk-4302015x10q.htm"}, {"date": "2015-01-31", "symbol": "ADSK", "reportedCurrency": "USD", "cik": "0000769397", "fillingDate": "2015-03-18", "acceptedDate": "2015-03-18 16:04:42", "calendarYear": "2015", "period": "Q4", "revenue": 664600000, "costOfRevenue": 89500000, "grossProfit": 575100000, "grossProfitRatio": 0.8653325308, "researchAndDevelopmentExpenses": 191500000, "generalAndAdministrativeExpenses": 70400000, "sellingAndMarketingExpenses": 289900000, "sellingGeneralAndAdministrativeExpenses": 360300000, "otherExpenses": 100000, "operatingExpenses": 561100000, "costAndExpenses": 650600000, "interestIncome": 0, "interestExpense": 4700000, "depreciationAndAmortization": 36000000, "ebitda": 50000000, "ebitdaratio": 0.075233223, "operatingIncome": 14000000, "operatingIncomeRatio": 0.0210653024, "totalOtherIncomeExpensesNet": -21100000, "incomeBeforeTax": -7100000, "incomeBeforeTaxRatio": -0.0106831177, "incomeTaxExpense": -18600000, "netIncome": 11500000, "netIncomeRatio": 0.0173036413, "eps": 0.05, "epsdiluted": 0.05, "weightedAverageShsOut": 227200000, "weightedAverageShsOutDil": 232200000, "link": "https://www.sec.gov/Archives/edgar/data/769397/000076939715000012/0000769397-15-000012-index.htm", "finalLink": "https://www.sec.gov/Archives/edgar/data/769397/000076939715000012/adsk-0131201510xk.htm"}, {"date": "2014-10-31", "symbol": "ADSK", "reportedCurrency": "USD", "cik": "0000769397", "fillingDate": "2014-12-05", "acceptedDate": "2014-12-05 16:01:17", "calendarYear": "2015", "period": "Q3", "revenue": 618000000, "costOfRevenue": 86000000, "grossProfit": 532000000, "grossProfitRatio": 0.8608414239, "researchAndDevelopmentExpenses": 183900000, "generalAndAdministrativeExpenses": 78900000, "sellingAndMarketingExpenses": 245100000, "sellingGeneralAndAdministrativeExpenses": 324000000, "otherExpenses": 100000, "operatingExpenses": 517400000, "costAndExpenses": 603400000, "interestIncome": 0, "interestExpense": 2800000, "depreciationAndAmortization": 36600000, "ebitda": 51200000, "ebitdaratio": 0.0828478964, "operatingIncome": 14600000, "operatingIncomeRatio": 0.0236245955, "totalOtherIncomeExpensesNet": -3000000, "incomeBeforeTax": 11600000, "incomeBeforeTaxRatio": 0.0187702265, "incomeTaxExpense": 900000, "netIncome": 10700000, "netIncomeRatio": 0.0173139159, "eps": 0.05, "epsdiluted": 0.05, "weightedAverageShsOut": 226900000, "weightedAverageShsOutDil": 231500000, "link": "https://www.sec.gov/Archives/edgar/data/769397/000076939714000060/0000769397-14-000060-index.htm", "finalLink": "https://www.sec.gov/Archives/edgar/data/769397/000076939714000060/adsk-10312014x10q.htm"}, {"date": "2014-07-31", "symbol": "ADSK", "reportedCurrency": "USD", "cik": "0000769397", "fillingDate": "2014-09-02", "acceptedDate": "2014-09-02 16:01:55", "calendarYear": "2015", "period": "Q2", "revenue": 637100000, "costOfRevenue": 87900000, "grossProfit": 549200000, "grossProfitRatio": 0.8620310783, "researchAndDevelopmentExpenses": 179300000, "generalAndAdministrativeExpenses": 71500000, "sellingAndMarketingExpenses": 237600000, "sellingGeneralAndAdministrativeExpenses": 309100000, "otherExpenses": -100000, "operatingExpenses": 498500000, "costAndExpenses": 586400000, "interestIncome": 0, "interestExpense": 3300000, "depreciationAndAmortization": 37200000, "ebitda": 87900000, "ebitdaratio": 0.1379689217, "operatingIncome": 49900000, "operatingIncomeRatio": 0.0783236541, "totalOtherIncomeExpensesNet": -7000000, "incomeBeforeTax": 42900000, "incomeBeforeTaxRatio": 0.0673363679, "incomeTaxExpense": 11600000, "netIncome": 31300000, "netIncomeRatio": 0.0491288652, "eps": 0.14, "epsdiluted": 0.13, "weightedAverageShsOut": 227300000, "weightedAverageShsOutDil": 232400000, "link": "https://www.sec.gov/Archives/edgar/data/769397/000076939714000051/0000769397-14-000051-index.htm", "finalLink": "https://www.sec.gov/Archives/edgar/data/769397/000076939714000051/adsk-7312014x10q.htm"}, {"date": "2014-04-30", "symbol": "ADSK", "reportedCurrency": "USD", "cik": "0000769397", "fillingDate": "2014-06-03", "acceptedDate": "2014-06-03 16:03:28", "calendarYear": "2015", "period": "Q1", "revenue": 592500000, "costOfRevenue": 78700000, "grossProfit": 513800000, "grossProfitRatio": 0.8671729958, "researchAndDevelopmentExpenses": 170500000, "generalAndAdministrativeExpenses": 73400000, "sellingAndMarketingExpenses": 225400000, "sellingGeneralAndAdministrativeExpenses": 298800000, "otherExpenses": 2600000, "operatingExpenses": 469300000, "costAndExpenses": 548000000, "interestIncome": 0, "interestExpense": 2400000, "depreciationAndAmortization": 36100000, "ebitda": 80600000, "ebitdaratio": 0.1360337553, "operatingIncome": 42200000, "operatingIncomeRatio": 0.0712236287, "totalOtherIncomeExpensesNet": -6600000, "incomeBeforeTax": 35600000, "incomeBeforeTaxRatio": 0.0600843882, "incomeTaxExpense": 7300000, "netIncome": 28300000, "netIncomeRatio": 0.0477637131, "eps": 0.12, "epsdiluted": 0.12, "weightedAverageShsOut": 227000000, "weightedAverageShsOutDil": 231600000, "link": "https://www.sec.gov/Archives/edgar/data/769397/000076939714000035/0000769397-14-000035-index.htm", "finalLink": "https://www.sec.gov/Archives/edgar/data/769397/000076939714000035/adsk-4302014x10q.htm"}, {"date": "2014-01-31", "symbol": "ADSK", "reportedCurrency": "USD", "cik": "0000769397", "fillingDate": "2014-03-10", "acceptedDate": "2014-03-10 16:17:25", "calendarYear": "2014", "period": "Q4", "revenue": 586600000, "costOfRevenue": 71900000, "grossProfit": 514700000, "grossProfitRatio": 0.8774292533, "researchAndDevelopmentExpenses": 162400000, "generalAndAdministrativeExpenses": 62000000, "sellingAndMarketingExpenses": 232300000, "sellingGeneralAndAdministrativeExpenses": 294300000, "otherExpenses": -100000, "operatingExpenses": 456700000, "costAndExpenses": 528600000, "interestIncome": 0, "interestExpense": 3000000, "depreciationAndAmortization": 33200000, "ebitda": 91200000, "ebitdaratio": 0.1554722128, "operatingIncome": 51700000, "operatingIncomeRatio": 0.0881350153, "totalOtherIncomeExpensesNet": 4600000, "incomeBeforeTax": 56300000, "incomeBeforeTaxRatio": 0.0959768155, "incomeTaxExpense": 2400000, "netIncome": 53900000, "netIncomeRatio": 0.0918854415, "eps": 0.24, "epsdiluted": 0.23, "weightedAverageShsOut": 225500000, "weightedAverageShsOutDil": 231100000, "link": "https://www.sec.gov/Archives/edgar/data/769397/000076939714000018/0000769397-14-000018-index.htm", "finalLink": "https://www.sec.gov/Archives/edgar/data/769397/000076939714000018/adsk-0131201410xk.htm"}, {"date": "2013-10-31", "symbol": "ADSK", "reportedCurrency": "USD", "cik": "0000769397", "fillingDate": "2013-12-06", "acceptedDate": "2013-12-06 16:46:43", "calendarYear": "2014", "period": "Q3", "revenue": 555200000, "costOfRevenue": 67100000, "grossProfit": 488100000, "grossProfitRatio": 0.8791426513, "researchAndDevelopmentExpenses": 149000000, "generalAndAdministrativeExpenses": 63200000, "sellingAndMarketingExpenses": 203400000, "sellingGeneralAndAdministrativeExpenses": 266600000, "otherExpenses": 2800000, "operatingExpenses": 415600000, "costAndExpenses": 482700000, "interestIncome": 0, "interestExpense": 1800000, "depreciationAndAmortization": 30600000, "ebitda": 110800000, "ebitdaratio": 0.1995677233, "operatingIncome": 68100000, "operatingIncomeRatio": 0.1226585014, "totalOtherIncomeExpensesNet": 1100000, "incomeBeforeTax": 69200000, "incomeBeforeTaxRatio": 0.1246397695, "incomeTaxExpense": 11600000, "netIncome": 57600000, "netIncomeRatio": 0.1037463977, "eps": 0.26, "epsdiluted": 0.25, "weightedAverageShsOut": 223100000, "weightedAverageShsOutDil": 227700000, "link": "https://www.sec.gov/Archives/edgar/data/769397/000076939713000091/0000769397-13-000091-index.htm", "finalLink": "https://www.sec.gov/Archives/edgar/data/769397/000076939713000091/adsk-10x31x2013x10q.htm"}, {"date": "2013-07-31", "symbol": "ADSK", "reportedCurrency": "USD", "cik": "0000769397", "fillingDate": "2013-09-03", "acceptedDate": "2013-09-03 16:32:47", "calendarYear": "2014", "period": "Q2", "revenue": 561700000, "costOfRevenue": 67800000, "grossProfit": 493900000, "grossProfitRatio": 0.8792949973, "researchAndDevelopmentExpenses": 148900000, "generalAndAdministrativeExpenses": 61600000, "sellingAndMarketingExpenses": 198100000, "sellingGeneralAndAdministrativeExpenses": 259700000, "otherExpenses": 200000, "operatingExpenses": 408600000, "costAndExpenses": 476400000, "interestIncome": 0, "interestExpense": 1900000, "depreciationAndAmortization": 32000000, "ebitda": 115700000, "ebitdaratio": 0.2059818408, "operatingIncome": 83600000, "operatingIncomeRatio": 0.1488338971, "totalOtherIncomeExpensesNet": -1800000, "incomeBeforeTax": 81800000, "incomeBeforeTaxRatio": 0.1456293395, "incomeTaxExpense": 20100000, "netIncome": 61700000, "netIncomeRatio": 0.109845113, "eps": 0.28, "epsdiluted": 0.27, "weightedAverageShsOut": 223100000, "weightedAverageShsOutDil": 228300000, "link": "https://www.sec.gov/Archives/edgar/data/769397/000076939713000056/0000769397-13-000056-index.htm", "finalLink": "https://www.sec.gov/Archives/edgar/data/769397/000076939713000056/adsk-07x31x2013x10q.htm"}, {"date": "2013-04-30", "symbol": "ADSK", "reportedCurrency": "USD", "cik": "0000769397", "fillingDate": "2013-06-05", "acceptedDate": "2013-06-05 16:46:39", "calendarYear": "2014", "period": "Q1", "revenue": 570400000, "costOfRevenue": 67500000, "grossProfit": 502900000, "grossProfitRatio": 0.8816619916, "researchAndDevelopmentExpenses": 150800000, "generalAndAdministrativeExpenses": 61500000, "sellingAndMarketingExpenses": 208800000, "sellingGeneralAndAdministrativeExpenses": 270300000, "otherExpenses": -200000, "operatingExpenses": 421100000, "costAndExpenses": 488600000, "interestIncome": 0, "interestExpense": 3100000, "depreciationAndAmortization": 33100000, "ebitda": 108800000, "ebitdaratio": 0.190743338, "operatingIncome": -81400000, "operatingIncomeRatio": -0.1427068724, "totalOtherIncomeExpensesNet": -9200000, "incomeBeforeTax": 72600000, "incomeBeforeTaxRatio": 0.1272791024, "incomeTaxExpense": 17000000, "netIncome": 55600000, "netIncomeRatio": 0.0974754558, "eps": 0.25, "epsdiluted": 0.24, "weightedAverageShsOut": 223800000, "weightedAverageShsOutDil": 229300000, "link": "https://www.sec.gov/Archives/edgar/data/769397/000076939713000036/0000769397-13-000036-index.htm", "finalLink": "https://www.sec.gov/Archives/edgar/data/769397/000076939713000036/adsk-04x30x2013x10q.htm"}, {"date": "2013-01-31", "symbol": "ADSK", "reportedCurrency": "USD", "cik": "0000769397", "fillingDate": "2013-03-18", "acceptedDate": "2013-03-18 16:01:59", "calendarYear": "2013", "period": "Q4", "revenue": 606900000, "costOfRevenue": 62000000, "grossProfit": 544900000, "grossProfitRatio": 0.8978414895, "researchAndDevelopmentExpenses": 149400000, "generalAndAdministrativeExpenses": 67700000, "sellingAndMarketingExpenses": 236000000, "sellingGeneralAndAdministrativeExpenses": 303700000, "otherExpenses": 0, "operatingExpenses": 453100000, "costAndExpenses": 515100000, "interestIncome": 0, "interestExpense": 900000, "depreciationAndAmortization": 34700000, "ebitda": 126500000, "ebitdaratio": 0.2084363157, "operatingIncome": 84600000, "operatingIncomeRatio": 0.1393969352, "totalOtherIncomeExpensesNet": 1500000, "incomeBeforeTax": 86100000, "incomeBeforeTaxRatio": 0.1418685121, "incomeTaxExpense": 11600000, "netIncome": 74500000, "netIncomeRatio": 0.1227549843, "eps": 0.33, "epsdiluted": 0.32, "weightedAverageShsOut": 224100000, "weightedAverageShsOutDil": 229600000, "link": "https://www.sec.gov/Archives/edgar/data/769397/000076939713000007/0000769397-13-000007-index.htm", "finalLink": "https://www.sec.gov/Archives/edgar/data/769397/000076939713000007/adsk-0131201310xk.htm"}, {"date": "2012-10-31", "symbol": "ADSK", "reportedCurrency": "USD", "cik": "0000769397", "fillingDate": "2012-12-04", "acceptedDate": "2012-12-04 16:04:41", "calendarYear": "2013", "period": "Q3", "revenue": 548000000, "costOfRevenue": 58000000, "grossProfit": 490000000, "grossProfitRatio": 0.8941605839, "researchAndDevelopmentExpenses": 153600000, "generalAndAdministrativeExpenses": 62300000, "sellingAndMarketingExpenses": 204600000, "sellingGeneralAndAdministrativeExpenses": 266900000, "otherExpenses": 0, "operatingExpenses": 420500000, "costAndExpenses": 478500000, "interestIncome": 0, "interestExpense": 0, "depreciationAndAmortization": 35000000, "ebitda": 106100000, "ebitdaratio": 0.1936131387, "operatingIncome": 34300000, "operatingIncomeRatio": 0.0625912409, "totalOtherIncomeExpensesNet": -100000, "incomeBeforeTax": 34200000, "incomeBeforeTaxRatio": 0.0624087591, "incomeTaxExpense": 4900000, "netIncome": 29300000, "netIncomeRatio": 0.0534671533, "eps": 0.13, "epsdiluted": 0.13, "weightedAverageShsOut": 225500000, "weightedAverageShsOutDil": 229900000, "link": "https://www.sec.gov/Archives/edgar/data/769397/000076939712000023/0000769397-12-000023-index.htm", "finalLink": "https://www.sec.gov/Archives/edgar/data/769397/000076939712000023/adsk-10x31x2012x10q.htm"}, {"date": "2012-07-31", "symbol": "ADSK", "reportedCurrency": "USD", "cik": "0000769397", "fillingDate": "2012-09-05", "acceptedDate": "2012-09-05 16:32:25", "calendarYear": "2013", "period": "Q2", "revenue": 568700000, "costOfRevenue": 59800000, "grossProfit": 508900000, "grossProfitRatio": 0.8948478987, "researchAndDevelopmentExpenses": 144900000, "generalAndAdministrativeExpenses": 58700000, "sellingAndMarketingExpenses": 212400000, "sellingGeneralAndAdministrativeExpenses": 271100000, "otherExpenses": 0, "operatingExpenses": 416000000, "costAndExpenses": 475800000, "interestIncome": 800000, "interestExpense": 800000, "depreciationAndAmortization": 28900000, "ebitda": 92900000, "ebitdaratio": 0.1633550202, "operatingIncome": 92900000, "operatingIncomeRatio": 0.1633550202, "totalOtherIncomeExpensesNet": -800000, "incomeBeforeTax": 92100000, "incomeBeforeTaxRatio": 0.1619483031, "incomeTaxExpense": 27500000, "netIncome": 64600000, "netIncomeRatio": 0.1135924037, "eps": 0.28, "epsdiluted": 0.28, "weightedAverageShsOut": 227800000, "weightedAverageShsOutDil": 232100000, "link": "https://www.sec.gov/Archives/edgar/data/769397/000076939712000016/0000769397-12-000016-index.htm", "finalLink": "https://www.sec.gov/Archives/edgar/data/769397/000076939712000016/adsk-7x31x2012x10q.htm"}, {"date": "2012-04-30", "symbol": "ADSK", "reportedCurrency": "USD", "cik": "0000769397", "fillingDate": "2012-06-01", "acceptedDate": "2012-06-01 16:37:32", "calendarYear": "2013", "period": "Q1", "revenue": 588600000, "costOfRevenue": 58800000, "grossProfit": 529800000, "grossProfitRatio": 0.9001019368, "researchAndDevelopmentExpenses": 152700000, "generalAndAdministrativeExpenses": 59900000, "sellingAndMarketingExpenses": 223200000, "sellingGeneralAndAdministrativeExpenses": 283100000, "otherExpenses": 0, "operatingExpenses": 435800000, "costAndExpenses": 494600000, "interestIncome": 0, "interestExpense": 1100000, "depreciationAndAmortization": 29200000, "ebitda": 94000000, "ebitdaratio": 0.1597009854, "operatingIncome": 94000000, "operatingIncomeRatio": 0.1597009854, "totalOtherIncomeExpensesNet": 3500000, "incomeBeforeTax": 97500000, "incomeBeforeTaxRatio": 0.1656472987, "incomeTaxExpense": 18600000, "netIncome": 78900000, "netIncomeRatio": 0.1340468909, "eps": 0.35, "epsdiluted": 0.34, "weightedAverageShsOut": 228100000, "weightedAverageShsOutDil": 234100000, "link": "https://www.sec.gov/Archives/edgar/data/769397/000076939712000009/0000769397-12-000009-index.htm", "finalLink": "https://www.sec.gov/Archives/edgar/data/769397/000076939712000009/adsk-4x30x2012x10q.htm"}, {"date": "2012-01-31", "symbol": "ADSK", "reportedCurrency": "USD", "cik": "0000769397", "fillingDate": "2012-03-15", "acceptedDate": "2012-03-15 16:05:18", "calendarYear": "2012", "period": "Q4", "revenue": 592400000, "costOfRevenue": 57500000, "grossProfit": 534900000, "grossProfitRatio": 0.9029372046, "researchAndDevelopmentExpenses": 149500000, "generalAndAdministrativeExpenses": 60100000, "sellingAndMarketingExpenses": 233500000, "sellingGeneralAndAdministrativeExpenses": 293600000, "otherExpenses": 0, "operatingExpenses": 443100000, "costAndExpenses": 500600000, "interestIncome": 0, "interestExpense": 0, "depreciationAndAmortization": 30300000, "ebitda": 122100000, "ebitdaratio": 0.206110736, "operatingIncome": 91800000, "operatingIncomeRatio": 0.1549628629, "totalOtherIncomeExpensesNet": 1100000, "incomeBeforeTax": 92900000, "incomeBeforeTaxRatio": 0.1568197164, "incomeTaxExpense": 20900000, "netIncome": 72000000, "netIncomeRatio": 0.1215395003, "eps": 0.32, "epsdiluted": 0.31, "weightedAverageShsOut": 228100000, "weightedAverageShsOutDil": 234100000, "link": "https://www.sec.gov/Archives/edgar/data/769397/000076939712000005/0000769397-12-000005-index.htm", "finalLink": "https://www.sec.gov/Archives/edgar/data/769397/000076939712000005/adsk-0131201210xk.htm"}, {"date": "2011-10-31", "symbol": "ADSK", "reportedCurrency": "USD", "cik": "0000769397", "fillingDate": "2011-12-06", "acceptedDate": "2011-12-06 16:44:15", "calendarYear": "2012", "period": "Q3", "revenue": 548600000, "costOfRevenue": 59600000, "grossProfit": 489000000, "grossProfitRatio": 0.891359825, "researchAndDevelopmentExpenses": 141200000, "generalAndAdministrativeExpenses": 51400000, "sellingAndMarketingExpenses": 206200000, "sellingGeneralAndAdministrativeExpenses": 257600000, "otherExpenses": 0, "operatingExpenses": 398800000, "costAndExpenses": 458400000, "interestIncome": 0, "interestExpense": 1100000, "depreciationAndAmortization": 31000000, "ebitda": 90200000, "ebitdaratio": 0.1644185199, "operatingIncome": 90200000, "operatingIncomeRatio": 0.1644185199, "totalOtherIncomeExpensesNet": 1100000, "incomeBeforeTax": 91300000, "incomeBeforeTaxRatio": 0.1664236238, "incomeTaxExpense": 18500000, "netIncome": 72800000, "netIncomeRatio": 0.1327014218, "eps": 0.32, "epsdiluted": 0.32, "weightedAverageShsOut": 227100000, "weightedAverageShsOutDil": 230700000, "link": "https://www.sec.gov/Archives/edgar/data/769397/000119312511332153/0001193125-11-332153-index.htm", "finalLink": "https://www.sec.gov/Archives/edgar/data/769397/000119312511332153/d234764d10q.htm"}, {"date": "2011-07-31", "symbol": "ADSK", "reportedCurrency": "USD", "cik": "0000769397", "fillingDate": "2011-09-01", "acceptedDate": "2011-09-01 16:06:24", "calendarYear": "2012", "period": "Q2", "revenue": 546300000, "costOfRevenue": 57400000, "grossProfit": 488900000, "grossProfitRatio": 0.8949295259, "researchAndDevelopmentExpenses": 139200000, "generalAndAdministrativeExpenses": 55000000, "sellingAndMarketingExpenses": 201000000, "sellingGeneralAndAdministrativeExpenses": 256000000, "otherExpenses": 0, "operatingExpenses": 395200000, "costAndExpenses": 452600000, "interestIncome": 0, "interestExpense": 0, "depreciationAndAmortization": 29700000, "ebitda": 123400000, "ebitdaratio": 0.2258832144, "operatingIncome": 95000000, "operatingIncomeRatio": 0.1738971261, "totalOtherIncomeExpensesNet": -800000, "incomeBeforeTax": 94200000, "incomeBeforeTaxRatio": 0.1724327293, "incomeTaxExpense": 23000000, "netIncome": 71200000, "netIncomeRatio": 0.1303313198, "eps": 0.31, "epsdiluted": 0.3, "weightedAverageShsOut": 229400000, "weightedAverageShsOutDil": 236600000, "link": "https://www.sec.gov/Archives/edgar/data/769397/000119312511239152/0001193125-11-239152-index.htm", "finalLink": "https://www.sec.gov/Archives/edgar/data/769397/000119312511239152/d10q.htm"}, {"date": "2011-04-30", "symbol": "ADSK", "reportedCurrency": "USD", "cik": "0000769397", "fillingDate": "2011-06-03", "acceptedDate": "2011-06-03 16:51:32", "calendarYear": "2012", "period": "Q1", "revenue": 528300000, "costOfRevenue": 54600000, "grossProfit": 473700000, "grossProfitRatio": 0.8966496309, "researchAndDevelopmentExpenses": 136600000, "generalAndAdministrativeExpenses": 56600000, "sellingAndMarketingExpenses": 201900000, "sellingGeneralAndAdministrativeExpenses": 258500000, "otherExpenses": 0, "operatingExpenses": 395100000, "costAndExpenses": 449700000, "interestIncome": 0, "interestExpense": 5900000, "depreciationAndAmortization": 24500000, "ebitda": 78600000, "ebitdaratio": 0.1487791028, "operatingIncome": 78600000, "operatingIncomeRatio": 0.1487791028, "totalOtherIncomeExpensesNet": 5900000, "incomeBeforeTax": 84500000, "incomeBeforeTaxRatio": 0.1599469998, "incomeTaxExpense": 15200000, "netIncome": 69300000, "netIncomeRatio": 0.1311754685, "eps": 0.3, "epsdiluted": 0.29, "weightedAverageShsOut": 228200000, "weightedAverageShsOutDil": 237100000, "link": "https://www.sec.gov/Archives/edgar/data/769397/000119312511158515/0001193125-11-158515-index.htm", "finalLink": "https://www.sec.gov/Archives/edgar/data/769397/000119312511158515/d10q.htm"}, {"date": "2011-01-31", "symbol": "ADSK", "reportedCurrency": "USD", "cik": "0000769397", "fillingDate": "2011-03-18", "acceptedDate": "2011-03-18 16:07:11", "calendarYear": "2011", "period": "Q4", "revenue": 527700000, "costOfRevenue": 48400000, "grossProfit": 479300000, "grossProfitRatio": 0.9082812204, "researchAndDevelopmentExpenses": 126900000, "generalAndAdministrativeExpenses": 52100000, "sellingAndMarketingExpenses": 226900000, "sellingGeneralAndAdministrativeExpenses": 279000000, "otherExpenses": 0, "operatingExpenses": 405900000, "costAndExpenses": 454300000, "interestIncome": 0, "interestExpense": 800000, "depreciationAndAmortization": 25800000, "ebitda": 99200000, "ebitdaratio": 0.1879855979, "operatingIncome": 71600000, "operatingIncomeRatio": 0.1356831533, "totalOtherIncomeExpensesNet": 1400000, "incomeBeforeTax": 73000000, "incomeBeforeTaxRatio": 0.1383361759, "incomeTaxExpense": 11400000, "netIncome": 61600000, "netIncomeRatio": 0.1167329922, "eps": 0.27, "epsdiluted": 0.26, "weightedAverageShsOut": 228200000, "weightedAverageShsOutDil": 237100000, "link": "https://www.sec.gov/Archives/edgar/data/769397/000119312511071209/0001193125-11-071209-index.htm", "finalLink": "https://www.sec.gov/Archives/edgar/data/769397/000119312511071209/d10k.htm"}, {"date": "2010-10-31", "symbol": "ADSK", "reportedCurrency": "USD", "cik": "0000769397", "fillingDate": "2010-12-07", "acceptedDate": "2010-12-07 17:06:31", "calendarYear": "2011", "period": "Q3", "revenue": 476700000, "costOfRevenue": 48500000, "grossProfit": 428200000, "grossProfitRatio": 0.898258863, "researchAndDevelopmentExpenses": 122800000, "generalAndAdministrativeExpenses": 51100000, "sellingAndMarketingExpenses": 185100000, "sellingGeneralAndAdministrativeExpenses": 236200000, "otherExpenses": 0, "operatingExpenses": 359000000, "costAndExpenses": 407500000, "interestIncome": 0, "interestExpense": 2500000, "depreciationAndAmortization": 26600000, "ebitda": 69200000, "ebitdaratio": 0.1451646738, "operatingIncome": 69200000, "operatingIncomeRatio": 0.1451646738, "totalOtherIncomeExpensesNet": 2500000, "incomeBeforeTax": 71700000, "incomeBeforeTaxRatio": 0.1504090623, "incomeTaxExpense": 18100000, "netIncome": 53600000, "netIncomeRatio": 0.1124396895, "eps": 0.24, "epsdiluted": 0.23, "weightedAverageShsOut": 226500000, "weightedAverageShsOutDil": 232400000, "link": "https://www.sec.gov/Archives/edgar/data/769397/000119312510275686/0001193125-10-275686-index.htm", "finalLink": "https://www.sec.gov/Archives/edgar/data/769397/000119312510275686/d10q.htm"}, {"date": "2010-07-31", "symbol": "ADSK", "reportedCurrency": "USD", "cik": "0000769397", "fillingDate": "2010-09-01", "acceptedDate": "2010-09-01 07:01:29", "calendarYear": "2011", "period": "Q2", "revenue": 472800000, "costOfRevenue": 48400000, "grossProfit": 424400000, "grossProfitRatio": 0.8976311337, "researchAndDevelopmentExpenses": 119300000, "generalAndAdministrativeExpenses": 45900000, "sellingAndMarketingExpenses": 177500000, "sellingGeneralAndAdministrativeExpenses": 223400000, "otherExpenses": 0, "operatingExpenses": 342700000, "costAndExpenses": 391100000, "interestIncome": 0, "interestExpense": 100000, "depreciationAndAmortization": 26300000, "ebitda": 108000000, "ebitdaratio": 0.2284263959, "operatingIncome": 79800000, "operatingIncomeRatio": 0.1687817259, "totalOtherIncomeExpensesNet": 100000, "incomeBeforeTax": 79900000, "incomeBeforeTaxRatio": 0.1689932318, "incomeTaxExpense": 20000000, "netIncome": 59900000, "netIncomeRatio": 0.1266920474, "eps": 0.26, "epsdiluted": 0.25, "weightedAverageShsOut": 228000000, "weightedAverageShsOutDil": 233800000, "link": "https://www.sec.gov/Archives/edgar/data/769397/000119312510202279/0001193125-10-202279-index.htm", "finalLink": "https://www.sec.gov/Archives/edgar/data/769397/000119312510202279/d10q.htm"}]