[{"date": "2025-06-30", "symbol": "CHRW", "reportedCurrency": "USD", "cik": "0001043277", "fillingDate": "2025-08-01", "acceptedDate": "2025-08-01 13:02:59", "calendarYear": "2025", "period": "Q2", "revenue": 4136543000, "costOfRevenue": 3778634000, "grossProfit": 357909000, "grossProfitRatio": 0.0865236987, "researchAndDevelopmentExpenses": 0, "generalAndAdministrativeExpenses": 0, "sellingAndMarketingExpenses": 0, "sellingGeneralAndAdministrativeExpenses": 141990000, "otherExpenses": 0, "operatingExpenses": 141990000, "costAndExpenses": 3920624000, "interestIncome": 0, "interestExpense": 16800000, "depreciationAndAmortization": 24866000, "ebitda": 235559000, "ebitdaratio": 0.0569458603, "operatingIncome": 215919000, "operatingIncomeRatio": 0.0521979344, "totalOtherIncomeExpensesNet": -22026000, "incomeBeforeTax": 193893000, "incomeBeforeTaxRatio": 0.0468731982, "incomeTaxExpense": 41422000, "netIncome": 152471000, "netIncomeRatio": 0.0368595226, "eps": 1.27, "epsdiluted": 1.26, "weightedAverageShsOut": 120605000, "weightedAverageShsOutDil": 121442000, "link": "https://www.sec.gov/Archives/edgar/data/1043277/000104327725000037/0001043277-25-000037-index.htm", "finalLink": "https://www.sec.gov/Archives/edgar/data/1043277/000104327725000037/chrw-20250630.htm"}, {"date": "2025-03-31", "symbol": "CHRW", "reportedCurrency": "USD", "cik": "0001043277", "fillingDate": "2025-05-02", "acceptedDate": "2025-05-02 11:30:37", "calendarYear": "2025", "period": "Q1", "revenue": 4046740000, "costOfRevenue": 3722205000, "grossProfit": 324535000, "grossProfitRatio": 0.0801966521, "researchAndDevelopmentExpenses": 15666000, "generalAndAdministrativeExpenses": 0, "sellingAndMarketingExpenses": 0, "sellingGeneralAndAdministrativeExpenses": 147682000, "otherExpenses": -15666000, "operatingExpenses": 147682000, "costAndExpenses": 3869887000, "interestIncome": 0, "interestExpense": 16800000, "depreciationAndAmortization": 40102000, "ebitda": 176853000, "ebitdaratio": 0.0437025853, "operatingIncome": 176853000, "operatingIncomeRatio": 0.0437025853, "totalOtherIncomeExpensesNet": -20051000, "incomeBeforeTax": 156802000, "incomeBeforeTaxRatio": 0.0387477327, "incomeTaxExpense": 21500000, "netIncome": 135302000, "netIncomeRatio": 0.0334348142, "eps": 1.12, "epsdiluted": 1.11, "weightedAverageShsOut": 120969000, "weightedAverageShsOutDil": 121932000, "link": "https://www.sec.gov/Archives/edgar/data/1043277/000104327725000022/0001043277-25-000022-index.htm", "finalLink": "https://www.sec.gov/Archives/edgar/data/1043277/000104327725000022/chrw-20250331.htm"}, {"date": "2024-12-31", "symbol": "CHRW", "reportedCurrency": "USD", "cik": "0001043277", "fillingDate": "2025-02-14", "acceptedDate": "2025-02-14 11:32:56", "calendarYear": "2024", "period": "Q4", "revenue": 4184656000, "costOfRevenue": 3854414000, "grossProfit": 333891000, "grossProfitRatio": 0.0797893543, "researchAndDevelopmentExpenses": 11762000, "generalAndAdministrativeExpenses": 0, "sellingAndMarketingExpenses": 0, "sellingGeneralAndAdministrativeExpenses": 136908000, "otherExpenses": 1422000, "operatingExpenses": 150092000, "costAndExpenses": 4000857000, "interestIncome": 0, "interestExpense": 15350000, "depreciationAndAmortization": 24280000, "ebitda": 208129000, "ebitdaratio": 0.0497362268, "operatingIncome": 183799000, "operatingIncomeRatio": 0.0439221288, "totalOtherIncomeExpensesNet": -15350000, "incomeBeforeTax": 168449000, "incomeBeforeTaxRatio": 0.0402539659, "incomeTaxExpense": 19143000, "netIncome": 149306000, "netIncomeRatio": 0.0356793963, "eps": 1.24, "epsdiluted": 1.22, "weightedAverageShsOut": 120589000, "weightedAverageShsOutDil": 122291000, "link": "https://www.sec.gov/Archives/edgar/data/1043277/000104327725000012/0001043277-25-000012-index.htm", "finalLink": "https://www.sec.gov/Archives/edgar/data/1043277/000104327725000012/chrw-20241231.htm"}, {"date": "2024-09-30", "symbol": "CHRW", "reportedCurrency": "USD", "cik": "0001043277", "fillingDate": "2024-11-01", "acceptedDate": "2024-11-01 16:40:09", "calendarYear": "2024", "period": "Q3", "revenue": 4644641000, "costOfRevenue": 4270947000, "grossProfit": 373694000, "grossProfitRatio": 0.0804570256, "researchAndDevelopmentExpenses": 0, "generalAndAdministrativeExpenses": 0, "sellingAndMarketingExpenses": 0, "sellingGeneralAndAdministrativeExpenses": 193575000, "otherExpenses": 0, "operatingExpenses": 193575000, "costAndExpenses": 4464522000, "interestIncome": 0, "interestExpense": 36282000, "depreciationAndAmortization": 23948000, "ebitda": 204067000, "ebitdaratio": 0.0439360114, "operatingIncome": 180119000, "operatingIncomeRatio": 0.0387799617, "totalOtherIncomeExpensesNet": -36282000, "incomeBeforeTax": 143837000, "incomeBeforeTaxRatio": 0.0309683784, "incomeTaxExpense": 46608000, "netIncome": 97229000, "netIncomeRatio": 0.0209335878, "eps": 0.81, "epsdiluted": 0.8, "weightedAverageShsOut": 119860000, "weightedAverageShsOutDil": 121179000, "link": "https://www.sec.gov/Archives/edgar/data/1043277/000104327724000051/0001043277-24-000051-index.htm", "finalLink": "https://www.sec.gov/Archives/edgar/data/1043277/000104327724000051/chrw-20240930.htm"}, {"date": "2024-06-30", "symbol": "CHRW", "reportedCurrency": "USD", "cik": "0001043277", "fillingDate": "2024-08-02", "acceptedDate": "2024-08-02 13:06:04", "calendarYear": "2024", "period": "Q2", "revenue": 4483348000, "costOfRevenue": 4147692000, "grossProfit": 335656000, "grossProfitRatio": 0.0748672644, "researchAndDevelopmentExpenses": 10883000, "generalAndAdministrativeExpenses": 0, "sellingAndMarketingExpenses": 0, "sellingGeneralAndAdministrativeExpenses": 142357000, "otherExpenses": -10883000, "operatingExpenses": 142357000, "costAndExpenses": 4290049000, "interestIncome": 1375000, "interestExpense": 22900000, "depreciationAndAmortization": 25054000, "ebitda": 218353000, "ebitdaratio": 0.048703112, "operatingIncome": 178090000, "operatingIncomeRatio": 0.0397225466, "totalOtherIncomeExpensesNet": -21525000, "incomeBeforeTax": 156565000, "incomeBeforeTaxRatio": 0.0349214471, "incomeTaxExpense": 30314000, "netIncome": 126251000, "netIncomeRatio": 0.0281599822, "eps": 1.06, "epsdiluted": 1.05, "weightedAverageShsOut": 119418000, "weightedAverageShsOutDil": 119920000, "link": "https://www.sec.gov/Archives/edgar/data/1043277/000104327724000042/0001043277-24-000042-index.htm", "finalLink": "https://www.sec.gov/Archives/edgar/data/1043277/000104327724000042/chrw-20240630.htm"}, {"date": "2024-03-31", "symbol": "CHRW", "reportedCurrency": "USD", "cik": "0001043277", "fillingDate": "2024-05-03", "acceptedDate": "2024-05-03 14:19:39", "calendarYear": "2024", "period": "Q1", "revenue": 4412311000, "costOfRevenue": 4125727000, "grossProfit": 286584000, "grossProfitRatio": 0.0649509973, "researchAndDevelopmentExpenses": 10222000, "generalAndAdministrativeExpenses": 0, "sellingAndMarketingExpenses": 0, "sellingGeneralAndAdministrativeExpenses": 146540000, "otherExpenses": -10222000, "operatingExpenses": 146540000, "costAndExpenses": 4272267000, "interestIncome": 5320000, "interestExpense": 22100000, "depreciationAndAmortization": 23878000, "ebitda": 163922000, "ebitdaratio": 0.037151053, "operatingIncome": 127133000, "operatingIncomeRatio": 0.0288132455, "totalOtherIncomeExpensesNet": -16780000, "incomeBeforeTax": 110353000, "incomeBeforeTaxRatio": 0.0250102497, "incomeTaxExpense": 17449000, "netIncome": 92904000, "netIncomeRatio": 0.0210556328, "eps": 0.78, "epsdiluted": 0.78, "weightedAverageShsOut": 119344000, "weightedAverageShsOutDil": 119604000, "link": "https://www.sec.gov/Archives/edgar/data/1043277/000104327724000026/0001043277-24-000026-index.htm", "finalLink": "https://www.sec.gov/Archives/edgar/data/1043277/000104327724000026/chrw-20240331.htm"}, {"date": "2023-12-31", "symbol": "CHRW", "reportedCurrency": "USD", "cik": "0001043277", "fillingDate": "2024-02-16", "acceptedDate": "2024-02-16 13:26:51", "calendarYear": "2023", "period": "Q4", "revenue": 4221887000, "costOfRevenue": 3966418000, "grossProfit": 255469000, "grossProfitRatio": 0.06051062, "researchAndDevelopmentExpenses": 9321000, "generalAndAdministrativeExpenses": 0, "sellingAndMarketingExpenses": 0, "sellingGeneralAndAdministrativeExpenses": 149374000, "otherExpenses": -9321000, "operatingExpenses": 149374000, "costAndExpenses": 4118734000, "interestIncome": 0, "interestExpense": 38149000, "depreciationAndAmortization": 23086000, "ebitda": 130515000, "ebitdaratio": 0.0309139018, "operatingIncome": 107429000, "operatingIncomeRatio": 0.0254457308, "totalOtherIncomeExpensesNet": -38149000, "incomeBeforeTax": 69280000, "incomeBeforeTaxRatio": 0.0164097239, "incomeTaxExpense": 38307000, "netIncome": 30973000, "netIncomeRatio": 0.007336293, "eps": 0.26, "epsdiluted": 0.26, "weightedAverageShsOut": 118605000, "weightedAverageShsOutDil": 119613000, "link": "https://www.sec.gov/Archives/edgar/data/1043277/000104327724000011/0001043277-24-000011-index.htm", "finalLink": "https://www.sec.gov/Archives/edgar/data/1043277/000104327724000011/chrw-20231231.htm"}, {"date": "2023-09-30", "symbol": "CHRW", "reportedCurrency": "USD", "cik": "0001043277", "fillingDate": "2023-11-03", "acceptedDate": "2023-11-03 12:42:44", "calendarYear": "2023", "period": "Q3", "revenue": 4341030000, "costOfRevenue": 4049713000, "grossProfit": 291317000, "grossProfitRatio": 0.0671078062, "researchAndDevelopmentExpenses": 8233000, "generalAndAdministrativeExpenses": 0, "sellingAndMarketingExpenses": 0, "sellingGeneralAndAdministrativeExpenses": 177795000, "otherExpenses": -8233000, "operatingExpenses": 177795000, "costAndExpenses": 4227508000, "interestIncome": 0, "interestExpense": 20748000, "depreciationAndAmortization": 25544000, "ebitda": 139066000, "ebitdaratio": 0.0320352543, "operatingIncome": 113522000, "operatingIncomeRatio": 0.0261509365, "totalOtherIncomeExpensesNet": -20748000, "incomeBeforeTax": 92774000, "incomeBeforeTaxRatio": 0.0213714257, "incomeTaxExpense": 10825000, "netIncome": 81949000, "netIncomeRatio": 0.0188777779, "eps": 0.69, "epsdiluted": 0.68, "weightedAverageShsOut": 118464000, "weightedAverageShsOutDil": 119751000, "link": "https://www.sec.gov/Archives/edgar/data/1043277/000104327723000036/0001043277-23-000036-index.htm", "finalLink": "https://www.sec.gov/Archives/edgar/data/1043277/000104327723000036/chrw-20230930.htm"}, {"date": "2023-06-30", "symbol": "CHRW", "reportedCurrency": "USD", "cik": "0001043277", "fillingDate": "2023-08-04", "acceptedDate": "2023-08-04 13:39:53", "calendarYear": "2023", "period": "Q2", "revenue": 4421856000, "costOfRevenue": 4133637000, "grossProfit": 288219000, "grossProfitRatio": 0.0651805486, "researchAndDevelopmentExpenses": 8749000, "generalAndAdministrativeExpenses": 0, "sellingAndMarketingExpenses": 0, "sellingGeneralAndAdministrativeExpenses": 155596000, "otherExpenses": 680077000, "operatingExpenses": 155596000, "costAndExpenses": 4289233000, "interestIncome": 21759000, "interestExpense": 18259000, "depreciationAndAmortization": 25975000, "ebitda": 158598000, "ebitdaratio": 0.0358668396, "operatingIncome": 132623000, "operatingIncomeRatio": 0.0299926094, "totalOtherIncomeExpensesNet": -18259000, "incomeBeforeTax": 114364000, "incomeBeforeTaxRatio": 0.0258633479, "incomeTaxExpense": 17048000, "netIncome": 97316000, "netIncomeRatio": 0.0220079532, "eps": 0.82, "epsdiluted": 0.81, "weightedAverageShsOut": 118500000, "weightedAverageShsOutDil": 119807000, "link": "https://www.sec.gov/Archives/edgar/data/1043277/000104327723000029/0001043277-23-000029-index.htm", "finalLink": "https://www.sec.gov/Archives/edgar/data/1043277/000104327723000029/chrw-20230630.htm"}, {"date": "2023-03-31", "symbol": "CHRW", "reportedCurrency": "USD", "cik": "0001043277", "fillingDate": "2023-04-28", "acceptedDate": "2023-04-28 11:56:56", "calendarYear": "2023", "period": "Q1", "revenue": 4611670000, "costOfRevenue": 4309136000, "grossProfit": 302534000, "grossProfitRatio": 0.0656018319, "researchAndDevelopmentExpenses": 7317000, "generalAndAdministrativeExpenses": 0, "sellingAndMarketingExpenses": 0, "sellingGeneralAndAdministrativeExpenses": 141501000, "otherExpenses": 638105000, "operatingExpenses": 141501000, "costAndExpenses": 4450637000, "interestIncome": 18665000, "interestExpense": 28265000, "depreciationAndAmortization": 24380000, "ebitda": 185413000, "ebitdaratio": 0.0402051751, "operatingIncome": 161033000, "operatingIncomeRatio": 0.034918587, "totalOtherIncomeExpensesNet": -28265000, "incomeBeforeTax": 132768000, "incomeBeforeTaxRatio": 0.0287895708, "incomeTaxExpense": 17877000, "netIncome": 114891000, "netIncomeRatio": 0.0249131009, "eps": 0.97, "epsdiluted": 0.96, "weightedAverageShsOut": 118636000, "weightedAverageShsOutDil": 119909000, "link": "https://www.sec.gov/Archives/edgar/data/1043277/000104327723000016/0001043277-23-000016-index.htm", "finalLink": "https://www.sec.gov/Archives/edgar/data/1043277/000104327723000016/chrw-20230331.htm"}, {"date": "2022-12-31", "symbol": "CHRW", "reportedCurrency": "USD", "cik": "0001043277", "fillingDate": "2023-02-17", "acceptedDate": "2023-02-17 14:06:38", "calendarYear": "2022", "period": "Q4", "revenue": 5066821000, "costOfRevenue": 4725957000, "grossProfit": 340864000, "grossProfitRatio": 0.0672737403, "researchAndDevelopmentExpenses": 6656000, "generalAndAdministrativeExpenses": 0, "sellingAndMarketingExpenses": 0, "sellingGeneralAndAdministrativeExpenses": 176830000, "otherExpenses": 2790713000, "operatingExpenses": 176830000, "costAndExpenses": 4902787000, "interestIncome": 24217000, "interestExpense": 42476000, "depreciationAndAmortization": 24053000, "ebitda": 188087000, "ebitdaratio": 0.0371213035, "operatingIncome": 164034000, "operatingIncomeRatio": 0.0323741454, "totalOtherIncomeExpensesNet": -42476000, "incomeBeforeTax": 121558000, "incomeBeforeTaxRatio": 0.0239909797, "incomeTaxExpense": 25365000, "netIncome": 96193000, "netIncomeRatio": 0.0189848822, "eps": 0.81, "epsdiluted": 0.8, "weightedAverageShsOut": 119212000, "weightedAverageShsOutDil": 120472000, "link": "https://www.sec.gov/Archives/edgar/data/1043277/000104327723000005/0001043277-23-000005-index.htm", "finalLink": "https://www.sec.gov/Archives/edgar/data/1043277/000104327723000005/chrw-20221231.htm"}, {"date": "2022-09-30", "symbol": "CHRW", "reportedCurrency": "USD", "cik": "0001043277", "fillingDate": "2022-11-04", "acceptedDate": "2022-11-04 12:52:23", "calendarYear": "2022", "period": "Q3", "revenue": 6015376000, "costOfRevenue": 5565727000, "grossProfit": 449649000, "grossProfitRatio": 0.0747499408, "researchAndDevelopmentExpenses": 6457000, "generalAndAdministrativeExpenses": 0, "sellingAndMarketingExpenses": 0, "sellingGeneralAndAdministrativeExpenses": 162040000, "otherExpenses": 703186000, "operatingExpenses": 162040000, "costAndExpenses": 5727767000, "interestIncome": 21172000, "interestExpense": 15972000, "depreciationAndAmortization": 22975000, "ebitda": 310584000, "ebitdaratio": 0.0516316852, "operatingIncome": 287609000, "operatingIncomeRatio": 0.0478123063, "totalOtherIncomeExpensesNet": -15972000, "incomeBeforeTax": 271637000, "incomeBeforeTaxRatio": 0.0451571107, "incomeTaxExpense": 45839000, "netIncome": 225798000, "netIncomeRatio": 0.0375368057, "eps": 1.81, "epsdiluted": 1.78, "weightedAverageShsOut": 124980000, "weightedAverageShsOutDil": 127190000, "link": "https://www.sec.gov/Archives/edgar/data/1043277/000104327722000045/0001043277-22-000045-index.htm", "finalLink": "https://www.sec.gov/Archives/edgar/data/1043277/000104327722000045/chrw-20220930.htm"}, {"date": "2022-06-30", "symbol": "CHRW", "reportedCurrency": "USD", "cik": "0001043277", "fillingDate": "2022-07-29", "acceptedDate": "2022-07-29 14:56:02", "calendarYear": "2022", "period": "Q2", "revenue": 6798475000, "costOfRevenue": 6211626000, "grossProfit": 586849000, "grossProfitRatio": 0.0863206822, "researchAndDevelopmentExpenses": 6640000, "generalAndAdministrativeExpenses": 0, "sellingAndMarketingExpenses": 0, "sellingGeneralAndAdministrativeExpenses": 117184000, "otherExpenses": 744752000, "operatingExpenses": 117184000, "costAndExpenses": 6328810000, "interestIncome": 0, "interestExpense": 0, "depreciationAndAmortization": 23262000, "ebitda": 492927000, "ebitdaratio": 0.0725055251, "operatingIncome": 469665000, "operatingIncomeRatio": 0.0690838754, "totalOtherIncomeExpensesNet": -27395000, "incomeBeforeTax": 442270000, "incomeBeforeTaxRatio": 0.0650542953, "incomeTaxExpense": 94085000, "netIncome": 348185000, "netIncomeRatio": 0.0512151622, "eps": 2.71, "epsdiluted": 2.67, "weightedAverageShsOut": 128405000, "weightedAverageShsOutDil": 130338000, "link": "https://www.sec.gov/Archives/edgar/data/1043277/000104327722000038/0001043277-22-000038-index.htm", "finalLink": "https://www.sec.gov/Archives/edgar/data/1043277/000104327722000038/chrw-20220630.htm"}, {"date": "2022-03-31", "symbol": "CHRW", "reportedCurrency": "USD", "cik": "0001043277", "fillingDate": "2022-04-29", "acceptedDate": "2022-04-29 14:54:56", "calendarYear": "2022", "period": "Q1", "revenue": 6815953000, "costOfRevenue": 6323118000, "grossProfit": 492835000, "grossProfitRatio": 0.072306103, "researchAndDevelopmentExpenses": 5734000, "generalAndAdministrativeExpenses": 0, "sellingAndMarketingExpenses": 0, "sellingGeneralAndAdministrativeExpenses": 147361000, "otherExpenses": 672894000, "operatingExpenses": 147361000, "costAndExpenses": 6470479000, "interestIncome": 0, "interestExpense": 14174000, "depreciationAndAmortization": 22486000, "ebitda": 367960000, "ebitdaratio": 0.053985114, "operatingIncome": 345474000, "operatingIncomeRatio": 0.0506860889, "totalOtherIncomeExpensesNet": -14174000, "incomeBeforeTax": 331300000, "incomeBeforeTaxRatio": 0.0486065558, "incomeTaxExpense": 60952000, "netIncome": 270348000, "netIncomeRatio": 0.0396640059, "eps": 2.07, "epsdiluted": 2.05, "weightedAverageShsOut": 130499000, "weightedAverageShsOutDil": 132155000, "link": "https://www.sec.gov/Archives/edgar/data/1043277/000104327722000019/0001043277-22-000019-index.htm", "finalLink": "https://www.sec.gov/Archives/edgar/data/1043277/000104327722000019/chrw-20220331.htm"}, {"date": "2021-12-31", "symbol": "CHRW", "reportedCurrency": "USD", "cik": "0001043277", "fillingDate": "2022-02-23", "acceptedDate": "2022-02-23 14:45:00", "calendarYear": "2021", "period": "Q4", "revenue": 6501848000, "costOfRevenue": 6065501000, "grossProfit": 436347000, "grossProfitRatio": 0.0671112275, "researchAndDevelopmentExpenses": 5607000, "generalAndAdministrativeExpenses": 0, "sellingAndMarketingExpenses": 0, "sellingGeneralAndAdministrativeExpenses": 148941000, "otherExpenses": 2499085000, "operatingExpenses": 148941000, "costAndExpenses": 6214442000, "interestIncome": 0, "interestExpense": 18398000, "depreciationAndAmortization": 22638000, "ebitda": 310044000, "ebitdaratio": 0.0476855196, "operatingIncome": 287406000, "operatingIncomeRatio": 0.0442037402, "totalOtherIncomeExpensesNet": -18398000, "incomeBeforeTax": 269008000, "incomeBeforeTaxRatio": 0.0413740832, "incomeTaxExpense": 38910000, "netIncome": 230098000, "netIncomeRatio": 0.0353896308, "eps": 1.77, "epsdiluted": 1.74, "weightedAverageShsOut": 130348000, "weightedAverageShsOutDil": 132617000, "link": "https://www.sec.gov/Archives/edgar/data/1043277/000104327722000006/0001043277-22-000006-index.htm", "finalLink": "https://www.sec.gov/Archives/edgar/data/1043277/000104327722000006/chrw-20211231.htm"}, {"date": "2021-09-30", "symbol": "CHRW", "reportedCurrency": "USD", "cik": "0001043277", "fillingDate": "2021-10-29", "acceptedDate": "2021-10-29 11:21:19", "calendarYear": "2021", "period": "Q3", "revenue": 6263695000, "costOfRevenue": 5819383000, "grossProfit": 444312000, "grossProfitRatio": 0.0709344883, "researchAndDevelopmentExpenses": 5152000, "generalAndAdministrativeExpenses": 0, "sellingAndMarketingExpenses": 0, "sellingGeneralAndAdministrativeExpenses": 133543000, "otherExpenses": 638993000, "operatingExpenses": 133543000, "costAndExpenses": 5952926000, "interestIncome": 0, "interestExpense": 16662000, "depreciationAndAmortization": 22406000, "ebitda": 333175000, "ebitdaratio": 0.0531914469, "operatingIncome": 310769000, "operatingIncomeRatio": 0.0496143251, "totalOtherIncomeExpensesNet": -16662000, "incomeBeforeTax": 294107000, "incomeBeforeTaxRatio": 0.0469542339, "incomeTaxExpense": 47054000, "netIncome": 247053000, "netIncomeRatio": 0.0394420546, "eps": 1.87, "epsdiluted": 1.85, "weightedAverageShsOut": 131845000, "weightedAverageShsOutDil": 133436000, "link": "https://www.sec.gov/Archives/edgar/data/1043277/000104327721000030/0001043277-21-000030-index.htm", "finalLink": "https://www.sec.gov/Archives/edgar/data/1043277/000104327721000030/chrw-20210930.htm"}, {"date": "2021-06-30", "symbol": "CHRW", "reportedCurrency": "USD", "cik": "0001043277", "fillingDate": "2021-07-30", "acceptedDate": "2021-07-30 11:47:59", "calendarYear": "2021", "period": "Q2", "revenue": 5532726000, "costOfRevenue": 5146451000, "grossProfit": 386275000, "grossProfitRatio": 0.0698163979, "researchAndDevelopmentExpenses": 4802000, "generalAndAdministrativeExpenses": 0, "sellingAndMarketingExpenses": 0, "sellingGeneralAndAdministrativeExpenses": 125671000, "otherExpenses": 627146000, "operatingExpenses": 125671000, "costAndExpenses": 5272122000, "interestIncome": 0, "interestExpense": 13497000, "depreciationAndAmortization": 22937000, "ebitda": 283541000, "ebitdaratio": 0.0512479743, "operatingIncome": 260604000, "operatingIncomeRatio": 0.0471022783, "totalOtherIncomeExpensesNet": -13497000, "incomeBeforeTax": 247107000, "incomeBeforeTaxRatio": 0.0446627937, "incomeTaxExpense": 53318000, "netIncome": 193789000, "netIncomeRatio": 0.0350259528, "eps": 1.45, "epsdiluted": 1.44, "weightedAverageShsOut": 133275000, "weightedAverageShsOutDil": 134856000, "link": "https://www.sec.gov/Archives/edgar/data/1043277/000104327721000024/0001043277-21-000024-index.htm", "finalLink": "https://www.sec.gov/Archives/edgar/data/1043277/000104327721000024/chrw-20210630.htm"}, {"date": "2021-03-31", "symbol": "CHRW", "reportedCurrency": "USD", "cik": "0001043277", "fillingDate": "2021-04-30", "acceptedDate": "2021-04-30 12:22:35", "calendarYear": "2021", "period": "Q1", "revenue": 4803869000, "costOfRevenue": 4462324000, "grossProfit": 341545000, "grossProfitRatio": 0.0710979005, "researchAndDevelopmentExpenses": 4647000, "generalAndAdministrativeExpenses": 0, "sellingAndMarketingExpenses": 0, "sellingGeneralAndAdministrativeExpenses": 118216000, "otherExpenses": 581039000, "operatingExpenses": 118216000, "costAndExpenses": 4580540000, "interestIncome": 0, "interestExpense": 11260000, "depreciationAndAmortization": 23278000, "ebitda": 246607000, "ebitdaratio": 0.0513350801, "operatingIncome": 223329000, "operatingIncomeRatio": 0.0464894026, "totalOtherIncomeExpensesNet": -11260000, "incomeBeforeTax": 212069000, "incomeBeforeTaxRatio": 0.0441454586, "incomeTaxExpense": 38764000, "netIncome": 173305000, "netIncomeRatio": 0.0360761295, "eps": 1.29, "epsdiluted": 1.28, "weightedAverageShsOut": 134508000, "weightedAverageShsOutDil": 135745000, "link": "https://www.sec.gov/Archives/edgar/data/1043277/000104327721000016/0001043277-21-000016-index.htm", "finalLink": "https://www.sec.gov/Archives/edgar/data/1043277/000104327721000016/chrw-20210331.htm"}, {"date": "2020-12-31", "symbol": "CHRW", "reportedCurrency": "USD", "cik": "0001043277", "fillingDate": "2021-02-19", "acceptedDate": "2021-02-19 14:14:17", "calendarYear": "2020", "period": "Q4", "revenue": 4549452000, "costOfRevenue": 4218134000, "grossProfit": 331318000, "grossProfitRatio": 0.072825914, "researchAndDevelopmentExpenses": 4510000, "generalAndAdministrativeExpenses": 0, "sellingAndMarketingExpenses": 0, "sellingGeneralAndAdministrativeExpenses": 124516000, "otherExpenses": 2203108000, "operatingExpenses": 124516000, "costAndExpenses": 4342650000, "interestIncome": 0, "interestExpense": 12033000, "depreciationAndAmortization": 24660000, "ebitda": 231462000, "ebitdaratio": 0.0508768968, "operatingIncome": 206802000, "operatingIncomeRatio": 0.0454564638, "totalOtherIncomeExpensesNet": -12033000, "incomeBeforeTax": 194769000, "incomeBeforeTaxRatio": 0.0428115298, "incomeTaxExpense": 46962000, "netIncome": 147807000, "netIncomeRatio": 0.0324889679, "eps": 1.09, "epsdiluted": 1.08, "weightedAverageShsOut": 135970000, "weightedAverageShsOutDil": 137176000, "link": "https://www.sec.gov/Archives/edgar/data/1043277/000104327721000009/0001043277-21-000009-index.htm", "finalLink": "https://www.sec.gov/Archives/edgar/data/1043277/000104327721000009/chrw-20201231.htm"}, {"date": "2020-09-30", "symbol": "CHRW", "reportedCurrency": "USD", "cik": "0001043277", "fillingDate": "2020-10-30", "acceptedDate": "2020-10-30 11:48:40", "calendarYear": "2020", "period": "Q3", "revenue": 4224800000, "costOfRevenue": 3938431000, "grossProfit": 286369000, "grossProfitRatio": 0.0677828536, "researchAndDevelopmentExpenses": 4388000, "generalAndAdministrativeExpenses": 0, "sellingAndMarketingExpenses": 0, "sellingGeneralAndAdministrativeExpenses": 118130000, "otherExpenses": 559780000, "operatingExpenses": 118130000, "costAndExpenses": 4056561000, "interestIncome": 0, "interestExpense": 7465000, "depreciationAndAmortization": 26916000, "ebitda": 195155000, "ebitdaratio": 0.0461927192, "operatingIncome": 168239000, "operatingIncomeRatio": 0.0398217667, "totalOtherIncomeExpensesNet": -7465000, "incomeBeforeTax": 160774000, "incomeBeforeTaxRatio": 0.0380548192, "incomeTaxExpense": 24245000, "netIncome": 136529000, "netIncomeRatio": 0.032316086, "eps": 1.01, "epsdiluted": 1, "weightedAverageShsOut": 135671000, "weightedAverageShsOutDil": 137128000, "link": "https://www.sec.gov/Archives/edgar/data/1043277/000104327720000042/0001043277-20-000042-index.htm", "finalLink": "https://www.sec.gov/Archives/edgar/data/1043277/000104327720000042/chrw-20200930.htm"}, {"date": "2020-06-30", "symbol": "CHRW", "reportedCurrency": "USD", "cik": "0001043277", "fillingDate": "2020-07-31", "acceptedDate": "2020-07-31 11:34:33", "calendarYear": "2020", "period": "Q2", "revenue": 3627846000, "costOfRevenue": 3313876000, "grossProfit": 313970000, "grossProfitRatio": 0.0865444674, "researchAndDevelopmentExpenses": 0, "generalAndAdministrativeExpenses": 0, "sellingAndMarketingExpenses": 0, "sellingGeneralAndAdministrativeExpenses": 125183000, "otherExpenses": 0, "operatingExpenses": 125183000, "costAndExpenses": 3439059000, "interestIncome": 0, "interestExpense": 10211000, "depreciationAndAmortization": 25758000, "ebitda": 214545000, "ebitdaratio": 0.0591383978, "operatingIncome": 188787000, "operatingIncomeRatio": 0.052038317, "totalOtherIncomeExpensesNet": -10211000, "incomeBeforeTax": 178576000, "incomeBeforeTaxRatio": 0.0492236991, "incomeTaxExpense": 34637000, "netIncome": 143939000, "netIncomeRatio": 0.0396761605, "eps": 1.07, "epsdiluted": 1.06, "weightedAverageShsOut": 135010000, "weightedAverageShsOutDil": 135610000, "link": "https://www.sec.gov/Archives/edgar/data/1043277/000104327720000036/0001043277-20-000036-index.htm", "finalLink": "https://www.sec.gov/Archives/edgar/data/1043277/000104327720000036/chrw-20200630.htm"}, {"date": "2020-03-31", "symbol": "CHRW", "reportedCurrency": "USD", "cik": "0001043277", "fillingDate": "2020-05-01", "acceptedDate": "2020-05-01 14:06:37", "calendarYear": "2020", "period": "Q1", "revenue": 3805008000, "costOfRevenue": 3567275000, "grossProfit": 237733000, "grossProfitRatio": 0.0624789751, "researchAndDevelopmentExpenses": 3745000, "generalAndAdministrativeExpenses": 0, "sellingAndMarketingExpenses": 0, "sellingGeneralAndAdministrativeExpenses": 128293000, "otherExpenses": 567162000, "operatingExpenses": 128293000, "costAndExpenses": 3695568000, "interestIncome": 0, "interestExpense": 15228000, "depreciationAndAmortization": 24393000, "ebitda": 133833000, "ebitdaratio": 0.0351728564, "operatingIncome": 109440000, "operatingIncomeRatio": 0.0287620946, "totalOtherIncomeExpensesNet": -15228000, "incomeBeforeTax": 94212000, "incomeBeforeTaxRatio": 0.0247600005, "incomeTaxExpense": 16066000, "netIncome": 78146000, "netIncomeRatio": 0.0205376704, "eps": 0.58, "epsdiluted": 0.57, "weightedAverageShsOut": 135474000, "weightedAverageShsOutDil": 135969000, "link": "https://www.sec.gov/Archives/edgar/data/1043277/000104327720000027/0001043277-20-000027-index.htm", "finalLink": "https://www.sec.gov/Archives/edgar/data/1043277/000104327720000027/chrw-20200331.htm"}, {"date": "2019-12-31", "symbol": "CHRW", "reportedCurrency": "USD", "cik": "0001043277", "fillingDate": "2020-02-19", "acceptedDate": "2020-02-19 15:44:34", "calendarYear": "2019", "period": "Q4", "revenue": 3793326000, "costOfRevenue": 3513444000, "grossProfit": 279882000, "grossProfitRatio": 0.0737827437, "researchAndDevelopmentExpenses": 11492000, "generalAndAdministrativeExpenses": 0, "sellingAndMarketingExpenses": 0, "sellingGeneralAndAdministrativeExpenses": 143076000, "otherExpenses": 2182293000, "operatingExpenses": 143076000, "costAndExpenses": 3656520000, "interestIncome": 0, "interestExpense": 10784000, "depreciationAndAmortization": 25327000, "ebitda": 162133000, "ebitdaratio": 0.0427416468, "operatingIncome": 136806000, "operatingIncomeRatio": 0.0360649203, "totalOtherIncomeExpensesNet": -10784000, "incomeBeforeTax": 126022000, "incomeBeforeTaxRatio": 0.0332220326, "incomeTaxExpense": 26916000, "netIncome": 99106000, "netIncomeRatio": 0.0261264125, "eps": 0.73, "epsdiluted": 0.73, "weightedAverageShsOut": 135997000, "weightedAverageShsOutDil": 136621000, "link": "https://www.sec.gov/Archives/edgar/data/1043277/000104327720000016/0001043277-20-000016-index.htm", "finalLink": "https://www.sec.gov/Archives/edgar/data/1043277/000104327720000016/chrw-20191231.htm"}, {"date": "2019-09-30", "symbol": "CHRW", "reportedCurrency": "USD", "cik": "0001043277", "fillingDate": "2019-11-04", "acceptedDate": "2019-11-04 16:03:42", "calendarYear": "2019", "period": "Q3", "revenue": 3856132000, "costOfRevenue": 3543264000, "grossProfit": 312868000, "grossProfitRatio": 0.0811351894, "researchAndDevelopmentExpenses": 0, "generalAndAdministrativeExpenses": 0, "sellingAndMarketingExpenses": 0, "sellingGeneralAndAdministrativeExpenses": 111783000, "otherExpenses": 0, "operatingExpenses": 111783000, "costAndExpenses": 3655047000, "interestIncome": 0, "interestExpense": 13180000, "depreciationAndAmortization": 25480000, "ebitda": 226565000, "ebitdaratio": 0.0587544721, "operatingIncome": 201085000, "operatingIncomeRatio": 0.0521468145, "totalOtherIncomeExpensesNet": -13180000, "incomeBeforeTax": 187905000, "incomeBeforeTaxRatio": 0.0487288817, "incomeTaxExpense": 41011000, "netIncome": 146894000, "netIncomeRatio": 0.038093613, "eps": 1.08, "epsdiluted": 1.07, "weightedAverageShsOut": 136380000, "weightedAverageShsOutDil": 137476000, "link": "https://www.sec.gov/Archives/edgar/data/1043277/000104327719000047/0001043277-19-000047-index.htm", "finalLink": "https://www.sec.gov/Archives/edgar/data/1043277/000104327719000047/chrw-10qq393019.htm"}, {"date": "2019-06-30", "symbol": "CHRW", "reportedCurrency": "USD", "cik": "0001043277", "fillingDate": "2019-08-08", "acceptedDate": "2019-08-08 10:04:40", "calendarYear": "2019", "period": "Q2", "revenue": 3908840000, "costOfRevenue": 3552510000, "grossProfit": 356330000, "grossProfitRatio": 0.0911600372, "researchAndDevelopmentExpenses": 0, "generalAndAdministrativeExpenses": 0, "sellingAndMarketingExpenses": 0, "sellingGeneralAndAdministrativeExpenses": 128795000, "otherExpenses": 0, "operatingExpenses": 128795000, "costAndExpenses": 3681305000, "interestIncome": 0, "interestExpense": 6615000, "depreciationAndAmortization": 25082000, "ebitda": 252617000, "ebitdaratio": 0.0646271016, "operatingIncome": 227535000, "operatingIncomeRatio": 0.0582103642, "totalOtherIncomeExpensesNet": -6615000, "incomeBeforeTax": 220920000, "incomeBeforeTaxRatio": 0.0565180463, "incomeTaxExpense": 51740000, "netIncome": 169180000, "netIncomeRatio": 0.0432813827, "eps": 1.23, "epsdiluted": 1.22, "weightedAverageShsOut": 137185000, "weightedAverageShsOutDil": 138256000, "link": "https://www.sec.gov/Archives/edgar/data/1043277/000104327719000033/0001043277-19-000033-index.htm", "finalLink": "https://www.sec.gov/Archives/edgar/data/1043277/000104327719000033/chrw-10qq263019.htm"}, {"date": "2019-03-31", "symbol": "CHRW", "reportedCurrency": "USD", "cik": "0001043277", "fillingDate": "2019-05-08", "acceptedDate": "2019-05-08 15:37:56", "calendarYear": "2019", "period": "Q1", "revenue": 3751210000, "costOfRevenue": 3412508000, "grossProfit": 338702000, "grossProfitRatio": 0.0902913993, "researchAndDevelopmentExpenses": 0, "generalAndAdministrativeExpenses": 0, "sellingAndMarketingExpenses": 0, "sellingGeneralAndAdministrativeExpenses": 114152000, "otherExpenses": 0, "operatingExpenses": 114152000, "costAndExpenses": 3526660000, "interestIncome": 0, "interestExpense": 17140000, "depreciationAndAmortization": 24560000, "ebitda": 249110000, "ebitdaratio": 0.0664079057, "operatingIncome": 224550000, "operatingIncomeRatio": 0.059860685, "totalOtherIncomeExpensesNet": -17140000, "incomeBeforeTax": 207410000, "incomeBeforeTaxRatio": 0.0552914926, "incomeTaxExpense": 45622000, "netIncome": 161788000, "netIncomeRatio": 0.0431295502, "eps": 1.17, "epsdiluted": 1.16, "weightedAverageShsOut": 137854000, "weightedAverageShsOutDil": 138955000, "link": "https://www.sec.gov/Archives/edgar/data/1043277/000104327719000019/0001043277-19-000019-index.htm", "finalLink": "https://www.sec.gov/Archives/edgar/data/1043277/000104327719000019/chrw-10qq12019.htm"}, {"date": "2018-12-31", "symbol": "CHRW", "reportedCurrency": "USD", "cik": "0001043277", "fillingDate": "2019-02-25", "acceptedDate": "2019-02-25 11:11:01", "calendarYear": "2018", "period": "Q4", "revenue": 4137908000, "costOfRevenue": 3763441000, "grossProfit": 374467000, "grossProfitRatio": 0.0904966954, "researchAndDevelopmentExpenses": 0, "generalAndAdministrativeExpenses": 0, "sellingAndMarketingExpenses": 0, "sellingGeneralAndAdministrativeExpenses": 118950000, "otherExpenses": 0, "operatingExpenses": 118950000, "costAndExpenses": 3882391000, "interestIncome": 0, "interestExpense": 9456000, "depreciationAndAmortization": 24327000, "ebitda": 279844000, "ebitdaratio": 0.0676293431, "operatingIncome": 255517000, "operatingIncomeRatio": 0.0617502854, "totalOtherIncomeExpensesNet": -9456000, "incomeBeforeTax": 246061000, "incomeBeforeTaxRatio": 0.0594650727, "incomeTaxExpense": 58911000, "netIncome": 187150000, "netIncomeRatio": 0.0452281684, "eps": 1.36, "epsdiluted": 1.34, "weightedAverageShsOut": 137797000, "weightedAverageShsOutDil": 139182000, "link": "https://www.sec.gov/Archives/edgar/data/1043277/000104327719000006/0001043277-19-000006-index.htm", "finalLink": "https://www.sec.gov/Archives/edgar/data/1043277/000104327719000006/chrw10-k2018.htm"}, {"date": "2018-09-30", "symbol": "CHRW", "reportedCurrency": "USD", "cik": "0001043277", "fillingDate": "2018-11-07", "acceptedDate": "2018-11-07 09:14:23", "calendarYear": "2018", "period": "Q3", "revenue": 4291900000, "costOfRevenue": 3933155000, "grossProfit": 358745000, "grossProfitRatio": 0.0835865235, "researchAndDevelopmentExpenses": 0, "generalAndAdministrativeExpenses": 0, "sellingAndMarketingExpenses": 0, "sellingGeneralAndAdministrativeExpenses": 112772000, "otherExpenses": 0, "operatingExpenses": 112772000, "costAndExpenses": 4045927000, "interestIncome": 0, "interestExpense": 6526000, "depreciationAndAmortization": 23923000, "ebitda": 269896000, "ebitdaratio": 0.0628849694, "operatingIncome": 245973000, "operatingIncomeRatio": 0.0573109812, "totalOtherIncomeExpensesNet": -6526000, "incomeBeforeTax": 239447000, "incomeBeforeTaxRatio": 0.0557904425, "incomeTaxExpense": 63552000, "netIncome": 175895000, "netIncomeRatio": 0.0409830145, "eps": 1.27, "epsdiluted": 1.25, "weightedAverageShsOut": 138797000, "weightedAverageShsOutDil": 140160000, "link": "https://www.sec.gov/Archives/edgar/data/1043277/000104327718000038/0001043277-18-000038-index.htm", "finalLink": "https://www.sec.gov/Archives/edgar/data/1043277/000104327718000038/chrw-10qq32018.htm"}, {"date": "2018-06-30", "symbol": "CHRW", "reportedCurrency": "USD", "cik": "0001043277", "fillingDate": "2018-08-08", "acceptedDate": "2018-08-08 15:31:27", "calendarYear": "2018", "period": "Q2", "revenue": 4276037000, "costOfRevenue": 3945184000, "grossProfit": 330853000, "grossProfitRatio": 0.0773737458, "researchAndDevelopmentExpenses": 0, "generalAndAdministrativeExpenses": 0, "sellingAndMarketingExpenses": 0, "sellingGeneralAndAdministrativeExpenses": 111845000, "otherExpenses": 0, "operatingExpenses": 111845000, "costAndExpenses": 4057029000, "interestIncome": 0, "interestExpense": 5128000, "depreciationAndAmortization": 24238000, "ebitda": 243246000, "ebitdaratio": 0.0568858501, "operatingIncome": 219008000, "operatingIncomeRatio": 0.0512175175, "totalOtherIncomeExpensesNet": -5128000, "incomeBeforeTax": 213880000, "incomeBeforeTaxRatio": 0.0500182763, "incomeTaxExpense": 54717000, "netIncome": 159163000, "netIncomeRatio": 0.037222082, "eps": 1.14, "epsdiluted": 1.13, "weightedAverageShsOut": 139464000, "weightedAverageShsOutDil": 140611000, "link": "https://www.sec.gov/Archives/edgar/data/1043277/000104327718000031/0001043277-18-000031-index.htm", "finalLink": "https://www.sec.gov/Archives/edgar/data/1043277/000104327718000031/chrw-10qq22018.htm"}, {"date": "2018-03-31", "symbol": "CHRW", "reportedCurrency": "USD", "cik": "0001043277", "fillingDate": "2018-05-09", "acceptedDate": "2018-05-09 15:21:58", "calendarYear": "2018", "period": "Q1", "revenue": 3925327000, "costOfRevenue": 3627699000, "grossProfit": 297628000, "grossProfitRatio": 0.0758224729, "researchAndDevelopmentExpenses": 0, "generalAndAdministrativeExpenses": 0, "sellingAndMarketingExpenses": 0, "sellingGeneralAndAdministrativeExpenses": 106043000, "otherExpenses": 0, "operatingExpenses": 106043000, "costAndExpenses": 3733742000, "interestIncome": 0, "interestExpense": 10700000, "depreciationAndAmortization": 24241000, "ebitda": 215826000, "ebitdaratio": 0.0549829352, "operatingIncome": 191585000, "operatingIncomeRatio": 0.0488073987, "totalOtherIncomeExpensesNet": -10700000, "incomeBeforeTax": 180885000, "incomeBeforeTaxRatio": 0.0460815112, "incomeTaxExpense": 38588000, "netIncome": 142297000, "netIncomeRatio": 0.0362509926, "eps": 1.02, "epsdiluted": 1.01, "weightedAverageShsOut": 140032000, "weightedAverageShsOutDil": 141270000, "link": "https://www.sec.gov/Archives/edgar/data/1043277/000104327718000016/0001043277-18-000016-index.htm", "finalLink": "https://www.sec.gov/Archives/edgar/data/1043277/000104327718000016/chrw-10qq12018.htm"}, {"date": "2017-12-31", "symbol": "CHRW", "reportedCurrency": "USD", "cik": "0001043277", "fillingDate": "2018-02-28", "acceptedDate": "2018-02-28 15:54:51", "calendarYear": "2017", "period": "Q4", "revenue": 3959786000, "costOfRevenue": 3639536000, "grossProfit": 320250000, "grossProfitRatio": 0.0808755827, "researchAndDevelopmentExpenses": 0, "generalAndAdministrativeExpenses": 0, "sellingAndMarketingExpenses": 0, "sellingGeneralAndAdministrativeExpenses": 109374000, "otherExpenses": 0, "operatingExpenses": 109374000, "costAndExpenses": 3748910000, "interestIncome": 0, "interestExpense": 17502000, "depreciationAndAmortization": 23637000, "ebitda": 234513000, "ebitdaratio": 0.059223655, "operatingIncome": 210876000, "operatingIncomeRatio": 0.053254393, "totalOtherIncomeExpensesNet": -17502000, "incomeBeforeTax": 193374000, "incomeBeforeTaxRatio": 0.0488344572, "incomeTaxExpense": 40818000, "netIncome": 152556000, "netIncomeRatio": 0.0385263244, "eps": 1.09, "epsdiluted": 1.08, "weightedAverageShsOut": 139572000, "weightedAverageShsOutDil": 140724000, "link": "https://www.sec.gov/Archives/edgar/data/1043277/000104327718000007/0001043277-18-000007-index.htm", "finalLink": "https://www.sec.gov/Archives/edgar/data/1043277/000104327718000007/chrw-10k2017.htm"}, {"date": "2017-09-30", "symbol": "CHRW", "reportedCurrency": "USD", "cik": "0001043277", "fillingDate": "2017-11-08", "acceptedDate": "2017-11-08 15:42:17", "calendarYear": "2017", "period": "Q3", "revenue": 3784451000, "costOfRevenue": 3483809000, "grossProfit": 300642000, "grossProfitRatio": 0.0794413774, "researchAndDevelopmentExpenses": 0, "generalAndAdministrativeExpenses": 0, "sellingAndMarketingExpenses": 0, "sellingGeneralAndAdministrativeExpenses": 106177000, "otherExpenses": 0, "operatingExpenses": 106177000, "costAndExpenses": 3589986000, "interestIncome": 0, "interestExpense": 10484000, "depreciationAndAmortization": 23963000, "ebitda": 218428000, "ebitdaratio": 0.0577172224, "operatingIncome": 194465000, "operatingIncomeRatio": 0.0513852604, "totalOtherIncomeExpensesNet": -10484000, "incomeBeforeTax": 183981000, "incomeBeforeTaxRatio": 0.0486149774, "incomeTaxExpense": 64795000, "netIncome": 119186000, "netIncomeRatio": 0.0314936037, "eps": 0.85, "epsdiluted": 0.85, "weightedAverageShsOut": 140422000, "weightedAverageShsOutDil": 141022000, "link": "https://www.sec.gov/Archives/edgar/data/1043277/000104327717000025/0001043277-17-000025-index.htm", "finalLink": "https://www.sec.gov/Archives/edgar/data/1043277/000104327717000025/chrw-10q9x30x17.htm"}, {"date": "2017-06-30", "symbol": "CHRW", "reportedCurrency": "USD", "cik": "0001043277", "fillingDate": "2017-08-03", "acceptedDate": "2017-08-03 12:10:34", "calendarYear": "2017", "period": "Q2", "revenue": 3710018000, "costOfRevenue": 3420449000, "grossProfit": 289569000, "grossProfitRatio": 0.0780505647, "researchAndDevelopmentExpenses": 0, "generalAndAdministrativeExpenses": 0, "sellingAndMarketingExpenses": 0, "sellingGeneralAndAdministrativeExpenses": 107749000, "otherExpenses": 0, "operatingExpenses": 107749000, "costAndExpenses": 3528198000, "interestIncome": 0, "interestExpense": 9368000, "depreciationAndAmortization": 22946000, "ebitda": 204766000, "ebitdaratio": 0.0551927241, "operatingIncome": 181820000, "operatingIncomeRatio": 0.0490078485, "totalOtherIncomeExpensesNet": -9368000, "incomeBeforeTax": 172452000, "incomeBeforeTaxRatio": 0.0464827933, "incomeTaxExpense": 61381000, "netIncome": 111071000, "netIncomeRatio": 0.0299381297, "eps": 0.79, "epsdiluted": 0.78, "weightedAverageShsOut": 141061000, "weightedAverageShsOutDil": 141587000, "link": "https://www.sec.gov/Archives/edgar/data/1043277/000104327717000017/0001043277-17-000017-index.htm", "finalLink": "https://www.sec.gov/Archives/edgar/data/1043277/000104327717000017/chrw-10q6x30x17.htm"}, {"date": "2017-03-31", "symbol": "CHRW", "reportedCurrency": "USD", "cik": "0001043277", "fillingDate": "2017-05-09", "acceptedDate": "2017-05-09 15:25:45", "calendarYear": "2017", "period": "Q1", "revenue": 3415125000, "costOfRevenue": 3137063000, "grossProfit": 278062000, "grossProfitRatio": 0.0814207386, "researchAndDevelopmentExpenses": 0, "generalAndAdministrativeExpenses": 0, "sellingAndMarketingExpenses": 0, "sellingGeneralAndAdministrativeExpenses": 90104000, "otherExpenses": 0, "operatingExpenses": 90104000, "costAndExpenses": 3227167000, "interestIncome": 0, "interestExpense": 9302000, "depreciationAndAmortization": 22431000, "ebitda": 210389000, "ebitdaratio": 0.0616050657, "operatingIncome": 187958000, "operatingIncomeRatio": 0.0550369313, "totalOtherIncomeExpensesNet": -9302000, "incomeBeforeTax": 178656000, "incomeBeforeTaxRatio": 0.0523131657, "incomeTaxExpense": 56576000, "netIncome": 122080000, "netIncomeRatio": 0.0357468614, "eps": 0.86, "epsdiluted": 0.86, "weightedAverageShsOut": 141484000, "weightedAverageShsOutDil": 141858000, "link": "https://www.sec.gov/Archives/edgar/data/1043277/000104327717000010/0001043277-17-000010-index.htm", "finalLink": "https://www.sec.gov/Archives/edgar/data/1043277/000104327717000010/chrw-10q3x31x17.htm"}, {"date": "2016-12-31", "symbol": "CHRW", "reportedCurrency": "USD", "cik": "0001043277", "fillingDate": "2017-03-01", "acceptedDate": "2017-03-01 15:03:35", "calendarYear": "2016", "period": "Q4", "revenue": 3414975000, "costOfRevenue": 3113764000, "grossProfit": 301211000, "grossProfitRatio": 0.0882029883, "researchAndDevelopmentExpenses": 0, "generalAndAdministrativeExpenses": 0, "sellingAndMarketingExpenses": 0, "sellingGeneralAndAdministrativeExpenses": 107646000, "otherExpenses": 0, "operatingExpenses": 107646000, "costAndExpenses": 3221410000, "interestIncome": 0, "interestExpense": 3118000, "depreciationAndAmortization": 21953000, "ebitda": 215518000, "ebitdaratio": 0.063109686, "operatingIncome": 193565000, "operatingIncomeRatio": 0.0566812349, "totalOtherIncomeExpensesNet": -3118000, "incomeBeforeTax": 190447000, "incomeBeforeTaxRatio": 0.0557681974, "incomeTaxExpense": 68144000, "netIncome": 122303000, "netIncomeRatio": 0.0358137322, "eps": 0.86, "epsdiluted": 0.86, "weightedAverageShsOut": 141711000, "weightedAverageShsOutDil": 142164000, "link": "https://www.sec.gov/Archives/edgar/data/1043277/000104327717000004/0001043277-17-000004-index.htm", "finalLink": "https://www.sec.gov/Archives/edgar/data/1043277/000104327717000004/chrw-10k2016.htm"}, {"date": "2016-09-30", "symbol": "CHRW", "reportedCurrency": "USD", "cik": "0001043277", "fillingDate": "2016-11-09", "acceptedDate": "2016-11-09 14:05:03", "calendarYear": "2016", "period": "Q3", "revenue": 3355754000, "costOfRevenue": 3054175000, "grossProfit": 301579000, "grossProfitRatio": 0.0898692216, "researchAndDevelopmentExpenses": 0, "generalAndAdministrativeExpenses": 0, "sellingAndMarketingExpenses": 0, "sellingGeneralAndAdministrativeExpenses": 90312000, "otherExpenses": 0, "operatingExpenses": 90312000, "costAndExpenses": 3144487000, "interestIncome": 0, "interestExpense": 7426000, "depreciationAndAmortization": 17657000, "ebitda": 228924000, "ebitdaratio": 0.0682183497, "operatingIncome": 211267000, "operatingIncomeRatio": 0.062956641, "totalOtherIncomeExpensesNet": -7426000, "incomeBeforeTax": 203841000, "incomeBeforeTaxRatio": 0.0607437256, "incomeTaxExpense": 74813000, "netIncome": 129028000, "netIncomeRatio": 0.0384497791, "eps": 0.9, "epsdiluted": 0.9, "weightedAverageShsOut": 142611000, "weightedAverageShsOutDil": 142883000, "link": "https://www.sec.gov/Archives/edgar/data/1043277/000104327716000036/0001043277-16-000036-index.htm", "finalLink": "https://www.sec.gov/Archives/edgar/data/1043277/000104327716000036/chrw-10q9x30x16.htm"}, {"date": "2016-06-30", "symbol": "CHRW", "reportedCurrency": "USD", "cik": "0001043277", "fillingDate": "2016-08-08", "acceptedDate": "2016-08-08 13:25:06", "calendarYear": "2016", "period": "Q2", "revenue": 3299741000, "costOfRevenue": 2975777000, "grossProfit": 323964000, "grossProfitRatio": 0.0981786146, "researchAndDevelopmentExpenses": 0, "generalAndAdministrativeExpenses": 0, "sellingAndMarketingExpenses": 0, "sellingGeneralAndAdministrativeExpenses": 90217000, "otherExpenses": 0, "operatingExpenses": 90217000, "costAndExpenses": 3065994000, "interestIncome": 0, "interestExpense": 6265000, "depreciationAndAmortization": 18184000, "ebitda": 251931000, "ebitdaratio": 0.0763487195, "operatingIncome": 233747000, "operatingIncomeRatio": 0.070837984, "totalOtherIncomeExpensesNet": -6265000, "incomeBeforeTax": 227482000, "incomeBeforeTaxRatio": 0.0689393501, "incomeTaxExpense": 84392000, "netIncome": 143090000, "netIncomeRatio": 0.0433640095, "eps": 1, "epsdiluted": 1, "weightedAverageShsOut": 142998000, "weightedAverageShsOutDil": 143216000, "link": "https://www.sec.gov/Archives/edgar/data/1043277/000104327716000029/0001043277-16-000029-index.htm", "finalLink": "https://www.sec.gov/Archives/edgar/data/1043277/000104327716000029/chrw-10q6x30x16.htm"}, {"date": "2016-03-31", "symbol": "CHRW", "reportedCurrency": "USD", "cik": "0001043277", "fillingDate": "2016-05-10", "acceptedDate": "2016-05-10 14:29:26", "calendarYear": "2016", "period": "Q1", "revenue": 3073943000, "costOfRevenue": 2788105000, "grossProfit": 285838000, "grossProfitRatio": 0.0929874106, "researchAndDevelopmentExpenses": 0, "generalAndAdministrativeExpenses": 0, "sellingAndMarketingExpenses": 0, "sellingGeneralAndAdministrativeExpenses": 86886000, "otherExpenses": 0, "operatingExpenses": 86886000, "costAndExpenses": 2874991000, "interestIncome": 0, "interestExpense": 8772000, "depreciationAndAmortization": 16875000, "ebitda": 215827000, "ebitdaratio": 0.0702117769, "operatingIncome": 198952000, "operatingIncomeRatio": 0.064722085, "totalOtherIncomeExpensesNet": -8772000, "incomeBeforeTax": 190180000, "incomeBeforeTaxRatio": 0.0618684211, "incomeTaxExpense": 71217000, "netIncome": 118963000, "netIncomeRatio": 0.0387004574, "eps": 0.83, "epsdiluted": 0.83, "weightedAverageShsOut": 143525000, "weightedAverageShsOutDil": 143658000, "link": "https://www.sec.gov/Archives/edgar/data/1043277/000104327716000025/0001043277-16-000025-index.htm", "finalLink": "https://www.sec.gov/Archives/edgar/data/1043277/000104327716000025/chrw-10q3x31x16.htm"}, {"date": "2015-12-31", "symbol": "CHRW", "reportedCurrency": "USD", "cik": "0001043277", "fillingDate": "2016-02-29", "acceptedDate": "2016-02-29 14:29:48", "calendarYear": "2015", "period": "Q4", "revenue": 3210853000, "costOfRevenue": 2908266000, "grossProfit": 302587000, "grossProfitRatio": 0.0942388206, "researchAndDevelopmentExpenses": 0, "generalAndAdministrativeExpenses": 0, "sellingAndMarketingExpenses": 0, "sellingGeneralAndAdministrativeExpenses": 88008000, "otherExpenses": 0, "operatingExpenses": 88008000, "costAndExpenses": 2996274000, "interestIncome": 0, "interestExpense": 13471000, "depreciationAndAmortization": 16896000, "ebitda": 221851000, "ebitdaratio": 0.0690941005, "operatingIncome": 214579000, "operatingIncomeRatio": 0.0668292818, "totalOtherIncomeExpensesNet": -13471000, "incomeBeforeTax": 201108000, "incomeBeforeTaxRatio": 0.0626338235, "incomeTaxExpense": 74525000, "netIncome": 126583000, "netIncomeRatio": 0.0394234803, "eps": 0.88, "epsdiluted": 0.88, "weightedAverageShsOut": 143484000, "weightedAverageShsOutDil": 144144000, "link": "https://www.sec.gov/Archives/edgar/data/1043277/000104327716000020/0001043277-16-000020-index.htm", "finalLink": "https://www.sec.gov/Archives/edgar/data/1043277/000104327716000020/chrw-10k2015.htm"}, {"date": "2015-09-30", "symbol": "CHRW", "reportedCurrency": "USD", "cik": "0001043277", "fillingDate": "2015-11-09", "acceptedDate": "2015-11-09 14:42:03", "calendarYear": "2015", "period": "Q3", "revenue": 3419253000, "costOfRevenue": 3094755000, "grossProfit": 324498000, "grossProfitRatio": 0.094903185, "researchAndDevelopmentExpenses": 0, "generalAndAdministrativeExpenses": 0, "sellingAndMarketingExpenses": 0, "sellingGeneralAndAdministrativeExpenses": 91787000, "otherExpenses": 0, "operatingExpenses": 91787000, "costAndExpenses": 3186542000, "interestIncome": 0, "interestExpense": 6559000, "depreciationAndAmortization": 16831000, "ebitda": 249542000, "ebitdaratio": 0.0729814378, "operatingIncome": 232711000, "operatingIncomeRatio": 0.0680590176, "totalOtherIncomeExpensesNet": -6559000, "incomeBeforeTax": 226152000, "incomeBeforeTaxRatio": 0.0661407623, "incomeTaxExpense": 86720000, "netIncome": 139432000, "netIncomeRatio": 0.0407784975, "eps": 0.96, "epsdiluted": 0.96, "weightedAverageShsOut": 144578000, "weightedAverageShsOutDil": 144782000, "link": "https://www.sec.gov/Archives/edgar/data/1043277/000104327715000017/0001043277-15-000017-index.htm", "finalLink": "https://www.sec.gov/Archives/edgar/data/1043277/000104327715000017/chrw-10q9x30x15.htm"}, {"date": "2015-06-30", "symbol": "CHRW", "reportedCurrency": "USD", "cik": "0001043277", "fillingDate": "2015-10-05", "acceptedDate": "2015-10-02 18:03:27", "calendarYear": "2015", "period": "Q2", "revenue": 3545088000, "costOfRevenue": 3225069000, "grossProfit": 320019000, "grossProfitRatio": 0.0902711019, "researchAndDevelopmentExpenses": 0, "generalAndAdministrativeExpenses": 0, "sellingAndMarketingExpenses": 0, "sellingGeneralAndAdministrativeExpenses": 90924000, "otherExpenses": 0, "operatingExpenses": 90924000, "costAndExpenses": 3315993000, "interestIncome": 0, "interestExpense": 5894000, "depreciationAndAmortization": 16439000, "ebitda": 245534000, "ebitdaratio": 0.0692603399, "operatingIncome": 229095000, "operatingIncomeRatio": 0.0646232195, "totalOtherIncomeExpensesNet": -5894000, "incomeBeforeTax": 223201000, "incomeBeforeTaxRatio": 0.0629606374, "incomeTaxExpense": 85993000, "netIncome": 137208000, "netIncomeRatio": 0.0387036937, "eps": 0.94, "epsdiluted": 0.94, "weightedAverageShsOut": 145515000, "weightedAverageShsOutDil": 145679000, "link": "https://www.sec.gov/Archives/edgar/data/1043277/000104327715000014/0001043277-15-000014-index.htm", "finalLink": "https://www.sec.gov/Archives/edgar/data/1043277/000104327715000014/chrw-10qa6x30x15.htm"}, {"date": "2015-03-31", "symbol": "CHRW", "reportedCurrency": "USD", "cik": "0001043277", "fillingDate": "2015-05-11", "acceptedDate": "2015-05-11 13:45:29", "calendarYear": "2015", "period": "Q1", "revenue": 3300890000, "costOfRevenue": 3030924000, "grossProfit": 269966000, "grossProfitRatio": 0.0817858214, "researchAndDevelopmentExpenses": 0, "generalAndAdministrativeExpenses": 0, "sellingAndMarketingExpenses": 0, "sellingGeneralAndAdministrativeExpenses": 88041000, "otherExpenses": 0, "operatingExpenses": 88041000, "costAndExpenses": 3118965000, "interestIncome": 0, "interestExpense": 9605000, "depreciationAndAmortization": 16243000, "ebitda": 198168000, "ebitdaratio": 0.0600347179, "operatingIncome": 181925000, "operatingIncomeRatio": 0.0551139238, "totalOtherIncomeExpensesNet": -9605000, "incomeBeforeTax": 172320000, "incomeBeforeTaxRatio": 0.0522041025, "incomeTaxExpense": 65844000, "netIncome": 106476000, "netIncomeRatio": 0.032256755, "eps": 0.73, "epsdiluted": 0.73, "weightedAverageShsOut": 146204000, "weightedAverageShsOutDil": 146383000, "link": "https://www.sec.gov/Archives/edgar/data/1043277/000104327715000004/0001043277-15-000004-index.htm", "finalLink": "https://www.sec.gov/Archives/edgar/data/1043277/000104327715000004/chrw-10q3x31x15.htm"}, {"date": "2014-12-31", "symbol": "CHRW", "reportedCurrency": "USD", "cik": "0001043277", "fillingDate": "2015-03-02", "acceptedDate": "2015-03-02 12:14:06", "calendarYear": "2014", "period": "Q4", "revenue": 3357202000, "costOfRevenue": 3090503000, "grossProfit": 266699000, "grossProfitRatio": 0.0794408558, "researchAndDevelopmentExpenses": 0, "generalAndAdministrativeExpenses": 0, "sellingAndMarketingExpenses": 0, "sellingGeneralAndAdministrativeExpenses": 78971000, "otherExpenses": 0, "operatingExpenses": 78971000, "costAndExpenses": 3169474000, "interestIncome": 0, "interestExpense": 6400000, "depreciationAndAmortization": 13567000, "ebitda": 192374000, "ebitdaratio": 0.0573018841, "operatingIncome": 187728000, "operatingIncomeRatio": 0.0559179936, "totalOtherIncomeExpensesNet": -6400000, "incomeBeforeTax": 181328000, "incomeBeforeTaxRatio": 0.0540116442, "incomeTaxExpense": 68381000, "netIncome": 112947000, "netIncomeRatio": 0.0336431945, "eps": 0.77, "epsdiluted": 0.77, "weightedAverageShsOut": 145856000, "weightedAverageShsOutDil": 146650000, "link": "https://www.sec.gov/Archives/edgar/data/1043277/000162828015001350/0001628280-15-001350-index.htm", "finalLink": "https://www.sec.gov/Archives/edgar/data/1043277/000162828015001350/chrw-10k2014.htm"}, {"date": "2014-09-30", "symbol": "CHRW", "reportedCurrency": "USD", "cik": "0001043277", "fillingDate": "2014-11-10", "acceptedDate": "2014-11-10 12:12:16", "calendarYear": "2014", "period": "Q3", "revenue": 3467362000, "costOfRevenue": 3184419000, "grossProfit": 282943000, "grossProfitRatio": 0.0816018056, "researchAndDevelopmentExpenses": 0, "generalAndAdministrativeExpenses": 0, "sellingAndMarketingExpenses": 0, "sellingGeneralAndAdministrativeExpenses": 79606000, "otherExpenses": 0, "operatingExpenses": 79606000, "costAndExpenses": 3264025000, "interestIncome": 0, "interestExpense": 6204000, "depreciationAndAmortization": 14093000, "ebitda": 217430000, "ebitdaratio": 0.0627076146, "operatingIncome": 203337000, "operatingIncomeRatio": 0.0586431414, "totalOtherIncomeExpensesNet": -6204000, "incomeBeforeTax": 197133000, "incomeBeforeTaxRatio": 0.0568538849, "incomeTaxExpense": 72152000, "netIncome": 124981000, "netIncomeRatio": 0.0360449817, "eps": 0.85, "epsdiluted": 0.85, "weightedAverageShsOut": 146646000, "weightedAverageShsOutDil": 146856000, "link": "https://www.sec.gov/Archives/edgar/data/1043277/000104327714000018/0001043277-14-000018-index.htm", "finalLink": "https://www.sec.gov/Archives/edgar/data/1043277/000104327714000018/chrw-10q9x30x14.htm"}, {"date": "2014-06-30", "symbol": "CHRW", "reportedCurrency": "USD", "cik": "0001043277", "fillingDate": "2014-08-11", "acceptedDate": "2014-08-11 14:00:14", "calendarYear": "2014", "period": "Q2", "revenue": 3502918000, "costOfRevenue": 3220867000, "grossProfit": 282051000, "grossProfitRatio": 0.0805188703, "researchAndDevelopmentExpenses": 0, "generalAndAdministrativeExpenses": 0, "sellingAndMarketingExpenses": 0, "sellingGeneralAndAdministrativeExpenses": 81669000, "otherExpenses": 0, "operatingExpenses": 81669000, "costAndExpenses": 3302536000, "interestIncome": 0, "interestExpense": 6252000, "depreciationAndAmortization": 14800000, "ebitda": 215182000, "ebitdaratio": 0.0614293569, "operatingIncome": 200382000, "operatingIncomeRatio": 0.057204308, "totalOtherIncomeExpensesNet": -6252000, "incomeBeforeTax": 194130000, "incomeBeforeTaxRatio": 0.0554195102, "incomeTaxExpense": 75534000, "netIncome": 118596000, "netIncomeRatio": 0.0338563449, "eps": 0.8, "epsdiluted": 0.8, "weightedAverageShsOut": 147826000, "weightedAverageShsOutDil": 147974000, "link": "https://www.sec.gov/Archives/edgar/data/1043277/000104327714000015/0001043277-14-000015-index.htm", "finalLink": "https://www.sec.gov/Archives/edgar/data/1043277/000104327714000015/chrw-10q6x30x14.htm"}, {"date": "2014-03-31", "symbol": "CHRW", "reportedCurrency": "USD", "cik": "0001043277", "fillingDate": "2014-05-12", "acceptedDate": "2014-05-12 13:02:20", "calendarYear": "2014", "period": "Q1", "revenue": 3142585000, "costOfRevenue": 2905647000, "grossProfit": 236938000, "grossProfitRatio": 0.0753958922, "researchAndDevelopmentExpenses": 0, "generalAndAdministrativeExpenses": 0, "sellingAndMarketingExpenses": 0, "sellingGeneralAndAdministrativeExpenses": 79967000, "otherExpenses": 0, "operatingExpenses": 79967000, "costAndExpenses": 2985614000, "interestIncome": 0, "interestExpense": 0, "depreciationAndAmortization": 14549000, "ebitda": 171520000, "ebitdaratio": 0.0545792715, "operatingIncome": 156971000, "operatingIncomeRatio": 0.0499496434, "totalOtherIncomeExpensesNet": -6131000, "incomeBeforeTax": 150840000, "incomeBeforeTaxRatio": 0.0479987017, "incomeTaxExpense": 57653000, "netIncome": 93187000, "netIncomeRatio": 0.0296529768, "eps": 0.63, "epsdiluted": 0.63, "weightedAverageShsOut": 148517000, "weightedAverageShsOutDil": 149008000, "link": "https://www.sec.gov/Archives/edgar/data/1043277/000104327714000008/0001043277-14-000008-index.htm", "finalLink": "https://www.sec.gov/Archives/edgar/data/1043277/000104327714000008/chrw-10q3x31x14.htm"}, {"date": "2013-12-31", "symbol": "CHRW", "reportedCurrency": "USD", "cik": "0001043277", "fillingDate": "2014-03-03", "acceptedDate": "2014-03-03 14:31:49", "calendarYear": "2013", "period": "Q4", "revenue": 3152882000, "costOfRevenue": 2912036000, "grossProfit": 240846000, "grossProfitRatio": 0.0763891576, "researchAndDevelopmentExpenses": 0, "generalAndAdministrativeExpenses": 0, "sellingAndMarketingExpenses": 0, "sellingGeneralAndAdministrativeExpenses": 85733000, "otherExpenses": 0, "operatingExpenses": 85733000, "costAndExpenses": 2997769000, "interestIncome": 0, "interestExpense": 0, "depreciationAndAmortization": 14830000, "ebitda": 161184000, "ebitdaratio": 0.0511227506, "operatingIncome": 155113000, "operatingIncomeRatio": 0.0491972107, "totalOtherIncomeExpensesNet": -6005000, "incomeBeforeTax": 149108000, "incomeBeforeTaxRatio": 0.047292604, "incomeTaxExpense": 56156000, "netIncome": 92952000, "netIncomeRatio": 0.0294815981, "eps": 0.62, "epsdiluted": 0.62, "weightedAverageShsOut": 150856000, "weightedAverageShsOutDil": 151130000, "link": "https://www.sec.gov/Archives/edgar/data/1043277/000104327714000004/0001043277-14-000004-index.htm", "finalLink": "https://www.sec.gov/Archives/edgar/data/1043277/000104327714000004/chrw-10k2013.htm"}, {"date": "2013-09-30", "symbol": "CHRW", "reportedCurrency": "USD", "cik": "0001043277", "fillingDate": "2013-11-08", "acceptedDate": "2013-11-08 08:23:10", "calendarYear": "2013", "period": "Q3", "revenue": 3316665000, "costOfRevenue": 3057747000, "grossProfit": 258918000, "grossProfitRatio": 0.0780657679, "researchAndDevelopmentExpenses": 0, "generalAndAdministrativeExpenses": 0, "sellingAndMarketingExpenses": 0, "sellingGeneralAndAdministrativeExpenses": 82563000, "otherExpenses": 0, "operatingExpenses": 82563000, "costAndExpenses": 3140310000, "interestIncome": 0, "interestExpense": 2635000, "depreciationAndAmortization": 14100000, "ebitda": 190455000, "ebitdaratio": 0.0574236469, "operatingIncome": 176355000, "operatingIncomeRatio": 0.0531723885, "totalOtherIncomeExpensesNet": -2635000, "incomeBeforeTax": 173720000, "incomeBeforeTaxRatio": 0.0523779158, "incomeTaxExpense": 65983000, "netIncome": 107737000, "netIncomeRatio": 0.0324835339, "eps": 0.69, "epsdiluted": 0.69, "weightedAverageShsOut": 156924000, "weightedAverageShsOutDil": 157044000, "link": "https://www.sec.gov/Archives/edgar/data/1043277/000104327713000027/0001043277-13-000027-index.htm", "finalLink": "https://www.sec.gov/Archives/edgar/data/1043277/000104327713000027/chrw-10q9302013.htm"}, {"date": "2013-06-30", "symbol": "CHRW", "reportedCurrency": "USD", "cik": "0001043277", "fillingDate": "2013-08-08", "acceptedDate": "2013-08-08 15:10:31", "calendarYear": "2013", "period": "Q2", "revenue": 3288262000, "costOfRevenue": 3021669000, "grossProfit": 266593000, "grossProfitRatio": 0.0810741358, "researchAndDevelopmentExpenses": 0, "generalAndAdministrativeExpenses": 0, "sellingAndMarketingExpenses": 0, "sellingGeneralAndAdministrativeExpenses": 84117000, "otherExpenses": 0, "operatingExpenses": 84117000, "costAndExpenses": 3105786000, "interestIncome": 0, "interestExpense": 589000, "depreciationAndAmortization": 14145000, "ebitda": 196621000, "ebitdaratio": 0.0597948095, "operatingIncome": 182476000, "operatingIncomeRatio": 0.055493145, "totalOtherIncomeExpensesNet": -589000, "incomeBeforeTax": 181887000, "incomeBeforeTaxRatio": 0.055314023, "incomeTaxExpense": 70015000, "netIncome": 111872000, "netIncomeRatio": 0.0340216199, "eps": 0.7, "epsdiluted": 0.7, "weightedAverageShsOut": 159818000, "weightedAverageShsOutDil": 159917000, "link": "https://www.sec.gov/Archives/edgar/data/1043277/000104327713000017/0001043277-13-000017-index.htm", "finalLink": "https://www.sec.gov/Archives/edgar/data/1043277/000104327713000017/chrw-10q6302013.htm"}, {"date": "2013-03-31", "symbol": "CHRW", "reportedCurrency": "USD", "cik": "0001043277", "fillingDate": "2013-05-09", "acceptedDate": "2013-05-09 17:15:56", "calendarYear": "2013", "period": "Q1", "revenue": 2994267000, "costOfRevenue": 2751190000, "grossProfit": 243077000, "grossProfitRatio": 0.0811808032, "researchAndDevelopmentExpenses": 0, "generalAndAdministrativeExpenses": 0, "sellingAndMarketingExpenses": 0, "sellingGeneralAndAdministrativeExpenses": 74371000, "otherExpenses": 0, "operatingExpenses": 74371000, "costAndExpenses": 2825561000, "interestIncome": 0, "interestExpense": 0, "depreciationAndAmortization": 13807000, "ebitda": 182513000, "ebitdaratio": 0.06095415, "operatingIncome": 168706000, "operatingIncomeRatio": 0.0563430048, "totalOtherIncomeExpensesNet": -60000, "incomeBeforeTax": 168646000, "incomeBeforeTaxRatio": 0.0563229665, "incomeTaxExpense": 65303000, "netIncome": 103343000, "netIncomeRatio": 0.0345136222, "eps": 0.64, "epsdiluted": 0.64, "weightedAverageShsOut": 160637000, "weightedAverageShsOutDil": 160690000, "link": "https://www.sec.gov/Archives/edgar/data/1043277/000104327713000012/0001043277-13-000012-index.htm", "finalLink": "https://www.sec.gov/Archives/edgar/data/1043277/000104327713000012/chrw-10q3312013.htm"}, {"date": "2012-12-31", "symbol": "CHRW", "reportedCurrency": "USD", "cik": "0001043277", "fillingDate": "2013-03-01", "acceptedDate": "2013-03-01 14:15:36", "calendarYear": "2012", "period": "Q4", "revenue": 2970876000, "costOfRevenue": 2752286000, "grossProfit": 218590000, "grossProfitRatio": 0.0735776249, "researchAndDevelopmentExpenses": 0, "generalAndAdministrativeExpenses": 731223000, "sellingAndMarketingExpenses": -646237000, "sellingGeneralAndAdministrativeExpenses": 84986000, "otherExpenses": 0, "operatingExpenses": 84986000, "costAndExpenses": 2837272000, "interestIncome": 0, "interestExpense": 0, "depreciationAndAmortization": 12009000, "ebitda": 145613000, "ebitdaratio": 0.0490134896, "operatingIncome": 133604000, "operatingIncomeRatio": 0.0449712475, "totalOtherIncomeExpensesNet": 282166000, "incomeBeforeTax": 415770000, "incomeBeforeTaxRatio": 0.1399486212, "incomeTaxExpense": 159378000, "netIncome": 256392000, "netIncomeRatio": 0.086301818, "eps": 1.59, "epsdiluted": 1.58, "weightedAverageShsOut": 160880000, "weightedAverageShsOutDil": 161799000, "link": "https://www.sec.gov/Archives/edgar/data/1043277/000104327713000004/0001043277-13-000004-index.htm", "finalLink": "https://www.sec.gov/Archives/edgar/data/1043277/000104327713000004/chrw-10k2012.htm"}, {"date": "2012-09-30", "symbol": "CHRW", "reportedCurrency": "USD", "cik": "0001043277", "fillingDate": "2012-11-08", "acceptedDate": "2012-11-08 13:46:05", "calendarYear": "2012", "period": "Q3", "revenue": 2880409000, "costOfRevenue": 2447739000, "grossProfit": 432670000, "grossProfitRatio": 0.1502113068, "researchAndDevelopmentExpenses": 0, "generalAndAdministrativeExpenses": 245413000, "sellingAndMarketingExpenses": 0, "sellingGeneralAndAdministrativeExpenses": 245413000, "otherExpenses": 0, "operatingExpenses": 245413000, "costAndExpenses": 2693152000, "interestIncome": 0, "interestExpense": 0, "depreciationAndAmortization": 8873000, "ebitda": 196130000, "ebitdaratio": 0.0680910246, "operatingIncome": 187257000, "operatingIncomeRatio": 0.0650105593, "totalOtherIncomeExpensesNet": 76000, "incomeBeforeTax": 187333000, "incomeBeforeTaxRatio": 0.0650369444, "incomeTaxExpense": 71003000, "netIncome": 116330000, "netIncomeRatio": 0.0403866256, "eps": 0.72, "epsdiluted": 0.72, "weightedAverageShsOut": 160782000, "weightedAverageShsOutDil": 161003000, "link": "https://www.sec.gov/Archives/edgar/data/1043277/000144530512003564/0001445305-12-003564-index.htm", "finalLink": "https://www.sec.gov/Archives/edgar/data/1043277/000144530512003564/chrw-930x10q.htm"}, {"date": "2012-06-30", "symbol": "CHRW", "reportedCurrency": "USD", "cik": "0001043277", "fillingDate": "2012-08-09", "acceptedDate": "2012-08-09 12:18:41", "calendarYear": "2012", "period": "Q2", "revenue": 2955714000, "costOfRevenue": 2530191000, "grossProfit": 425523000, "grossProfitRatio": 0.1439662295, "researchAndDevelopmentExpenses": 0, "generalAndAdministrativeExpenses": 240609000, "sellingAndMarketingExpenses": 0, "sellingGeneralAndAdministrativeExpenses": 240609000, "otherExpenses": 0, "operatingExpenses": 240609000, "costAndExpenses": 2770800000, "interestIncome": 0, "interestExpense": 0, "depreciationAndAmortization": 8791000, "ebitda": 184914000, "ebitdaratio": 0.0625615334, "operatingIncome": 184914000, "operatingIncomeRatio": 0.0625615334, "totalOtherIncomeExpensesNet": 686000, "incomeBeforeTax": 185600000, "incomeBeforeTaxRatio": 0.0627936262, "incomeTaxExpense": 71018000, "netIncome": 114582000, "netIncomeRatio": 0.0387662676, "eps": 0.71, "epsdiluted": 0.71, "weightedAverageShsOut": 161887000, "weightedAverageShsOutDil": 162200000, "link": "https://www.sec.gov/Archives/edgar/data/1043277/000119312512346421/0001193125-12-346421-index.htm", "finalLink": "https://www.sec.gov/Archives/edgar/data/1043277/000119312512346421/d356814d10q.htm"}, {"date": "2012-03-31", "symbol": "CHRW", "reportedCurrency": "USD", "cik": "0001043277", "fillingDate": "2012-05-10", "acceptedDate": "2012-05-10 13:27:25", "calendarYear": "2012", "period": "Q1", "revenue": 2552114000, "costOfRevenue": 2137368000, "grossProfit": 414746000, "grossProfitRatio": 0.1625107656, "researchAndDevelopmentExpenses": 0, "generalAndAdministrativeExpenses": 245201000, "sellingAndMarketingExpenses": 0, "sellingGeneralAndAdministrativeExpenses": 245201000, "otherExpenses": 0, "operatingExpenses": 245201000, "costAndExpenses": 2382569000, "interestIncome": 0, "interestExpense": 0, "depreciationAndAmortization": 8417000, "ebitda": 169545000, "ebitdaratio": 0.0664331609, "operatingIncome": 169545000, "operatingIncomeRatio": 0.0664331609, "totalOtherIncomeExpensesNet": 214000, "incomeBeforeTax": 169759000, "incomeBeforeTaxRatio": 0.066517013, "incomeTaxExpense": 63259000, "netIncome": 106500000, "netIncomeRatio": 0.0417301108, "eps": 0.65, "epsdiluted": 0.65, "weightedAverageShsOut": 162693000, "weightedAverageShsOutDil": 163023000, "link": "https://www.sec.gov/Archives/edgar/data/1043277/000119312512224754/0001193125-12-224754-index.htm", "finalLink": "https://www.sec.gov/Archives/edgar/data/1043277/000119312512224754/d326938d10q.htm"}, {"date": "2011-12-31", "symbol": "CHRW", "reportedCurrency": "USD", "cik": "0001043277", "fillingDate": "2012-02-29", "acceptedDate": "2012-02-29 13:53:29", "calendarYear": "2011", "period": "Q4", "revenue": 2568284000, "costOfRevenue": 2166899000, "grossProfit": 401385000, "grossProfitRatio": 0.1562852862, "researchAndDevelopmentExpenses": 0, "generalAndAdministrativeExpenses": 229430000, "sellingAndMarketingExpenses": 0, "sellingGeneralAndAdministrativeExpenses": 229430000, "otherExpenses": 0, "operatingExpenses": 229430000, "costAndExpenses": 2396329000, "interestIncome": 0, "interestExpense": 0, "depreciationAndAmortization": 8784000, "ebitda": 180739000, "ebitdaratio": 0.0703734478, "operatingIncome": 171955000, "operatingIncomeRatio": 0.0669532653, "totalOtherIncomeExpensesNet": 1373000, "incomeBeforeTax": 173328000, "incomeBeforeTaxRatio": 0.0674878635, "incomeTaxExpense": 64114000, "netIncome": 109214000, "netIncomeRatio": 0.0425241134, "eps": 0.67, "epsdiluted": 0.67, "weightedAverageShsOut": 162920000, "weightedAverageShsOutDil": 163682000, "link": "https://www.sec.gov/Archives/edgar/data/1043277/000119312512088389/0001193125-12-088389-index.htm", "finalLink": "https://www.sec.gov/Archives/edgar/data/1043277/000119312512088389/d270024d10k.htm"}, {"date": "2011-09-30", "symbol": "CHRW", "reportedCurrency": "USD", "cik": "0001043277", "fillingDate": "2011-11-09", "acceptedDate": "2011-11-09 11:35:47", "calendarYear": "2011", "period": "Q3", "revenue": 2694928000, "costOfRevenue": 2271862000, "grossProfit": 423066000, "grossProfitRatio": 0.1569860122, "researchAndDevelopmentExpenses": 0, "generalAndAdministrativeExpenses": 239101000, "sellingAndMarketingExpenses": 0, "sellingGeneralAndAdministrativeExpenses": 239101000, "otherExpenses": 0, "operatingExpenses": 239101000, "costAndExpenses": 2510963000, "interestIncome": 0, "interestExpense": 0, "depreciationAndAmortization": 8415000, "ebitda": 183965000, "ebitdaratio": 0.0682634193, "operatingIncome": 183965000, "operatingIncomeRatio": 0.0682634193, "totalOtherIncomeExpensesNet": 50000, "incomeBeforeTax": 184015000, "incomeBeforeTaxRatio": 0.0682819727, "incomeTaxExpense": 69668000, "netIncome": 114347000, "netIncomeRatio": 0.0424304471, "eps": 0.7, "epsdiluted": 0.7, "weightedAverageShsOut": 163948000, "weightedAverageShsOutDil": 164471000, "link": "https://www.sec.gov/Archives/edgar/data/1043277/000119312511303810/0001193125-11-303810-index.htm", "finalLink": "https://www.sec.gov/Archives/edgar/data/1043277/000119312511303810/d239089d10q.htm"}, {"date": "2011-06-30", "symbol": "CHRW", "reportedCurrency": "USD", "cik": "0001043277", "fillingDate": "2011-08-09", "acceptedDate": "2011-08-09 13:37:46", "calendarYear": "2011", "period": "Q2", "revenue": 2707662000, "costOfRevenue": 2289796000, "grossProfit": 417866000, "grossProfitRatio": 0.1543272388, "researchAndDevelopmentExpenses": 0, "generalAndAdministrativeExpenses": 237771000, "sellingAndMarketingExpenses": 0, "sellingGeneralAndAdministrativeExpenses": 237771000, "otherExpenses": 0, "operatingExpenses": 237771000, "costAndExpenses": 2527567000, "interestIncome": 0, "interestExpense": 0, "depreciationAndAmortization": 8160000, "ebitda": 180095000, "ebitdaratio": 0.0665131024, "operatingIncome": 180095000, "operatingIncomeRatio": 0.0665131024, "totalOtherIncomeExpensesNet": 326000, "incomeBeforeTax": 180421000, "incomeBeforeTaxRatio": 0.0666335015, "incomeTaxExpense": 69398000, "netIncome": 111023000, "netIncomeRatio": 0.0410032715, "eps": 0.67, "epsdiluted": 0.67, "weightedAverageShsOut": 164607000, "weightedAverageShsOutDil": 165194000, "link": "https://www.sec.gov/Archives/edgar/data/1043277/000119312511216070/0001193125-11-216070-index.htm", "finalLink": "https://www.sec.gov/Archives/edgar/data/1043277/000119312511216070/d10q.htm"}, {"date": "2011-03-31", "symbol": "CHRW", "reportedCurrency": "USD", "cik": "0001043277", "fillingDate": "2011-05-10", "acceptedDate": "2011-05-10 11:24:42", "calendarYear": "2011", "period": "Q1", "revenue": 2365472000, "costOfRevenue": 1975131000, "grossProfit": 390341000, "grossProfitRatio": 0.1650161152, "researchAndDevelopmentExpenses": 0, "generalAndAdministrativeExpenses": 233626000, "sellingAndMarketingExpenses": 0, "sellingGeneralAndAdministrativeExpenses": 233626000, "otherExpenses": 0, "operatingExpenses": 233626000, "costAndExpenses": 2208757000, "interestIncome": 0, "interestExpense": 0, "depreciationAndAmortization": 7139000, "ebitda": 156715000, "ebitdaratio": 0.0662510484, "operatingIncome": 156715000, "operatingIncomeRatio": 0.0662510484, "totalOtherIncomeExpensesNet": 225000, "incomeBeforeTax": 156940000, "incomeBeforeTaxRatio": 0.0663461669, "incomeTaxExpense": 59912000, "netIncome": 97028000, "netIncomeRatio": 0.0410184521, "eps": 0.59, "epsdiluted": 0.59, "weightedAverageShsOut": 165124000, "weightedAverageShsOutDil": 165764000, "link": "https://www.sec.gov/Archives/edgar/data/1043277/000119312511133640/0001193125-11-133640-index.htm", "finalLink": "https://www.sec.gov/Archives/edgar/data/1043277/000119312511133640/d10q.htm"}, {"date": "2010-12-31", "symbol": "CHRW", "reportedCurrency": "USD", "cik": "0001043277", "fillingDate": "2011-03-01", "acceptedDate": "2011-03-01 11:52:53", "calendarYear": "2010", "period": "Q4", "revenue": 2325349000, "costOfRevenue": 1937185000, "grossProfit": 388164000, "grossProfitRatio": 0.166927201, "researchAndDevelopmentExpenses": 0, "generalAndAdministrativeExpenses": 224099000, "sellingAndMarketingExpenses": 0, "sellingGeneralAndAdministrativeExpenses": 224099000, "otherExpenses": 0, "operatingExpenses": 224099000, "costAndExpenses": 2161284000, "interestIncome": 0, "interestExpense": 0, "depreciationAndAmortization": 7256000, "ebitda": 171321000, "ebitdaratio": 0.0736753924, "operatingIncome": 164065000, "operatingIncomeRatio": 0.0705550006, "totalOtherIncomeExpensesNet": 256000, "incomeBeforeTax": 164321000, "incomeBeforeTaxRatio": 0.0706650916, "incomeTaxExpense": 61160000, "netIncome": 103161000, "netIncomeRatio": 0.0443636633, "eps": 0.63, "epsdiluted": 0.62, "weightedAverageShsOut": 164732000, "weightedAverageShsOutDil": 165933000, "link": "https://www.sec.gov/Archives/edgar/data/1043277/000119312511051458/0001193125-11-051458-index.htm", "finalLink": "https://www.sec.gov/Archives/edgar/data/1043277/000119312511051458/d10k.htm"}, {"date": "2010-09-30", "symbol": "CHRW", "reportedCurrency": "USD", "cik": "0001043277", "fillingDate": "2010-11-09", "acceptedDate": "2010-11-09 10:35:49", "calendarYear": "2010", "period": "Q3", "revenue": 2420357000, "costOfRevenue": 2037777000, "grossProfit": 382580000, "grossProfitRatio": 0.1580675909, "researchAndDevelopmentExpenses": 0, "generalAndAdministrativeExpenses": 216247000, "sellingAndMarketingExpenses": 0, "sellingGeneralAndAdministrativeExpenses": 216247000, "otherExpenses": 0, "operatingExpenses": 216247000, "costAndExpenses": 2254024000, "interestIncome": 0, "interestExpense": 0, "depreciationAndAmortization": 7412000, "ebitda": 166333000, "ebitdaratio": 0.0687225066, "operatingIncome": 166333000, "operatingIncomeRatio": 0.0687225066, "totalOtherIncomeExpensesNet": 149000, "incomeBeforeTax": 166482000, "incomeBeforeTaxRatio": 0.0687840678, "incomeTaxExpense": 63855000, "netIncome": 102627000, "netIncomeRatio": 0.0424015961, "eps": 0.62, "epsdiluted": 0.62, "weightedAverageShsOut": 164691000, "weightedAverageShsOutDil": 165576000, "link": "https://www.sec.gov/Archives/edgar/data/1043277/000119312510253477/0001193125-10-253477-index.htm", "finalLink": "https://www.sec.gov/Archives/edgar/data/1043277/000119312510253477/d10q.htm"}]