[{"date": "2025-06-30", "symbol": "FRHC", "reportedCurrency": "USD", "cik": "0000924805", "fillingDate": "2025-08-08", "acceptedDate": "2025-08-08 16:06:30", "calendarYear": "2026", "period": "Q1", "revenue": 524862000, "costOfRevenue": 272160000, "grossProfit": 252702000, "grossProfitRatio": 0.481463699, "researchAndDevelopmentExpenses": 0, "generalAndAdministrativeExpenses": 78053000, "sellingAndMarketingExpenses": 24463000, "sellingGeneralAndAdministrativeExpenses": 102516000, "otherExpenses": 4822000, "operatingExpenses": 107338000, "costAndExpenses": 379498000, "interestIncome": 0, "interestExpense": 113410000, "depreciationAndAmortization": 6114000, "ebitda": 160039000, "ebitdaratio": 0.3049163399, "operatingIncome": 145364000, "operatingIncomeRatio": 0.2769566095, "totalOtherIncomeExpensesNet": -104849000, "incomeBeforeTax": 40515000, "incomeBeforeTaxRatio": 0.077191719, "incomeTaxExpense": 10119000, "netIncome": 30396000, "netIncomeRatio": 0.0579123655, "eps": 0.51, "epsdiluted": 0.5, "weightedAverageShsOut": 59853479, "weightedAverageShsOutDil": 61057627, "link": "https://www.sec.gov/Archives/edgar/data/924805/000092480525000031/0000924805-25-000031-index.htm", "finalLink": "https://www.sec.gov/Archives/edgar/data/924805/000092480525000031/frhc-20250630.htm"}, {"date": "2025-03-31", "symbol": "FRHC", "reportedCurrency": "USD", "cik": "0000924805", "fillingDate": "2025-06-13", "acceptedDate": "2025-06-13 16:31:08", "calendarYear": "2025", "period": "Q4", "revenue": 445781000, "costOfRevenue": 279080000, "grossProfit": 166701000, "grossProfitRatio": 0.3739526808, "researchAndDevelopmentExpenses": 0, "generalAndAdministrativeExpenses": 16652000, "sellingAndMarketingExpenses": 65905000, "sellingGeneralAndAdministrativeExpenses": 82557000, "otherExpenses": 98701000, "operatingExpenses": 181258000, "costAndExpenses": 460338000, "interestIncome": 0, "interestExpense": 134376000, "depreciationAndAmortization": 4448000, "ebitda": -16643000, "ebitdaratio": -0.0373344759, "operatingIncome": -14557000, "operatingIncomeRatio": -0.0326550481, "totalOtherIncomeExpensesNet": -140910000, "incomeBeforeTax": -155467000, "incomeBeforeTaxRatio": -0.3487519657, "incomeTaxExpense": -13104000, "netIncome": -142689000, "netIncomeRatio": -0.3200876664, "eps": -2.34, "epsdiluted": -2.34, "weightedAverageShsOut": 60993949, "weightedAverageShsOutDil": 60993949, "link": "https://www.sec.gov/Archives/edgar/data/924805/000092480525000012/0000924805-25-000012-index.htm", "finalLink": "https://www.sec.gov/Archives/edgar/data/924805/000092480525000012/frhc-20250331.htm"}, {"date": "2024-12-31", "symbol": "FRHC", "reportedCurrency": "USD", "cik": "0000924805", "fillingDate": "2025-02-07", "acceptedDate": "2025-02-07 06:10:42", "calendarYear": "2025", "period": "Q3", "revenue": 576443000, "costOfRevenue": 275833000, "grossProfit": 300610000, "grossProfitRatio": 0.5214912836, "researchAndDevelopmentExpenses": 0, "generalAndAdministrativeExpenses": 97809000, "sellingAndMarketingExpenses": 21472000, "sellingGeneralAndAdministrativeExpenses": 119281000, "otherExpenses": -43939000, "operatingExpenses": 75342000, "costAndExpenses": 351175000, "interestIncome": 0, "interestExpense": 131136000, "depreciationAndAmortization": 4645000, "ebitda": 234109000, "ebitdaratio": 0.4061268851, "operatingIncome": 225268000, "operatingIncomeRatio": 0.3907897225, "totalOtherIncomeExpensesNet": -126940000, "incomeBeforeTax": 98328000, "incomeBeforeTaxRatio": 0.1705771429, "incomeTaxExpense": 20191000, "netIncome": 78281000, "netIncomeRatio": 0.1358000704, "eps": 1.32, "epsdiluted": 1.29, "weightedAverageShsOut": 59372323, "weightedAverageShsOutDil": 60548794, "link": "https://www.sec.gov/Archives/edgar/data/924805/000092480525000002/0000924805-25-000002-index.htm", "finalLink": "https://www.sec.gov/Archives/edgar/data/924805/000092480525000002/frhc-20241231.htm"}, {"date": "2024-09-30", "symbol": "FRHC", "reportedCurrency": "USD", "cik": "0000924805", "fillingDate": "2024-11-08", "acceptedDate": "2024-11-08 06:10:46", "calendarYear": "2025", "period": "Q2", "revenue": 506906000, "costOfRevenue": 223731000, "grossProfit": 283175000, "grossProfitRatio": 0.5586341452, "researchAndDevelopmentExpenses": 0, "generalAndAdministrativeExpenses": 73541000, "sellingAndMarketingExpenses": 20049000, "sellingGeneralAndAdministrativeExpenses": 93590000, "otherExpenses": -55490000, "operatingExpenses": 38100000, "costAndExpenses": 261831000, "interestIncome": 0, "interestExpense": 124665000, "depreciationAndAmortization": 3911000, "ebitda": 257063000, "ebitdaratio": 0.507121636, "operatingIncome": 245075000, "operatingIncomeRatio": 0.4834722809, "totalOtherIncomeExpensesNet": -116588000, "incomeBeforeTax": 128487000, "incomeBeforeTaxRatio": 0.2534730305, "incomeTaxExpense": 13999000, "netIncome": 114658000, "netIncomeRatio": 0.2261918383, "eps": 1.93, "epsdiluted": 1.89, "weightedAverageShsOut": 59363122, "weightedAverageShsOutDil": 60460173, "link": "https://www.sec.gov/Archives/edgar/data/924805/000092480524000068/0000924805-24-000068-index.htm", "finalLink": "https://www.sec.gov/Archives/edgar/data/924805/000092480524000068/frhc-20240930.htm"}, {"date": "2024-06-30", "symbol": "FRHC", "reportedCurrency": "USD", "cik": "0000924805", "fillingDate": "2024-08-09", "acceptedDate": "2024-08-09 07:08:35", "calendarYear": "2025", "period": "Q1", "revenue": 439382000, "costOfRevenue": 184980000, "grossProfit": 254402000, "grossProfitRatio": 0.5789995949, "researchAndDevelopmentExpenses": 0, "generalAndAdministrativeExpenses": 62988000, "sellingAndMarketingExpenses": 17201000, "sellingGeneralAndAdministrativeExpenses": 80189000, "otherExpenses": -1770000, "operatingExpenses": 78419000, "costAndExpenses": 263399000, "interestIncome": 0, "interestExpense": 145718000, "depreciationAndAmortization": 4154000, "ebitda": 191470000, "ebitdaratio": 0.4357711513, "operatingIncome": 175983000, "operatingIncomeRatio": 0.4005239177, "totalOtherIncomeExpensesNet": -134385000, "incomeBeforeTax": 41598000, "incomeBeforeTaxRatio": 0.0946738829, "incomeTaxExpense": 7339000, "netIncome": 34400000, "netIncomeRatio": 0.0782917825, "eps": 0.58, "epsdiluted": 0.58, "weightedAverageShsOut": 59258085, "weightedAverageShsOutDil": 60255593, "link": "https://www.sec.gov/Archives/edgar/data/924805/000092480524000060/0000924805-24-000060-index.htm", "finalLink": "https://www.sec.gov/Archives/edgar/data/924805/000092480524000060/frhc-20240630.htm"}, {"date": "2024-03-31", "symbol": "FRHC", "reportedCurrency": "USD", "cik": "0000924805", "fillingDate": "2024-06-14", "acceptedDate": "2024-06-13 21:41:19", "calendarYear": "2024", "period": "Q4", "revenue": 489865000, "costOfRevenue": 158617000, "grossProfit": 331248000, "grossProfitRatio": 0.6762026273, "researchAndDevelopmentExpenses": 0, "generalAndAdministrativeExpenses": 63538000, "sellingAndMarketingExpenses": 10522000, "sellingGeneralAndAdministrativeExpenses": 74060000, "otherExpenses": 21985000, "operatingExpenses": 96045000, "costAndExpenses": 254662000, "interestIncome": 0, "interestExpense": 135461000, "depreciationAndAmortization": 3514000, "ebitda": 243463000, "ebitdaratio": 0.4970001939, "operatingIncome": 235203000, "operatingIncomeRatio": 0.4801384055, "totalOtherIncomeExpensesNet": -130715000, "incomeBeforeTax": 104488000, "incomeBeforeTaxRatio": 0.2132995825, "incomeTaxExpense": 9011000, "netIncome": 95223000, "netIncomeRatio": 0.1943862084, "eps": 1.58, "epsdiluted": 1.58, "weightedAverageShsOut": 60170696, "weightedAverageShsOutDil": 60170696, "link": "https://www.sec.gov/Archives/edgar/data/924805/000092480524000041/0000924805-24-000041-index.htm", "finalLink": "https://www.sec.gov/Archives/edgar/data/924805/000092480524000041/frhc-20240331.htm"}, {"date": "2023-12-31", "symbol": "FRHC", "reportedCurrency": "USD", "cik": "0000924805", "fillingDate": "2024-02-09", "acceptedDate": "2024-02-09 17:11:01", "calendarYear": "2024", "period": "Q3", "revenue": 431231000, "costOfRevenue": 128890000, "grossProfit": 302341000, "grossProfitRatio": 0.7011114693, "researchAndDevelopmentExpenses": 0, "generalAndAdministrativeExpenses": 39362000, "sellingAndMarketingExpenses": 11066000, "sellingGeneralAndAdministrativeExpenses": 50428000, "otherExpenses": 10916000, "operatingExpenses": 61344000, "costAndExpenses": 190234000, "interestIncome": 0, "interestExpense": 131223000, "depreciationAndAmortization": 4478000, "ebitda": 247320000, "ebitdaratio": 0.5735209203, "operatingIncome": 240997000, "operatingIncomeRatio": 0.5588582453, "totalOtherIncomeExpensesNet": -129378000, "incomeBeforeTax": 111619000, "incomeBeforeTaxRatio": 0.2588380705, "incomeTaxExpense": 15544000, "netIncome": 96368000, "netIncomeRatio": 0.2234718747, "eps": 1.65, "epsdiluted": 1.63, "weightedAverageShsOut": 58578691, "weightedAverageShsOutDil": 59289256, "link": "https://www.sec.gov/Archives/edgar/data/924805/000092480524000014/0000924805-24-000014-index.htm", "finalLink": "https://www.sec.gov/Archives/edgar/data/924805/000092480524000014/frhc-20231231.htm"}, {"date": "2023-09-30", "symbol": "FRHC", "reportedCurrency": "USD", "cik": "0000924805", "fillingDate": "2023-11-09", "acceptedDate": "2023-11-09 16:46:11", "calendarYear": "2024", "period": "Q2", "revenue": 421482000, "costOfRevenue": 105600000, "grossProfit": 315882000, "grossProfitRatio": 0.7494554928, "researchAndDevelopmentExpenses": 0, "generalAndAdministrativeExpenses": 42612000, "sellingAndMarketingExpenses": 8639000, "sellingGeneralAndAdministrativeExpenses": 51251000, "otherExpenses": -5051000, "operatingExpenses": 46200000, "costAndExpenses": 151800000, "interestIncome": 0, "interestExpense": 139381000, "depreciationAndAmortization": 4004000, "ebitda": 278072000, "ebitdaratio": 0.6597482218, "operatingIncome": 269682000, "operatingIncomeRatio": 0.6398422708, "totalOtherIncomeExpensesNet": -134995000, "incomeBeforeTax": 134687000, "incomeBeforeTaxRatio": 0.319555758, "incomeTaxExpense": 19208000, "netIncome": 115847000, "netIncomeRatio": 0.2748563402, "eps": 1.97, "epsdiluted": 1.95, "weightedAverageShsOut": 58581332, "weightedAverageShsOutDil": 59291832, "link": "https://www.sec.gov/Archives/edgar/data/924805/000092480523000114/0000924805-23-000114-index.htm", "finalLink": "https://www.sec.gov/Archives/edgar/data/924805/000092480523000114/frhc-20230930.htm"}, {"date": "2023-06-30", "symbol": "FRHC", "reportedCurrency": "USD", "cik": "0000924805", "fillingDate": "2023-10-10", "acceptedDate": "2023-10-10 09:10:53", "calendarYear": "2024", "period": "Q1", "revenue": 313453000, "costOfRevenue": 81828000, "grossProfit": 231625000, "grossProfitRatio": 0.7389465087, "researchAndDevelopmentExpenses": 0, "generalAndAdministrativeExpenses": 32333000, "sellingAndMarketingExpenses": 8100000, "sellingGeneralAndAdministrativeExpenses": 40433000, "otherExpenses": 14326000, "operatingExpenses": 54759000, "costAndExpenses": 136587000, "interestIncome": 0, "interestExpense": 95046000, "depreciationAndAmortization": 2607000, "ebitda": 182230000, "ebitdaratio": 0.5813630752, "operatingIncome": 176866000, "operatingIncomeRatio": 0.5642504618, "totalOtherIncomeExpensesNet": -92289000, "incomeBeforeTax": 84577000, "incomeBeforeTaxRatio": 0.2698235461, "incomeTaxExpense": 16656000, "netIncome": 68102000, "netIncomeRatio": 0.2172638322, "eps": 1.16, "epsdiluted": 1.16, "weightedAverageShsOut": 58512215, "weightedAverageShsOutDil": 59293691, "link": "https://www.sec.gov/Archives/edgar/data/924805/000092480523000104/0000924805-23-000104-index.htm", "finalLink": "https://www.sec.gov/Archives/edgar/data/924805/000092480523000104/frhc-20230630.htm"}, {"date": "2023-03-31", "symbol": "FRHC", "reportedCurrency": "USD", "cik": "0000924805", "fillingDate": "2023-08-04", "acceptedDate": "2023-08-04 08:38:32", "calendarYear": "2023", "period": "Q4", "revenue": 229007000, "costOfRevenue": 113154000, "grossProfit": 115853000, "grossProfitRatio": 0.505892833, "researchAndDevelopmentExpenses": 0, "generalAndAdministrativeExpenses": 0, "sellingAndMarketingExpenses": 0, "sellingGeneralAndAdministrativeExpenses": 0, "otherExpenses": -26038000, "operatingExpenses": -26038000, "costAndExpenses": 87116000, "interestIncome": 0, "interestExpense": 75976000, "depreciationAndAmortization": 1636000, "ebitda": 148229000, "ebitdaratio": 0.6472684241, "operatingIncome": 141891000, "operatingIncomeRatio": 0.6195924142, "totalOtherIncomeExpensesNet": -71274000, "incomeBeforeTax": 70617000, "incomeBeforeTaxRatio": 0.3083617531, "incomeTaxExpense": 16209000, "netIncome": 54949000, "netIncomeRatio": 0.2399446305, "eps": 0.92, "epsdiluted": 0.92, "weightedAverageShsOut": 59659191, "weightedAverageShsOutDil": 59659191, "link": "https://www.sec.gov/Archives/edgar/data/924805/000092480523000076/0000924805-23-000076-index.htm", "finalLink": "https://www.sec.gov/Archives/edgar/data/924805/000092480523000076/frhc-20230331.htm"}, {"date": "2022-12-31", "symbol": "FRHC", "reportedCurrency": "USD", "cik": "0000924805", "fillingDate": "2023-02-14", "acceptedDate": "2023-02-14 17:08:52", "calendarYear": "2023", "period": "Q3", "revenue": 141291000, "costOfRevenue": 57343000, "grossProfit": 83948000, "grossProfitRatio": 0.5941496628, "researchAndDevelopmentExpenses": 0, "generalAndAdministrativeExpenses": 25268000, "sellingAndMarketingExpenses": 3730000, "sellingGeneralAndAdministrativeExpenses": 28998000, "otherExpenses": -49117000, "operatingExpenses": -20119000, "costAndExpenses": 37224000, "interestIncome": 0, "interestExpense": 52037000, "depreciationAndAmortization": 1685000, "ebitda": 105182000, "ebitdaratio": 0.7444352436, "operatingIncome": 104067000, "operatingIncomeRatio": 0.7365437289, "totalOtherIncomeExpensesNet": -52607000, "incomeBeforeTax": 51460000, "incomeBeforeTaxRatio": 0.3642128656, "incomeTaxExpense": 5069000, "netIncome": 62864000, "netIncomeRatio": 0.4449257207, "eps": 1.06, "epsdiluted": 1.05, "weightedAverageShsOut": 58678730, "weightedAverageShsOutDil": 59522701, "link": "https://www.sec.gov/Archives/edgar/data/924805/000092480523000013/0000924805-23-000013-index.htm", "finalLink": "https://www.sec.gov/Archives/edgar/data/924805/000092480523000013/frhc-20221231.htm"}, {"date": "2022-09-30", "symbol": "FRHC", "reportedCurrency": "USD", "cik": "0000924805", "fillingDate": "2022-11-15", "acceptedDate": "2022-11-15 16:26:27", "calendarYear": "2023", "period": "Q2", "revenue": 174089000, "costOfRevenue": 53143000, "grossProfit": 120946000, "grossProfitRatio": 0.6947366002, "researchAndDevelopmentExpenses": 0, "generalAndAdministrativeExpenses": 18619000, "sellingAndMarketingExpenses": 1912000, "sellingGeneralAndAdministrativeExpenses": 20531000, "otherExpenses": -1781000, "operatingExpenses": 18750000, "costAndExpenses": 71893000, "interestIncome": 0, "interestExpense": 40863000, "depreciationAndAmortization": 942000, "ebitda": 103662000, "ebitdaratio": 0.5954540494, "operatingIncome": 102196000, "operatingIncomeRatio": 0.5870330693, "totalOtherIncomeExpensesNet": -40339000, "incomeBeforeTax": 61857000, "incomeBeforeTaxRatio": 0.3553182568, "incomeTaxExpense": 12619000, "netIncome": 26262000, "netIncomeRatio": 0.1508538736, "eps": 0.45, "epsdiluted": 0.44, "weightedAverageShsOut": 58665415, "weightedAverageShsOutDil": 59518473, "link": "https://www.sec.gov/Archives/edgar/data/924805/000092480522000073/0000924805-22-000073-index.htm", "finalLink": "https://www.sec.gov/Archives/edgar/data/924805/000092480522000073/frhc-20220930.htm"}, {"date": "2022-06-30", "symbol": "FRHC", "reportedCurrency": "USD", "cik": "0000924805", "fillingDate": "2022-08-10", "acceptedDate": "2022-08-10 16:23:57", "calendarYear": "2023", "period": "Q1", "revenue": 172542000, "costOfRevenue": 56420000, "grossProfit": 116122000, "grossProfitRatio": 0.6730071519, "researchAndDevelopmentExpenses": 0, "generalAndAdministrativeExpenses": 17749000, "sellingAndMarketingExpenses": 3837000, "sellingGeneralAndAdministrativeExpenses": 21586000, "otherExpenses": 2428000, "operatingExpenses": 24014000, "costAndExpenses": 80434000, "interestIncome": 0, "interestExpense": 40071000, "depreciationAndAmortization": 875000, "ebitda": 92951000, "ebitdaratio": 0.5387152114, "operatingIncome": 92108000, "operatingIncomeRatio": 0.5338294444, "totalOtherIncomeExpensesNet": -40103000, "incomeBeforeTax": 52005000, "incomeBeforeTaxRatio": 0.3014048753, "incomeTaxExpense": 8879000, "netIncome": 61066000, "netIncomeRatio": 0.3539196254, "eps": 1.03, "epsdiluted": 1.03, "weightedAverageShsOut": 59542212, "weightedAverageShsOutDil": 59542212, "link": "https://www.sec.gov/Archives/edgar/data/924805/000092480522000049/0000924805-22-000049-index.htm", "finalLink": "https://www.sec.gov/Archives/edgar/data/924805/000092480522000049/frhc-20220630.htm"}, {"date": "2022-03-31", "symbol": "FRHC", "reportedCurrency": "USD", "cik": "0000924805", "fillingDate": "2022-05-31", "acceptedDate": "2022-05-31 16:59:28", "calendarYear": "2022", "period": "Q4", "revenue": -17972000, "costOfRevenue": 13684000, "grossProfit": -31656000, "grossProfitRatio": 1.7614066325, "researchAndDevelopmentExpenses": 0, "generalAndAdministrativeExpenses": 0, "sellingAndMarketingExpenses": 0, "sellingGeneralAndAdministrativeExpenses": 0, "otherExpenses": 43505000, "operatingExpenses": 43505000, "costAndExpenses": 57189000, "interestIncome": 0, "interestExpense": 24643000, "depreciationAndAmortization": 575000, "ebitda": -83032000, "ebitdaratio": 4.6200756733, "operatingIncome": -75161000, "operatingIncomeRatio": 4.1821166259, "totalOtherIncomeExpensesNet": -33089000, "incomeBeforeTax": -108250000, "incomeBeforeTaxRatio": 6.023258402, "incomeTaxExpense": -12512000, "netIncome": -89586000, "netIncomeRatio": 4.9847540619, "eps": -1.5, "epsdiluted": -1.5, "weightedAverageShsOut": 59542212, "weightedAverageShsOutDil": 59542212, "link": "https://www.sec.gov/Archives/edgar/data/924805/000092480522000027/0000924805-22-000027-index.htm", "finalLink": "https://www.sec.gov/Archives/edgar/data/924805/000092480522000027/frhc-20220331.htm"}, {"date": "2021-12-31", "symbol": "FRHC", "reportedCurrency": "USD", "cik": "0000924805", "fillingDate": "2022-02-09", "acceptedDate": "2022-02-09 16:32:28", "calendarYear": "2022", "period": "Q3", "revenue": 124016000, "costOfRevenue": 20640000, "grossProfit": 103376000, "grossProfitRatio": 0.833569862, "researchAndDevelopmentExpenses": 0, "generalAndAdministrativeExpenses": 0, "sellingAndMarketingExpenses": 0, "sellingGeneralAndAdministrativeExpenses": 0, "otherExpenses": 28243000, "operatingExpenses": 28243000, "costAndExpenses": 48883000, "interestIncome": 0, "interestExpense": 18434000, "depreciationAndAmortization": 518000, "ebitda": 75713000, "ebitdaratio": 0.6105099342, "operatingIncome": 75133000, "operatingIncomeRatio": 0.6058331183, "totalOtherIncomeExpensesNet": -18372000, "incomeBeforeTax": 56761000, "incomeBeforeTaxRatio": 0.4576909431, "incomeTaxExpense": 1768000, "netIncome": 51231000, "netIncomeRatio": 0.4130999226, "eps": 0.86, "epsdiluted": 0.86, "weightedAverageShsOut": 59534712, "weightedAverageShsOutDil": 59534712, "link": "https://www.sec.gov/Archives/edgar/data/924805/000092480522000012/0000924805-22-000012-index.htm", "finalLink": "https://www.sec.gov/Archives/edgar/data/924805/000092480522000012/frhc-20211231.htm"}, {"date": "2021-09-30", "symbol": "FRHC", "reportedCurrency": "USD", "cik": "0000924805", "fillingDate": "2021-11-08", "acceptedDate": "2021-11-05 18:12:44", "calendarYear": "2022", "period": "Q2", "revenue": 317499000, "costOfRevenue": 36164000, "grossProfit": 281335000, "grossProfitRatio": 0.886097279, "researchAndDevelopmentExpenses": 0, "generalAndAdministrativeExpenses": 0, "sellingAndMarketingExpenses": 0, "sellingGeneralAndAdministrativeExpenses": 0, "otherExpenses": 21770000, "operatingExpenses": 21770000, "costAndExpenses": 57934000, "interestIncome": 0, "interestExpense": 16716000, "depreciationAndAmortization": 946000, "ebitda": 258747000, "ebitdaratio": 0.8149537479, "operatingIncome": 259565000, "operatingIncomeRatio": 0.817530134, "totalOtherIncomeExpensesNet": -18480000, "incomeBeforeTax": 241085000, "incomeBeforeTaxRatio": 0.7593252262, "incomeTaxExpense": 32094000, "netIncome": 206761000, "netIncomeRatio": 0.6512177991, "eps": 3.47, "epsdiluted": 3.47, "weightedAverageShsOut": 59510976, "weightedAverageShsOutDil": 59510976, "link": "https://www.sec.gov/Archives/edgar/data/924805/000165495421011744/0001654954-21-011744-index.htm", "finalLink": "https://www.sec.gov/Archives/edgar/data/924805/000165495421011744/frhc_10q.htm"}, {"date": "2021-06-30", "symbol": "FRHC", "reportedCurrency": "USD", "cik": "0000924805", "fillingDate": "2021-08-09", "acceptedDate": "2021-08-06 18:07:54", "calendarYear": "2022", "period": "Q1", "revenue": 124229000, "costOfRevenue": 32490000, "grossProfit": 91739000, "grossProfitRatio": 0.7384668636, "researchAndDevelopmentExpenses": 0, "generalAndAdministrativeExpenses": 0, "sellingAndMarketingExpenses": 0, "sellingGeneralAndAdministrativeExpenses": 0, "otherExpenses": 19688000, "operatingExpenses": 19688000, "costAndExpenses": 52178000, "interestIncome": 0, "interestExpense": 14246000, "depreciationAndAmortization": 969000, "ebitda": 73010000, "ebitdaratio": 0.5877049642, "operatingIncome": 72051000, "operatingIncomeRatio": 0.5799853496, "totalOtherIncomeExpensesNet": -14256000, "incomeBeforeTax": 57795000, "incomeBeforeTaxRatio": 0.4652295358, "incomeTaxExpense": 5127000, "netIncome": 55420000, "netIncomeRatio": 0.4461116165, "eps": 0.93, "epsdiluted": 0.93, "weightedAverageShsOut": 59474712, "weightedAverageShsOutDil": 59531446, "link": "https://www.sec.gov/Archives/edgar/data/924805/000165495421008600/0001654954-21-008600-index.htm", "finalLink": "https://www.sec.gov/Archives/edgar/data/924805/000165495421008600/frhc_10q.htm"}, {"date": "2021-03-31", "symbol": "FRHC", "reportedCurrency": "USD", "cik": "0000924805", "fillingDate": "2021-06-15", "acceptedDate": "2021-06-14 18:40:06", "calendarYear": "2021", "period": "Q4", "revenue": 126193000, "costOfRevenue": 23032000, "grossProfit": 103161000, "grossProfitRatio": 0.8174859144, "researchAndDevelopmentExpenses": 0, "generalAndAdministrativeExpenses": 0, "sellingAndMarketingExpenses": 0, "sellingGeneralAndAdministrativeExpenses": 0, "otherExpenses": 25006000, "operatingExpenses": 25006000, "costAndExpenses": 48038000, "interestIncome": 0, "interestExpense": 12274000, "depreciationAndAmortization": 1277000, "ebitda": 79513000, "ebitdaratio": 0.6300904171, "operatingIncome": 78155000, "operatingIncomeRatio": 0.6193291229, "totalOtherIncomeExpensesNet": -12193000, "incomeBeforeTax": 65962000, "incomeBeforeTaxRatio": 0.5227072817, "incomeTaxExpense": 13198000, "netIncome": 52376000, "netIncomeRatio": 0.4150467934, "eps": 0.9, "epsdiluted": 0.9, "weightedAverageShsOut": 58443212, "weightedAverageShsOutDil": 58443212, "link": "https://www.sec.gov/Archives/edgar/data/924805/000165495421006880/0001654954-21-006880-index.htm", "finalLink": "https://www.sec.gov/Archives/edgar/data/924805/000165495421006880/frhc_10k.htm"}, {"date": "2020-12-31", "symbol": "FRHC", "reportedCurrency": "USD", "cik": "0000924805", "fillingDate": "2021-02-09", "acceptedDate": "2021-02-09 16:21:15", "calendarYear": "2021", "period": "Q3", "revenue": 78344000, "costOfRevenue": 18295000, "grossProfit": 60049000, "grossProfitRatio": 0.7664786072, "researchAndDevelopmentExpenses": 0, "generalAndAdministrativeExpenses": 0, "sellingAndMarketingExpenses": 0, "sellingGeneralAndAdministrativeExpenses": 0, "otherExpenses": 10338000, "operatingExpenses": 10338000, "costAndExpenses": 28633000, "interestIncome": 0, "interestExpense": 3223000, "depreciationAndAmortization": 454000, "ebitda": 49198000, "ebitdaratio": 0.6279740631, "operatingIncome": 49711000, "operatingIncomeRatio": 0.6345221076, "totalOtherIncomeExpensesNet": -4190000, "incomeBeforeTax": 45521000, "incomeBeforeTaxRatio": 0.5810400286, "incomeTaxExpense": 6599000, "netIncome": 42374000, "netIncomeRatio": 0.5408710303, "eps": 0.73, "epsdiluted": 0.72, "weightedAverageShsOut": 58395606, "weightedAverageShsOutDil": 58450688, "link": "https://www.sec.gov/Archives/edgar/data/924805/000165495421001365/0001654954-21-001365-index.htm", "finalLink": "https://www.sec.gov/Archives/edgar/data/924805/000165495421001365/frhc_10q.htm"}, {"date": "2020-09-30", "symbol": "FRHC", "reportedCurrency": "USD", "cik": "0000924805", "fillingDate": "2020-11-09", "acceptedDate": "2020-11-09 16:23:20", "calendarYear": "2021", "period": "Q2", "revenue": 69710000, "costOfRevenue": 20021000, "grossProfit": 49689000, "grossProfitRatio": 0.7127958686, "researchAndDevelopmentExpenses": 0, "generalAndAdministrativeExpenses": 0, "sellingAndMarketingExpenses": 0, "sellingGeneralAndAdministrativeExpenses": 0, "otherExpenses": 16911000, "operatingExpenses": 16911000, "costAndExpenses": 36932000, "interestIncome": 0, "interestExpense": 4699000, "depreciationAndAmortization": 955000, "ebitda": 33801000, "ebitdaratio": 0.484880218, "operatingIncome": 32778000, "operatingIncomeRatio": 0.4702051356, "totalOtherIncomeExpensesNet": -4631000, "incomeBeforeTax": 28147000, "incomeBeforeTaxRatio": 0.4037727729, "incomeTaxExpense": 4584000, "netIncome": 23690000, "netIncomeRatio": 0.3398364654, "eps": 0.4, "epsdiluted": 0.4, "weightedAverageShsOut": 58358212, "weightedAverageShsOutDil": 58462138, "link": "https://www.sec.gov/Archives/edgar/data/924805/000165495420012017/0001654954-20-012017-index.htm", "finalLink": "https://www.sec.gov/Archives/edgar/data/924805/000165495420012017/frhc_10q.htm"}, {"date": "2020-06-30", "symbol": "FRHC", "reportedCurrency": "USD", "cik": "0000924805", "fillingDate": "2020-08-11", "acceptedDate": "2020-08-10 21:14:02", "calendarYear": "2021", "period": "Q1", "revenue": 56415000, "costOfRevenue": 9769000, "grossProfit": 46646000, "grossProfitRatio": 0.8268368342, "researchAndDevelopmentExpenses": 0, "generalAndAdministrativeExpenses": 0, "sellingAndMarketingExpenses": 0, "sellingGeneralAndAdministrativeExpenses": 0, "otherExpenses": 14048000, "operatingExpenses": 14048000, "costAndExpenses": 23817000, "interestIncome": 0, "interestExpense": 3744000, "depreciationAndAmortization": 700000, "ebitda": 33325000, "ebitdaratio": 0.5907116902, "operatingIncome": 32598000, "operatingIncomeRatio": 0.5778250465, "totalOtherIncomeExpensesNet": -3717000, "incomeBeforeTax": 28881000, "incomeBeforeTaxRatio": 0.5119383143, "incomeTaxExpense": 4605000, "netIncome": 23853000, "netIncomeRatio": 0.4228130816, "eps": 0.42, "epsdiluted": 0.42, "weightedAverageShsOut": 58358212, "weightedAverageShsOutDil": 58455675, "link": "https://www.sec.gov/Archives/edgar/data/924805/000165495420008748/0001654954-20-008748-index.htm", "finalLink": "https://www.sec.gov/Archives/edgar/data/924805/000165495420008748/frhc_10q.htm"}, {"date": "2020-03-31", "symbol": "FRHC", "reportedCurrency": "USD", "cik": "0000924805", "fillingDate": "2020-07-14", "acceptedDate": "2020-07-13 19:36:02", "calendarYear": "2020", "period": "Q4", "revenue": 30093000, "costOfRevenue": 7868000, "grossProfit": 22225000, "grossProfitRatio": 0.7385438474, "researchAndDevelopmentExpenses": 0, "generalAndAdministrativeExpenses": 0, "sellingAndMarketingExpenses": 0, "sellingGeneralAndAdministrativeExpenses": 0, "otherExpenses": 16928000, "operatingExpenses": 16928000, "costAndExpenses": 24796000, "interestIncome": 0, "interestExpense": 2423000, "depreciationAndAmortization": 0, "ebitda": 5363000, "ebitdaratio": 0.1782142026, "operatingIncome": 5297000, "operatingIncomeRatio": 0.1760210016, "totalOtherIncomeExpensesNet": -2357000, "incomeBeforeTax": 2940000, "incomeBeforeTaxRatio": 0.0976971389, "incomeTaxExpense": 1710000, "netIncome": 2817000, "netIncomeRatio": 0.0936098096, "eps": 0.0483, "epsdiluted": 0.0483, "weightedAverageShsOut": 58358212, "weightedAverageShsOutDil": 58358212, "link": "https://www.sec.gov/Archives/edgar/data/924805/000165495420007646/0001654954-20-007646-index.htm", "finalLink": "https://www.sec.gov/Archives/edgar/data/924805/000165495420007646/frhc_10k.htm"}, {"date": "2019-12-31", "symbol": "FRHC", "reportedCurrency": "USD", "cik": "0000924805", "fillingDate": "2020-02-10", "acceptedDate": "2020-02-10 17:13:37", "calendarYear": "2020", "period": "Q3", "revenue": 29570000, "costOfRevenue": 5525000, "grossProfit": 24045000, "grossProfitRatio": 0.8131552249, "researchAndDevelopmentExpenses": 0, "generalAndAdministrativeExpenses": 0, "sellingAndMarketingExpenses": 0, "sellingGeneralAndAdministrativeExpenses": 0, "otherExpenses": 17214000, "operatingExpenses": 17214000, "costAndExpenses": 22739000, "interestIncome": 0, "interestExpense": 2713000, "depreciationAndAmortization": 543000, "ebitda": 7256000, "ebitdaratio": 0.245383835, "operatingIncome": 6831000, "operatingIncomeRatio": 0.23101116, "totalOtherIncomeExpensesNet": -2831000, "incomeBeforeTax": 4000000, "incomeBeforeTaxRatio": 0.1352722354, "incomeTaxExpense": -50000, "netIncome": 5041000, "netIncomeRatio": 0.1704768346, "eps": 0.0867, "epsdiluted": 0.0863, "weightedAverageShsOut": 58158864, "weightedAverageShsOutDil": 58391547, "link": "https://www.sec.gov/Archives/edgar/data/924805/000165495420001289/0001654954-20-001289-index.htm", "finalLink": "https://www.sec.gov/Archives/edgar/data/924805/000165495420001289/frhc_10q.htm"}, {"date": "2019-09-30", "symbol": "FRHC", "reportedCurrency": "USD", "cik": "0000924805", "fillingDate": "2019-11-12", "acceptedDate": "2019-11-12 17:18:59", "calendarYear": "2020", "period": "Q2", "revenue": 32990000, "costOfRevenue": 4512000, "grossProfit": 28478000, "grossProfitRatio": 0.8632312822, "researchAndDevelopmentExpenses": 0, "generalAndAdministrativeExpenses": 0, "sellingAndMarketingExpenses": 0, "sellingGeneralAndAdministrativeExpenses": 0, "otherExpenses": 13990000, "operatingExpenses": 13990000, "costAndExpenses": 18502000, "interestIncome": 0, "interestExpense": 2737000, "depreciationAndAmortization": 852000, "ebitda": 15091000, "ebitdaratio": 0.457441649, "operatingIncome": 14488000, "operatingIncomeRatio": 0.4391633828, "totalOtherIncomeExpensesNet": -2986000, "incomeBeforeTax": 11502000, "incomeBeforeTaxRatio": 0.3486511064, "incomeTaxExpense": 2866000, "netIncome": 8765000, "netIncomeRatio": 0.2656865717, "eps": 0.15, "epsdiluted": 0.15, "weightedAverageShsOut": 58093212, "weightedAverageShsOutDil": 58309147, "link": "https://www.sec.gov/Archives/edgar/data/924805/000165495419012748/0001654954-19-012748-index.htm", "finalLink": "https://www.sec.gov/Archives/edgar/data/924805/000165495419012748/frhc_10q.htm"}, {"date": "2019-06-30", "symbol": "FRHC", "reportedCurrency": "USD", "cik": "0000924805", "fillingDate": "2019-08-09", "acceptedDate": "2019-08-09 14:36:42", "calendarYear": "2020", "period": "Q1", "revenue": 29249000, "costOfRevenue": 4031000, "grossProfit": 25218000, "grossProfitRatio": 0.8621833225, "researchAndDevelopmentExpenses": 0, "generalAndAdministrativeExpenses": 0, "sellingAndMarketingExpenses": 0, "sellingGeneralAndAdministrativeExpenses": 0, "otherExpenses": 12057000, "operatingExpenses": 12057000, "costAndExpenses": 16088000, "interestIncome": 0, "interestExpense": 3163000, "depreciationAndAmortization": 530000, "ebitda": 13383000, "ebitdaratio": 0.4575541044, "operatingIncome": 13161000, "operatingIncomeRatio": 0.4499641013, "totalOtherIncomeExpensesNet": -3471000, "incomeBeforeTax": 9690000, "incomeBeforeTaxRatio": 0.3312933776, "incomeTaxExpense": 1476000, "netIncome": 8214000, "netIncomeRatio": 0.2808301139, "eps": 0.14, "epsdiluted": 0.14, "weightedAverageShsOut": 58052656, "weightedAverageShsOutDil": 58249344, "link": "https://www.sec.gov/Archives/edgar/data/924805/000165495419009157/0001654954-19-009157-index.htm", "finalLink": "https://www.sec.gov/Archives/edgar/data/924805/000165495419009157/frhc_10q.htm"}, {"date": "2019-03-31", "symbol": "FRHC", "reportedCurrency": "USD", "cik": "0000924805", "fillingDate": "2019-06-14", "acceptedDate": "2019-06-14 15:59:16", "calendarYear": "2019", "period": "Q4", "revenue": 22506000, "costOfRevenue": 3083000, "grossProfit": 19423000, "grossProfitRatio": 0.8630143073, "researchAndDevelopmentExpenses": 0, "generalAndAdministrativeExpenses": 0, "sellingAndMarketingExpenses": 0, "sellingGeneralAndAdministrativeExpenses": 0, "otherExpenses": 13360000, "operatingExpenses": 13360000, "costAndExpenses": 16443000, "interestIncome": 0, "interestExpense": 3178000, "depreciationAndAmortization": 531000, "ebitda": 6939000, "ebitdaratio": 0.3083177819, "operatingIncome": 6063000, "operatingIncomeRatio": 0.269394828, "totalOtherIncomeExpensesNet": -2833000, "incomeBeforeTax": 3230000, "incomeBeforeTaxRatio": 0.1435172843, "incomeTaxExpense": 359000, "netIncome": 2871000, "netIncomeRatio": 0.1275659824, "eps": 0.0495, "epsdiluted": 0.0493, "weightedAverageShsOut": 58043212, "weightedAverageShsOutDil": 58254369, "link": "https://www.sec.gov/Archives/edgar/data/924805/000165495419007343/0001654954-19-007343-index.htm", "finalLink": "https://www.sec.gov/Archives/edgar/data/924805/000165495419007343/frhc_10k.htm"}, {"date": "2018-12-31", "symbol": "FRHC", "reportedCurrency": "USD", "cik": "0000924805", "fillingDate": "2019-02-12", "acceptedDate": "2019-02-12 17:24:02", "calendarYear": "2019", "period": "Q3", "revenue": 26393000, "costOfRevenue": 1422000, "grossProfit": 24971000, "grossProfitRatio": 0.9461220778, "researchAndDevelopmentExpenses": 0, "generalAndAdministrativeExpenses": 0, "sellingAndMarketingExpenses": 0, "sellingGeneralAndAdministrativeExpenses": 0, "otherExpenses": 12360000, "operatingExpenses": 12360000, "costAndExpenses": 13782000, "interestIncome": 0, "interestExpense": 3180000, "depreciationAndAmortization": 684000, "ebitda": 13309000, "ebitdaratio": 0.5042624938, "operatingIncome": 12611000, "operatingIncomeRatio": 0.4778160876, "totalOtherIncomeExpensesNet": -3166000, "incomeBeforeTax": 9445000, "incomeBeforeTaxRatio": 0.3578600386, "incomeTaxExpense": 545000, "netIncome": 8900000, "netIncomeRatio": 0.337210624, "eps": 0.15, "epsdiluted": 0.15, "weightedAverageShsOut": 58038864, "weightedAverageShsOutDil": 58248924, "link": "https://www.sec.gov/Archives/edgar/data/924805/000165495419001385/0001654954-19-001385-index.htm", "finalLink": "https://www.sec.gov/Archives/edgar/data/924805/000165495419001385/frhc_10q.htm"}, {"date": "2018-09-30", "symbol": "FRHC", "reportedCurrency": "USD", "cik": "0000924805", "fillingDate": "2018-11-14", "acceptedDate": "2018-11-13 21:33:10", "calendarYear": "2019", "period": "Q2", "revenue": 17439000, "costOfRevenue": 968000, "grossProfit": 16471000, "grossProfitRatio": 0.9444922301, "researchAndDevelopmentExpenses": 0, "generalAndAdministrativeExpenses": 0, "sellingAndMarketingExpenses": 0, "sellingGeneralAndAdministrativeExpenses": 0, "otherExpenses": 10153000, "operatingExpenses": 10153000, "costAndExpenses": 11121000, "interestIncome": 0, "interestExpense": 3678000, "depreciationAndAmortization": 423000, "ebitda": 6430000, "ebitdaratio": 0.3687138024, "operatingIncome": 6318000, "operatingIncomeRatio": 0.3622914158, "totalOtherIncomeExpensesNet": -3989000, "incomeBeforeTax": 2329000, "incomeBeforeTaxRatio": 0.1335512357, "incomeTaxExpense": 614000, "netIncome": 1715000, "netIncomeRatio": 0.0983427949, "eps": 0.0296, "epsdiluted": 0.0296, "weightedAverageShsOut": 58033212, "weightedAverageShsOutDil": 58213477, "link": "https://www.sec.gov/Archives/edgar/data/924805/000165495418012588/0001654954-18-012588-index.htm", "finalLink": "https://www.sec.gov/Archives/edgar/data/924805/000165495418012588/frhc_10-q.htm"}, {"date": "2018-06-30", "symbol": "FRHC", "reportedCurrency": "USD", "cik": "0000924805", "fillingDate": "2018-08-14", "acceptedDate": "2018-08-14 16:48:36", "calendarYear": "2019", "period": "Q1", "revenue": 7402000, "costOfRevenue": 764000, "grossProfit": 6638000, "grossProfitRatio": 0.8967846528, "researchAndDevelopmentExpenses": 0, "generalAndAdministrativeExpenses": 0, "sellingAndMarketingExpenses": 0, "sellingGeneralAndAdministrativeExpenses": 0, "otherExpenses": 9117000, "operatingExpenses": 9117000, "costAndExpenses": 9881000, "interestIncome": 0, "interestExpense": 4614000, "depreciationAndAmortization": 396000, "ebitda": -2023000, "ebitdaratio": -0.2733045123, "operatingIncome": -2479000, "operatingIncomeRatio": -0.3349094839, "totalOtherIncomeExpensesNet": -4554000, "incomeBeforeTax": -7033000, "incomeBeforeTaxRatio": -0.9501486085, "incomeTaxExpense": -150000, "netIncome": -6883000, "netIncomeRatio": -0.9298838152, "eps": -0.12, "epsdiluted": -0.12, "weightedAverageShsOut": 58033212, "weightedAverageShsOutDil": 58191542, "link": "https://www.sec.gov/Archives/edgar/data/924805/000165495418009149/0001654954-18-009149-index.htm", "finalLink": "https://www.sec.gov/Archives/edgar/data/924805/000165495418009149/frhc_10q.htm"}, {"date": "2018-03-31", "symbol": "FRHC", "reportedCurrency": "USD", "cik": "0000924805", "fillingDate": "2018-06-29", "acceptedDate": "2018-06-29 16:32:04", "calendarYear": "2018", "period": "Q4", "revenue": 8896000, "costOfRevenue": 592000, "grossProfit": 8304000, "grossProfitRatio": 0.9334532374, "researchAndDevelopmentExpenses": 0, "generalAndAdministrativeExpenses": 0, "sellingAndMarketingExpenses": 0, "sellingGeneralAndAdministrativeExpenses": 0, "otherExpenses": 6814000, "operatingExpenses": 6814000, "costAndExpenses": 7406000, "interestIncome": 0, "interestExpense": 4745000, "depreciationAndAmortization": 35000, "ebitda": 1378000, "ebitdaratio": 0.1549010791, "operatingIncome": 1490000, "operatingIncomeRatio": 0.1674910072, "totalOtherIncomeExpensesNet": -4892000, "incomeBeforeTax": -3402000, "incomeBeforeTaxRatio": -0.3824190647, "incomeTaxExpense": -105000, "netIncome": -3297000, "netIncomeRatio": -0.3706160072, "eps": -0.0568, "epsdiluted": -0.0568, "weightedAverageShsOut": 58033212, "weightedAverageShsOutDil": 58033212, "link": "https://www.sec.gov/Archives/edgar/data/924805/000165495418007180/0001654954-18-007180-index.htm", "finalLink": "https://www.sec.gov/Archives/edgar/data/924805/000165495418007180/frhc_10k.htm"}, {"date": "2017-12-31", "symbol": "FRHC", "reportedCurrency": "USD", "cik": "0000924805", "fillingDate": "2018-02-14", "acceptedDate": "2018-02-14 15:41:52", "calendarYear": "2018", "period": "Q3", "revenue": -1430000, "costOfRevenue": 855000, "grossProfit": -2285000, "grossProfitRatio": 1.5979020979, "researchAndDevelopmentExpenses": 0, "generalAndAdministrativeExpenses": 0, "sellingAndMarketingExpenses": 0, "sellingGeneralAndAdministrativeExpenses": 0, "otherExpenses": 6696000, "operatingExpenses": 6696000, "costAndExpenses": 7551000, "interestIncome": 0, "interestExpense": 4610000, "depreciationAndAmortization": 279000, "ebitda": -8992000, "ebitdaratio": 6.2881118881, "operatingIncome": -8981000, "operatingIncomeRatio": 6.2804195804, "totalOtherIncomeExpensesNet": -4900000, "incomeBeforeTax": -13881000, "incomeBeforeTaxRatio": 9.706993007, "incomeTaxExpense": -413000, "netIncome": -13468000, "netIncomeRatio": 9.4181818182, "eps": -0.3, "epsdiluted": -0.3, "weightedAverageShsOut": 45018578, "weightedAverageShsOutDil": 45018578, "link": "https://www.sec.gov/Archives/edgar/data/924805/000165495418001536/0001654954-18-001536-index.htm", "finalLink": "https://www.sec.gov/Archives/edgar/data/924805/000165495418001536/frhc_10q.htm"}, {"date": "2017-09-30", "symbol": "FRHC", "reportedCurrency": "USD", "cik": "0000924805", "fillingDate": "2017-11-14", "acceptedDate": "2017-11-14 17:08:30", "calendarYear": "2018", "period": "Q2", "revenue": 35824000, "costOfRevenue": 503000, "grossProfit": 35321000, "grossProfitRatio": 0.9859591335, "researchAndDevelopmentExpenses": 0, "generalAndAdministrativeExpenses": 0, "sellingAndMarketingExpenses": 0, "sellingGeneralAndAdministrativeExpenses": 0, "otherExpenses": 3782000, "operatingExpenses": 3782000, "costAndExpenses": 4285000, "interestIncome": 0, "interestExpense": 3183000, "depreciationAndAmortization": 368000, "ebitda": 31961000, "ebitdaratio": 0.8921672622, "operatingIncome": 31539000, "operatingIncomeRatio": 0.8803874498, "totalOtherIncomeExpensesNet": -3129000, "incomeBeforeTax": 28410000, "incomeBeforeTaxRatio": 0.7930437695, "incomeTaxExpense": 998000, "netIncome": 27412000, "netIncomeRatio": 0.7651853506, "eps": 1.22, "epsdiluted": 1.22, "weightedAverageShsOut": 22536534, "weightedAverageShsOutDil": 22536534, "link": "https://www.sec.gov/Archives/edgar/data/924805/000165495417010658/0001654954-17-010658-index.htm", "finalLink": "https://www.sec.gov/Archives/edgar/data/924805/000165495417010658/frhc_10q.htm"}, {"date": "2017-06-30", "symbol": "FRHC", "reportedCurrency": "USD", "cik": "0000924805", "fillingDate": "2017-08-14", "acceptedDate": "2017-08-14 16:47:31", "calendarYear": "2018", "period": "Q1", "revenue": 13984000, "costOfRevenue": 289000, "grossProfit": 13695000, "grossProfitRatio": 0.979333524, "researchAndDevelopmentExpenses": 0, "generalAndAdministrativeExpenses": 0, "sellingAndMarketingExpenses": 0, "sellingGeneralAndAdministrativeExpenses": 0, "otherExpenses": 3663000, "operatingExpenses": 3663000, "costAndExpenses": 3952000, "interestIncome": 0, "interestExpense": 2030000, "depreciationAndAmortization": 271000, "ebitda": 10258000, "ebitdaratio": 0.7335526316, "operatingIncome": 10032000, "operatingIncomeRatio": 0.7173913043, "totalOtherIncomeExpensesNet": -2075000, "incomeBeforeTax": 7957000, "incomeBeforeTaxRatio": 0.5690074371, "incomeTaxExpense": -33000, "netIncome": 7990000, "netIncomeRatio": 0.5713672769, "eps": 0.0163, "epsdiluted": 0.0163, "weightedAverageShsOut": 490000000, "weightedAverageShsOutDil": 490000000, "link": "https://www.sec.gov/Archives/edgar/data/924805/000165495417007571/0001654954-17-007571-index.htm", "finalLink": "https://www.sec.gov/Archives/edgar/data/924805/000165495417007571/bmb_10q.htm"}, {"date": "2017-03-31", "symbol": "FRHC", "reportedCurrency": "USD", "cik": "0000924805", "fillingDate": "2017-06-30", "acceptedDate": "2017-06-30 11:01:43", "calendarYear": "2017", "period": "Q4", "revenue": 0, "costOfRevenue": 0, "grossProfit": 0, "grossProfitRatio": 0, "researchAndDevelopmentExpenses": 0, "generalAndAdministrativeExpenses": 142953, "sellingAndMarketingExpenses": 0, "sellingGeneralAndAdministrativeExpenses": 142953, "otherExpenses": 822, "operatingExpenses": 143775, "costAndExpenses": 143775, "interestIncome": 0, "interestExpense": 0, "depreciationAndAmortization": 822, "ebitda": -142953, "ebitdaratio": 0, "operatingIncome": -143775, "operatingIncomeRatio": 0, "totalOtherIncomeExpensesNet": 964, "incomeBeforeTax": -142811, "incomeBeforeTaxRatio": 0, "incomeTaxExpense": 100, "netIncome": -142911, "netIncomeRatio": 0, "eps": -0.0127, "epsdiluted": -0.0127, "weightedAverageShsOut": 11213578, "weightedAverageShsOutDil": 11213578, "link": "https://www.sec.gov/Archives/edgar/data/924805/000165495417006033/0001654954-17-006033-index.htm", "finalLink": "https://www.sec.gov/Archives/edgar/data/924805/000165495417006033/bmbm_10k.htm"}, {"date": "2016-12-31", "symbol": "FRHC", "reportedCurrency": "USD", "cik": "0000924805", "fillingDate": "2017-02-14", "acceptedDate": "2017-02-14 13:29:11", "calendarYear": "2017", "period": "Q3", "revenue": 2866000, "costOfRevenue": 129000, "grossProfit": 2737000, "grossProfitRatio": 0.9549895324, "researchAndDevelopmentExpenses": 0, "generalAndAdministrativeExpenses": 99635, "sellingAndMarketingExpenses": 0, "sellingGeneralAndAdministrativeExpenses": 99635, "otherExpenses": 2737828, "operatingExpenses": 2837463, "costAndExpenses": 2966463, "interestIncome": 0, "interestExpense": 1120000, "depreciationAndAmortization": 18000, "ebitda": 153000, "ebitdaratio": 0.053384508, "operatingIncome": -100463, "operatingIncomeRatio": -0.0350533845, "totalOtherIncomeExpensesNet": -884537, "incomeBeforeTax": -985000, "incomeBeforeTaxRatio": -0.3436845778, "incomeTaxExpense": -413000, "netIncome": -572000, "netIncomeRatio": -0.199581298, "eps": -0.051, "epsdiluted": -0.051, "weightedAverageShsOut": 11213578, "weightedAverageShsOutDil": 11213578, "link": "https://www.sec.gov/Archives/edgar/data/924805/000165495417001064/0001654954-17-001064-index.htm", "finalLink": "https://www.sec.gov/Archives/edgar/data/924805/000165495417001064/bmb_10q.htm"}, {"date": "2016-09-30", "symbol": "FRHC", "reportedCurrency": "USD", "cik": "0000924805", "fillingDate": "2016-11-14", "acceptedDate": "2016-11-14 12:26:52", "calendarYear": "2017", "period": "Q2", "revenue": 5191000, "costOfRevenue": 70000, "grossProfit": 5121000, "grossProfitRatio": 0.9865151223, "researchAndDevelopmentExpenses": 0, "generalAndAdministrativeExpenses": 85618, "sellingAndMarketingExpenses": 0, "sellingGeneralAndAdministrativeExpenses": 85618, "otherExpenses": 5121839, "operatingExpenses": 5207457, "costAndExpenses": 5277457, "interestIncome": 0, "interestExpense": 782000, "depreciationAndAmortization": 84000, "ebitda": 3120000, "ebitdaratio": 0.601040262, "operatingIncome": -86457, "operatingIncomeRatio": -0.0166551724, "totalOtherIncomeExpensesNet": 2340457, "incomeBeforeTax": 2254000, "incomeBeforeTaxRatio": 0.4342130611, "incomeTaxExpense": -84000, "netIncome": 2338000, "netIncomeRatio": 0.4503949143, "eps": 0.21, "epsdiluted": 0.21, "weightedAverageShsOut": 11213578, "weightedAverageShsOutDil": 11213578, "link": "https://www.sec.gov/Archives/edgar/data/924805/000103883816000314/0001038838-16-000314-index.htm", "finalLink": "https://www.sec.gov/Archives/edgar/data/924805/000103883816000314/q093016.htm"}, {"date": "2016-06-30", "symbol": "FRHC", "reportedCurrency": "USD", "cik": "0000924805", "fillingDate": "2016-08-15", "acceptedDate": "2016-08-15 14:07:47", "calendarYear": "2017", "period": "Q1", "revenue": 1041000, "costOfRevenue": 64000, "grossProfit": 977000, "grossProfitRatio": 0.9385206532, "researchAndDevelopmentExpenses": 0, "generalAndAdministrativeExpenses": 250439, "sellingAndMarketingExpenses": 0, "sellingGeneralAndAdministrativeExpenses": 250439, "otherExpenses": 977839, "operatingExpenses": 1228278, "costAndExpenses": 1292278, "interestIncome": 0, "interestExpense": 570000, "depreciationAndAmortization": 54000, "ebitda": -1074000, "ebitdaratio": -1.0317002882, "operatingIncome": -251278, "operatingIncomeRatio": -0.2413813641, "totalOtherIncomeExpensesNet": -1446722, "incomeBeforeTax": -1698000, "incomeBeforeTaxRatio": -1.6311239193, "incomeTaxExpense": -463000, "netIncome": -1242000, "netIncomeRatio": -1.1930835735, "eps": -0.0044, "epsdiluted": -0.0044, "weightedAverageShsOut": 280339467, "weightedAverageShsOutDil": 280339467, "link": "https://www.sec.gov/Archives/edgar/data/924805/000103883816000297/0001038838-16-000297-index.htm", "finalLink": "https://www.sec.gov/Archives/edgar/data/924805/000103883816000297/q063016.htm"}, {"date": "2016-03-31", "symbol": "FRHC", "reportedCurrency": "USD", "cik": "0000924805", "fillingDate": "2016-07-14", "acceptedDate": "2016-07-14 11:23:34", "calendarYear": "2016", "period": "Q4", "revenue": 0, "costOfRevenue": 0, "grossProfit": 0, "grossProfitRatio": 0, "researchAndDevelopmentExpenses": 0, "generalAndAdministrativeExpenses": 106436, "sellingAndMarketingExpenses": 0, "sellingGeneralAndAdministrativeExpenses": 106436, "otherExpenses": 840, "operatingExpenses": 107276, "costAndExpenses": 107276, "interestIncome": 0, "interestExpense": 0, "depreciationAndAmortization": 840, "ebitda": -106436, "ebitdaratio": 0, "operatingIncome": -107276, "operatingIncomeRatio": 0, "totalOtherIncomeExpensesNet": 977, "incomeBeforeTax": -106299, "incomeBeforeTaxRatio": 0, "incomeTaxExpense": -3533, "netIncome": -102766, "netIncomeRatio": 0, "eps": 0, "epsdiluted": 0, "weightedAverageShsOut": 0, "weightedAverageShsOutDil": 0, "link": "https://www.sec.gov/Archives/edgar/data/924805/000103883816000272/0001038838-16-000272-index.htm", "finalLink": "https://www.sec.gov/Archives/edgar/data/924805/000103883816000272/k033116.htm"}, {"date": "2015-12-31", "symbol": "FRHC", "reportedCurrency": "USD", "cik": "0000924805", "fillingDate": "2016-02-16", "acceptedDate": "2016-02-16 13:23:16", "calendarYear": "2016", "period": "Q3", "revenue": 0, "costOfRevenue": 0, "grossProfit": 0, "grossProfitRatio": 0, "researchAndDevelopmentExpenses": 0, "generalAndAdministrativeExpenses": 101809, "sellingAndMarketingExpenses": 0, "sellingGeneralAndAdministrativeExpenses": 101809, "otherExpenses": 786, "operatingExpenses": 102595, "costAndExpenses": 102595, "interestIncome": 0, "interestExpense": 0, "depreciationAndAmortization": 786, "ebitda": -101809, "ebitdaratio": 0, "operatingIncome": -102595, "operatingIncomeRatio": 0, "totalOtherIncomeExpensesNet": 575, "incomeBeforeTax": -102020, "incomeBeforeTaxRatio": 0, "incomeTaxExpense": 2888, "netIncome": -104908, "netIncomeRatio": 0, "eps": -0.0004, "epsdiluted": -0.0004, "weightedAverageShsOut": 280339467, "weightedAverageShsOutDil": 280339467, "link": "https://www.sec.gov/Archives/edgar/data/924805/000103883816000212/0001038838-16-000212-index.htm", "finalLink": "https://www.sec.gov/Archives/edgar/data/924805/000103883816000212/q123115.htm"}, {"date": "2015-09-30", "symbol": "FRHC", "reportedCurrency": "USD", "cik": "0000924805", "fillingDate": "2015-11-16", "acceptedDate": "2015-11-16 16:36:33", "calendarYear": "2016", "period": "Q2", "revenue": 0, "costOfRevenue": 0, "grossProfit": 0, "grossProfitRatio": 0, "researchAndDevelopmentExpenses": 0, "generalAndAdministrativeExpenses": 33691, "sellingAndMarketingExpenses": 0, "sellingGeneralAndAdministrativeExpenses": 33691, "otherExpenses": 0, "operatingExpenses": 33691, "costAndExpenses": 33691, "interestIncome": 0, "interestExpense": 0, "depreciationAndAmortization": 894, "ebitda": -33691, "ebitdaratio": 0, "operatingIncome": -33691, "operatingIncomeRatio": 0, "totalOtherIncomeExpensesNet": 988, "incomeBeforeTax": -32703, "incomeBeforeTaxRatio": 0, "incomeTaxExpense": 305, "netIncome": -32703, "netIncomeRatio": 0, "eps": -0.0006, "epsdiluted": -0.0006, "weightedAverageShsOut": 58093212, "weightedAverageShsOutDil": 58309147, "link": "https://www.sec.gov/Archives/edgar/data/924805/000103883815000178/0001038838-15-000178-index.htm", "finalLink": "https://www.sec.gov/Archives/edgar/data/924805/000103883815000178/q093015.htm"}, {"date": "2015-06-30", "symbol": "FRHC", "reportedCurrency": "USD", "cik": "0000924805", "fillingDate": "2015-08-13", "acceptedDate": "2015-08-13 13:57:52", "calendarYear": "2016", "period": "Q1", "revenue": 0, "costOfRevenue": 0, "grossProfit": 0, "grossProfitRatio": 0, "researchAndDevelopmentExpenses": 0, "generalAndAdministrativeExpenses": 11457, "sellingAndMarketingExpenses": 0, "sellingGeneralAndAdministrativeExpenses": 11457, "otherExpenses": 0, "operatingExpenses": 11457, "costAndExpenses": 11457, "interestIncome": 0, "interestExpense": 0, "depreciationAndAmortization": 785, "ebitda": -11457, "ebitdaratio": 0, "operatingIncome": -11457, "operatingIncomeRatio": 0, "totalOtherIncomeExpensesNet": 977, "incomeBeforeTax": -10480, "incomeBeforeTaxRatio": 0, "incomeTaxExpense": 100, "netIncome": -10480, "netIncomeRatio": 0, "eps": -0.0002, "epsdiluted": -0.0002, "weightedAverageShsOut": 58093212, "weightedAverageShsOutDil": 58309147, "link": "https://www.sec.gov/Archives/edgar/data/924805/000103883815000113/0001038838-15-000113-index.htm", "finalLink": "https://www.sec.gov/Archives/edgar/data/924805/000103883815000113/q063015.htm"}, {"date": "2015-03-31", "symbol": "FRHC", "reportedCurrency": "USD", "cik": "0000924805", "fillingDate": "2015-06-29", "acceptedDate": "2015-06-29 12:55:43", "calendarYear": "2015", "period": "Q4", "revenue": 0, "costOfRevenue": 0, "grossProfit": 0, "grossProfitRatio": 0, "researchAndDevelopmentExpenses": 0, "generalAndAdministrativeExpenses": 19462, "sellingAndMarketingExpenses": 0, "sellingGeneralAndAdministrativeExpenses": 19462, "otherExpenses": 0, "operatingExpenses": 19462, "costAndExpenses": 19462, "interestIncome": 0, "interestExpense": 0, "depreciationAndAmortization": 0, "ebitda": -19462, "ebitdaratio": 0, "operatingIncome": -19462, "operatingIncomeRatio": 0, "totalOtherIncomeExpensesNet": 1927, "incomeBeforeTax": -17535, "incomeBeforeTaxRatio": 0, "incomeTaxExpense": 0, "netIncome": -17535, "netIncomeRatio": 0, "eps": 0, "epsdiluted": 0, "weightedAverageShsOut": 0, "weightedAverageShsOutDil": 0, "link": "https://www.sec.gov/Archives/edgar/data/924805/000103883815000084/0001038838-15-000084-index.htm", "finalLink": "https://www.sec.gov/Archives/edgar/data/924805/000103883815000084/k033115.htm"}, {"date": "2014-12-31", "symbol": "FRHC", "reportedCurrency": "USD", "cik": "0000924805", "fillingDate": "2015-02-13", "acceptedDate": "2015-02-13 15:29:19", "calendarYear": "2015", "period": "Q3", "revenue": 0, "costOfRevenue": 0, "grossProfit": 0, "grossProfitRatio": 0, "researchAndDevelopmentExpenses": 0, "generalAndAdministrativeExpenses": 14767, "sellingAndMarketingExpenses": 0, "sellingGeneralAndAdministrativeExpenses": 14767, "otherExpenses": 0, "operatingExpenses": 14767, "costAndExpenses": 14767, "interestIncome": 0, "interestExpense": 0, "depreciationAndAmortization": 0, "ebitda": -14767, "ebitdaratio": 0, "operatingIncome": -14767, "operatingIncomeRatio": 0, "totalOtherIncomeExpensesNet": 1620, "incomeBeforeTax": -13147, "incomeBeforeTaxRatio": 0, "incomeTaxExpense": -54804, "netIncome": 41657, "netIncomeRatio": 0, "eps": 0.0007, "epsdiluted": 0.0007, "weightedAverageShsOut": 58093212, "weightedAverageShsOutDil": 58309147, "link": "https://www.sec.gov/Archives/edgar/data/924805/000103883815000008/0001038838-15-000008-index.htm", "finalLink": "https://www.sec.gov/Archives/edgar/data/924805/000103883815000008/q1231014.htm"}, {"date": "2014-09-30", "symbol": "FRHC", "reportedCurrency": "USD", "cik": "0000924805", "fillingDate": "2014-11-13", "acceptedDate": "2014-11-13 13:30:24", "calendarYear": "2015", "period": "Q2", "revenue": 0, "costOfRevenue": 0, "grossProfit": 0, "grossProfitRatio": 0, "researchAndDevelopmentExpenses": 0, "generalAndAdministrativeExpenses": 15853, "sellingAndMarketingExpenses": 0, "sellingGeneralAndAdministrativeExpenses": 15853, "otherExpenses": 0, "operatingExpenses": 15853, "costAndExpenses": 15853, "interestIncome": 0, "interestExpense": 0, "depreciationAndAmortization": 0, "ebitda": -15853, "ebitdaratio": 0, "operatingIncome": -15853, "operatingIncomeRatio": 0, "totalOtherIncomeExpensesNet": 1645, "incomeBeforeTax": -14208, "incomeBeforeTaxRatio": 0, "incomeTaxExpense": 0, "netIncome": -14208, "netIncomeRatio": 0, "eps": -0.0002, "epsdiluted": -0.0002, "weightedAverageShsOut": 58093212, "weightedAverageShsOutDil": 58309147, "link": "https://www.sec.gov/Archives/edgar/data/924805/000103883814000178/0001038838-14-000178-index.htm", "finalLink": "https://www.sec.gov/Archives/edgar/data/924805/000103883814000178/q093014.htm"}, {"date": "2014-06-30", "symbol": "FRHC", "reportedCurrency": "USD", "cik": "0000924805", "fillingDate": "2014-08-13", "acceptedDate": "2014-08-13 13:20:58", "calendarYear": "2015", "period": "Q1", "revenue": 0, "costOfRevenue": 0, "grossProfit": 0, "grossProfitRatio": 0, "researchAndDevelopmentExpenses": 0, "generalAndAdministrativeExpenses": 30328, "sellingAndMarketingExpenses": 0, "sellingGeneralAndAdministrativeExpenses": 30328, "otherExpenses": 0, "operatingExpenses": 30328, "costAndExpenses": 30328, "interestIncome": 0, "interestExpense": 0, "depreciationAndAmortization": 0, "ebitda": -30328, "ebitdaratio": 0, "operatingIncome": -30328, "operatingIncomeRatio": 0, "totalOtherIncomeExpensesNet": 1627, "incomeBeforeTax": -28701, "incomeBeforeTaxRatio": 0, "incomeTaxExpense": 0, "netIncome": -28701, "netIncomeRatio": 0, "eps": -0.0005, "epsdiluted": -0.0005, "weightedAverageShsOut": 58093212, "weightedAverageShsOutDil": 58309147, "link": "https://www.sec.gov/Archives/edgar/data/924805/000103883814000116/0001038838-14-000116-index.htm", "finalLink": "https://www.sec.gov/Archives/edgar/data/924805/000103883814000116/q063014.htm"}, {"date": "2014-03-31", "symbol": "FRHC", "reportedCurrency": "USD", "cik": "0000924805", "fillingDate": "2014-06-30", "acceptedDate": "2014-06-30 15:07:31", "calendarYear": "2014", "period": "Q4", "revenue": 0, "costOfRevenue": 0, "grossProfit": 0, "grossProfitRatio": 0, "researchAndDevelopmentExpenses": 0, "generalAndAdministrativeExpenses": 39679, "sellingAndMarketingExpenses": 0, "sellingGeneralAndAdministrativeExpenses": 39679, "otherExpenses": 11410, "operatingExpenses": 51089, "costAndExpenses": 51089, "interestIncome": 16073, "interestExpense": 0, "depreciationAndAmortization": 11410, "ebitda": -39679, "ebitdaratio": 0, "operatingIncome": -51089, "operatingIncomeRatio": 0, "totalOtherIncomeExpensesNet": 16073, "incomeBeforeTax": -35016, "incomeBeforeTaxRatio": 0, "incomeTaxExpense": 0, "netIncome": -35016, "netIncomeRatio": 0, "eps": -0.0006, "epsdiluted": -0.0006, "weightedAverageShsOut": 55787777, "weightedAverageShsOutDil": 55787777, "link": "https://www.sec.gov/Archives/edgar/data/924805/000103883814000097/0001038838-14-000097-index.htm", "finalLink": "https://www.sec.gov/Archives/edgar/data/924805/000103883814000097/k033114.htm"}, {"date": "2013-12-31", "symbol": "FRHC", "reportedCurrency": "USD", "cik": "0000924805", "fillingDate": "2014-02-13", "acceptedDate": "2014-02-13 16:32:34", "calendarYear": "2014", "period": "Q3", "revenue": 0, "costOfRevenue": 0, "grossProfit": 0, "grossProfitRatio": 0, "researchAndDevelopmentExpenses": 0, "generalAndAdministrativeExpenses": 360596, "sellingAndMarketingExpenses": 0, "sellingGeneralAndAdministrativeExpenses": 360596, "otherExpenses": 28982, "operatingExpenses": 389578, "costAndExpenses": 389578, "interestIncome": 58, "interestExpense": 0, "depreciationAndAmortization": 28983, "ebitda": -360595, "ebitdaratio": 0, "operatingIncome": -389578, "operatingIncomeRatio": 0, "totalOtherIncomeExpensesNet": 58, "incomeBeforeTax": -389520, "incomeBeforeTaxRatio": 0, "incomeTaxExpense": 0, "netIncome": -389520, "netIncomeRatio": 0, "eps": -0.007, "epsdiluted": -0.007, "weightedAverageShsOut": 55787554, "weightedAverageShsOutDil": 55787554, "link": "https://www.sec.gov/Archives/edgar/data/924805/000103883814000014/0001038838-14-000014-index.htm", "finalLink": "https://www.sec.gov/Archives/edgar/data/924805/000103883814000014/q123113.htm"}, {"date": "2013-09-30", "symbol": "FRHC", "reportedCurrency": "USD", "cik": "0000924805", "fillingDate": "2013-11-14", "acceptedDate": "2013-11-13 17:33:40", "calendarYear": "2014", "period": "Q2", "revenue": 0, "costOfRevenue": 0, "grossProfit": 0, "grossProfitRatio": 0, "researchAndDevelopmentExpenses": 0, "generalAndAdministrativeExpenses": 575105, "sellingAndMarketingExpenses": 0, "sellingGeneralAndAdministrativeExpenses": 575105, "otherExpenses": 28982, "operatingExpenses": 604087, "costAndExpenses": 604087, "interestIncome": 0, "interestExpense": 0, "depreciationAndAmortization": 28982, "ebitda": -575105, "ebitdaratio": 0, "operatingIncome": -604087, "operatingIncomeRatio": 0, "totalOtherIncomeExpensesNet": 211, "incomeBeforeTax": -603876, "incomeBeforeTaxRatio": 0, "incomeTaxExpense": 0, "netIncome": -603876, "netIncomeRatio": 0, "eps": -0.0108, "epsdiluted": -0.0108, "weightedAverageShsOut": 55787554, "weightedAverageShsOutDil": 55787554, "link": "https://www.sec.gov/Archives/edgar/data/924805/000103883813000387/0001038838-13-000387-index.htm", "finalLink": "https://www.sec.gov/Archives/edgar/data/924805/000103883813000387/q093013.htm"}, {"date": "2013-06-30", "symbol": "FRHC", "reportedCurrency": "USD", "cik": "0000924805", "fillingDate": "2013-08-13", "acceptedDate": "2013-08-12 17:33:27", "calendarYear": "2014", "period": "Q1", "revenue": 0, "costOfRevenue": 0, "grossProfit": 0, "grossProfitRatio": 0, "researchAndDevelopmentExpenses": 0, "generalAndAdministrativeExpenses": 514965, "sellingAndMarketingExpenses": 0, "sellingGeneralAndAdministrativeExpenses": 514965, "otherExpenses": 28981, "operatingExpenses": 543946, "costAndExpenses": 543946, "interestIncome": 0, "interestExpense": 0, "depreciationAndAmortization": 28981, "ebitda": -514965, "ebitdaratio": 0, "operatingIncome": -543946, "operatingIncomeRatio": 0, "totalOtherIncomeExpensesNet": 609, "incomeBeforeTax": -543337, "incomeBeforeTaxRatio": 0, "incomeTaxExpense": 0, "netIncome": -543337, "netIncomeRatio": 0, "eps": -0.0097, "epsdiluted": -0.0097, "weightedAverageShsOut": 55787554, "weightedAverageShsOutDil": 55787554, "link": "https://www.sec.gov/Archives/edgar/data/924805/000103883813000298/0001038838-13-000298-index.htm", "finalLink": "https://www.sec.gov/Archives/edgar/data/924805/000103883813000298/q063013.htm"}, {"date": "2013-03-31", "symbol": "FRHC", "reportedCurrency": "USD", "cik": "0000924805", "fillingDate": "2013-07-01", "acceptedDate": "2013-07-01 15:58:29", "calendarYear": "2013", "period": "Q4", "revenue": 0, "costOfRevenue": 0, "grossProfit": 0, "grossProfitRatio": 0, "researchAndDevelopmentExpenses": 0, "generalAndAdministrativeExpenses": 495927, "sellingAndMarketingExpenses": 0, "sellingGeneralAndAdministrativeExpenses": 495927, "otherExpenses": 28982, "operatingExpenses": 524909, "costAndExpenses": 524909, "interestIncome": 2520, "interestExpense": 0, "depreciationAndAmortization": 28982, "ebitda": -493407, "ebitdaratio": 0, "operatingIncome": -524909, "operatingIncomeRatio": 0, "totalOtherIncomeExpensesNet": 2520, "incomeBeforeTax": -522389, "incomeBeforeTaxRatio": 0, "incomeTaxExpense": 0, "netIncome": -522389, "netIncomeRatio": 0, "eps": -0.0094, "epsdiluted": -0.0094, "weightedAverageShsOut": 55787777, "weightedAverageShsOutDil": 55787777, "link": "https://www.sec.gov/Archives/edgar/data/924805/000103883813000260/0001038838-13-000260-index.htm", "finalLink": "https://www.sec.gov/Archives/edgar/data/924805/000103883813000260/k033113.htm"}, {"date": "2012-12-31", "symbol": "FRHC", "reportedCurrency": "USD", "cik": "0000924805", "fillingDate": "2013-02-19", "acceptedDate": "2013-02-19 12:38:41", "calendarYear": "2013", "period": "Q3", "revenue": 0, "costOfRevenue": 0, "grossProfit": 0, "grossProfitRatio": 0, "researchAndDevelopmentExpenses": 0, "generalAndAdministrativeExpenses": 759904, "sellingAndMarketingExpenses": 0, "sellingGeneralAndAdministrativeExpenses": 759904, "otherExpenses": 28982, "operatingExpenses": 788886, "costAndExpenses": 788886, "interestIncome": 7492, "interestExpense": 0, "depreciationAndAmortization": 28982, "ebitda": -759904, "ebitdaratio": 0, "operatingIncome": -788886, "operatingIncomeRatio": 0, "totalOtherIncomeExpensesNet": 7492, "incomeBeforeTax": -781394, "incomeBeforeTaxRatio": 0, "incomeTaxExpense": 0, "netIncome": -781394, "netIncomeRatio": 0, "eps": -0.014, "epsdiluted": -0.014, "weightedAverageShsOut": 55787554, "weightedAverageShsOutDil": 55787554, "link": "https://www.sec.gov/Archives/edgar/data/924805/000103883813000052/0001038838-13-000052-index.htm", "finalLink": "https://www.sec.gov/Archives/edgar/data/924805/000103883813000052/q123112.htm"}, {"date": "2012-09-30", "symbol": "FRHC", "reportedCurrency": "USD", "cik": "0000924805", "fillingDate": "2012-11-14", "acceptedDate": "2012-11-14 12:15:08", "calendarYear": "2013", "period": "Q2", "revenue": 0, "costOfRevenue": 0, "grossProfit": 0, "grossProfitRatio": 0, "researchAndDevelopmentExpenses": 0, "generalAndAdministrativeExpenses": 1006116, "sellingAndMarketingExpenses": 0, "sellingGeneralAndAdministrativeExpenses": 1006116, "otherExpenses": 28982, "operatingExpenses": 1035098, "costAndExpenses": 1035098, "interestIncome": 2700, "interestExpense": 0, "depreciationAndAmortization": 28982, "ebitda": -1006116, "ebitdaratio": 0, "operatingIncome": -1035098, "operatingIncomeRatio": 0, "totalOtherIncomeExpensesNet": 330, "incomeBeforeTax": -1034768, "incomeBeforeTaxRatio": 0, "incomeTaxExpense": 0, "netIncome": -1034768, "netIncomeRatio": 0, "eps": -0.0185, "epsdiluted": -0.0185, "weightedAverageShsOut": 55787554, "weightedAverageShsOutDil": 55787554, "link": "https://www.sec.gov/Archives/edgar/data/924805/000103883812000332/0001038838-12-000332-index.htm", "finalLink": "https://www.sec.gov/Archives/edgar/data/924805/000103883812000332/q093012.htm"}, {"date": "2012-06-30", "symbol": "FRHC", "reportedCurrency": "USD", "cik": "0000924805", "fillingDate": "2012-08-14", "acceptedDate": "2012-08-14 10:42:38", "calendarYear": "2013", "period": "Q1", "revenue": 0, "costOfRevenue": 0, "grossProfit": 0, "grossProfitRatio": 0, "researchAndDevelopmentExpenses": 0, "generalAndAdministrativeExpenses": 732078, "sellingAndMarketingExpenses": 0, "sellingGeneralAndAdministrativeExpenses": 732078, "otherExpenses": 28980, "operatingExpenses": 761058, "costAndExpenses": 761058, "interestIncome": 1498, "interestExpense": 0, "depreciationAndAmortization": 28980, "ebitda": -721334, "ebitdaratio": 0, "operatingIncome": -761058, "operatingIncomeRatio": 0, "totalOtherIncomeExpensesNet": 10744, "incomeBeforeTax": -750314, "incomeBeforeTaxRatio": 0, "incomeTaxExpense": 0, "netIncome": -750314, "netIncomeRatio": 0, "eps": -0.0134, "epsdiluted": -0.0134, "weightedAverageShsOut": 55787554, "weightedAverageShsOutDil": 55787554, "link": "https://www.sec.gov/Archives/edgar/data/924805/000103883812000205/0001038838-12-000205-index.htm", "finalLink": "https://www.sec.gov/Archives/edgar/data/924805/000103883812000205/q063012.htm"}, {"date": "2012-03-31", "symbol": "FRHC", "reportedCurrency": "USD", "cik": "0000924805", "fillingDate": "2012-06-25", "acceptedDate": "2012-06-25 15:51:16", "calendarYear": "2012", "period": "Q4", "revenue": 0, "costOfRevenue": 0, "grossProfit": 0, "grossProfitRatio": 0, "researchAndDevelopmentExpenses": 0, "generalAndAdministrativeExpenses": 0, "sellingAndMarketingExpenses": 0, "sellingGeneralAndAdministrativeExpenses": 347310, "otherExpenses": 28982, "operatingExpenses": 376292, "costAndExpenses": 376292, "interestIncome": 1882, "interestExpense": 0, "depreciationAndAmortization": 28982, "ebitda": -339019, "ebitdaratio": 0, "operatingIncome": -376292, "operatingIncomeRatio": 0, "totalOtherIncomeExpensesNet": 8291, "incomeBeforeTax": -368000, "incomeBeforeTaxRatio": 0, "incomeTaxExpense": 0, "netIncome": -368000, "netIncomeRatio": 0, "eps": -0.16, "epsdiluted": -0.16, "weightedAverageShsOut": 2231751, "weightedAverageShsOutDil": 2231751, "link": "https://www.sec.gov/Archives/edgar/data/924805/000103883812000169/0001038838-12-000169-index.htm", "finalLink": "https://www.sec.gov/Archives/edgar/data/924805/000103883812000169/k033112.htm"}, {"date": "2011-12-31", "symbol": "FRHC", "reportedCurrency": "USD", "cik": "0000924805", "fillingDate": "2012-02-14", "acceptedDate": "2012-02-14 15:57:16", "calendarYear": "2012", "period": "Q3", "revenue": 0, "costOfRevenue": 0, "grossProfit": 0, "grossProfitRatio": 0, "researchAndDevelopmentExpenses": 0, "generalAndAdministrativeExpenses": 283857, "sellingAndMarketingExpenses": 0, "sellingGeneralAndAdministrativeExpenses": 283857, "otherExpenses": 29408, "operatingExpenses": 313265, "costAndExpenses": 313265, "interestIncome": 9273, "interestExpense": 0, "depreciationAndAmortization": 29408, "ebitda": -274809, "ebitdaratio": 0, "operatingIncome": -313265, "operatingIncomeRatio": 0, "totalOtherIncomeExpensesNet": 9048, "incomeBeforeTax": -304217, "incomeBeforeTaxRatio": 0, "incomeTaxExpense": 0, "netIncome": -304217, "netIncomeRatio": 0, "eps": -0.14, "epsdiluted": -0.14, "weightedAverageShsOut": 2231751, "weightedAverageShsOutDil": 2231751, "link": "https://www.sec.gov/Archives/edgar/data/924805/000103883812000019/0001038838-12-000019-index.htm", "finalLink": "https://www.sec.gov/Archives/edgar/data/924805/000103883812000019/q123111.htm"}, {"date": "2011-09-30", "symbol": "FRHC", "reportedCurrency": "USD", "cik": "0000924805", "fillingDate": "2011-11-14", "acceptedDate": "2011-11-14 17:11:07", "calendarYear": "2012", "period": "Q2", "revenue": 0, "costOfRevenue": 0, "grossProfit": 0, "grossProfitRatio": 0, "researchAndDevelopmentExpenses": 0, "generalAndAdministrativeExpenses": 0, "sellingAndMarketingExpenses": 0, "sellingGeneralAndAdministrativeExpenses": 17495289, "otherExpenses": 1462521, "operatingExpenses": 18957810, "costAndExpenses": 18957810, "interestIncome": 13367, "interestExpense": 1432875, "depreciationAndAmortization": 29646, "ebitda": -17495289, "ebitdaratio": 0, "operatingIncome": -18957810, "operatingIncomeRatio": 0, "totalOtherIncomeExpensesNet": 0, "incomeBeforeTax": -18957810, "incomeBeforeTaxRatio": 0, "incomeTaxExpense": 9303, "netIncome": -142869235, "netIncomeRatio": 0, "eps": -64.02, "epsdiluted": -64.02, "weightedAverageShsOut": 2231502, "weightedAverageShsOutDil": 2231502, "link": "https://www.sec.gov/Archives/edgar/data/924805/000103883811000384/0001038838-11-000384-index.htm", "finalLink": "https://www.sec.gov/Archives/edgar/data/924805/000103883811000384/q093011.htm"}, {"date": "2011-06-30", "symbol": "FRHC", "reportedCurrency": "USD", "cik": "0000924805", "fillingDate": "2011-08-15", "acceptedDate": "2011-08-15 16:41:43", "calendarYear": "2012", "period": "Q1", "revenue": 0, "costOfRevenue": 0, "grossProfit": 0, "grossProfitRatio": 0, "researchAndDevelopmentExpenses": 0, "generalAndAdministrativeExpenses": 0, "sellingAndMarketingExpenses": 0, "sellingGeneralAndAdministrativeExpenses": 2184939, "otherExpenses": 2131626, "operatingExpenses": 4316565, "costAndExpenses": 4316565, "interestIncome": 7603, "interestExpense": 2118147, "depreciationAndAmortization": 13479, "ebitda": -2184939, "ebitdaratio": 0, "operatingIncome": -4316565, "operatingIncomeRatio": 0, "totalOtherIncomeExpensesNet": 0, "incomeBeforeTax": -4316565, "incomeBeforeTaxRatio": 0, "incomeTaxExpense": 12268, "netIncome": 4325232, "netIncomeRatio": 0, "eps": 2, "epsdiluted": 2, "weightedAverageShsOut": 2231502, "weightedAverageShsOutDil": 2231502, "link": "https://www.sec.gov/Archives/edgar/data/924805/000103883811000242/0001038838-11-000242-index.htm", "finalLink": "https://www.sec.gov/Archives/edgar/data/924805/000103883811000242/q063011.htm"}, {"date": "2011-03-31", "symbol": "FRHC", "reportedCurrency": "USD", "cik": "0000924805", "fillingDate": "2011-06-29", "acceptedDate": "2011-06-29 16:53:25", "calendarYear": "2011", "period": "Q4", "revenue": -41638143, "costOfRevenue": -15570617, "grossProfit": -26067526, "grossProfitRatio": 0.6260491972, "researchAndDevelopmentExpenses": 0, "generalAndAdministrativeExpenses": 0, "sellingAndMarketingExpenses": 0, "sellingGeneralAndAdministrativeExpenses": -1136907, "otherExpenses": -7178549, "operatingExpenses": -8315456, "costAndExpenses": -23886073, "interestIncome": 0, "interestExpense": 1546498, "depreciationAndAmortization": -1257780, "ebitda": -16632994, "ebitdaratio": 0.3994653172, "operatingIncome": -17752070, "operatingIncomeRatio": 0.4263415398, "totalOtherIncomeExpensesNet": -427422, "incomeBeforeTax": -18179492, "incomeBeforeTaxRatio": 0.436606695, "incomeTaxExpense": -1366631, "netIncome": 3203009, "netIncomeRatio": -0.0769248763, "eps": 1.5, "epsdiluted": 1.5, "weightedAverageShsOut": 2139201, "weightedAverageShsOutDil": 2139201, "link": "https://www.sec.gov/Archives/edgar/data/924805/000103883811000172/0001038838-11-000172-index.htm", "finalLink": "https://www.sec.gov/Archives/edgar/data/924805/000103883811000172/k033111.htm"}, {"date": "2010-12-31", "symbol": "FRHC", "reportedCurrency": "USD", "cik": "0000924805", "fillingDate": "2011-02-22", "acceptedDate": "2011-02-22 17:08:58", "calendarYear": "2011", "period": "Q3", "revenue": 0, "costOfRevenue": 0, "grossProfit": 0, "grossProfitRatio": 0, "researchAndDevelopmentExpenses": 0, "generalAndAdministrativeExpenses": 0, "sellingAndMarketingExpenses": 0, "sellingGeneralAndAdministrativeExpenses": 1846823, "otherExpenses": 2249171, "operatingExpenses": 4095994, "costAndExpenses": 4095994, "interestIncome": 3085, "interestExpense": 2228010, "depreciationAndAmortization": 21161, "ebitda": -1771435, "ebitdaratio": 0, "operatingIncome": -4095994, "operatingIncomeRatio": 0, "totalOtherIncomeExpensesNet": 75388, "incomeBeforeTax": -4020606, "incomeBeforeTaxRatio": 0, "incomeTaxExpense": 0, "netIncome": 1363316, "netIncomeRatio": 0, "eps": 0.75, "epsdiluted": 0.75, "weightedAverageShsOut": 2147402, "weightedAverageShsOutDil": 2147402, "link": "https://www.sec.gov/Archives/edgar/data/924805/000103883811000046/0001038838-11-000046-index.htm", "finalLink": "https://www.sec.gov/Archives/edgar/data/924805/000103883811000046/q123110.htm"}, {"date": "2010-09-30", "symbol": "FRHC", "reportedCurrency": "USD", "cik": "0000924805", "fillingDate": "2010-11-15", "acceptedDate": "2010-11-15 17:18:19", "calendarYear": "2011", "period": "Q2", "revenue": 0, "costOfRevenue": 0, "grossProfit": 0, "grossProfitRatio": 0, "researchAndDevelopmentExpenses": 0, "generalAndAdministrativeExpenses": 0, "sellingAndMarketingExpenses": 0, "sellingGeneralAndAdministrativeExpenses": 2650983, "otherExpenses": 1123621, "operatingExpenses": 3774604, "costAndExpenses": 3774604, "interestIncome": 1218, "interestExpense": 1100382, "depreciationAndAmortization": 23442, "ebitda": -2650780, "ebitdaratio": 0, "operatingIncome": -3774604, "operatingIncomeRatio": 0, "totalOtherIncomeExpensesNet": 3218184, "incomeBeforeTax": -556420, "incomeBeforeTaxRatio": 0, "incomeTaxExpense": 3286288, "netIncome": -556420, "netIncomeRatio": 0, "eps": -0.27, "epsdiluted": -0.27, "weightedAverageShsOut": 2073600, "weightedAverageShsOutDil": 2073600, "link": "https://www.sec.gov/Archives/edgar/data/924805/000103883810000361/0001038838-10-000361-index.htm", "finalLink": "https://www.sec.gov/Archives/edgar/data/924805/000103883810000361/q093010.htm"}]