[{"date": "2025-06-30", "symbol": "ODFL", "reportedCurrency": "USD", "cik": "0000878927", "fillingDate": "2025-07-30", "acceptedDate": "2025-07-30 09:15:51", "calendarYear": "2025", "period": "Q2", "revenue": 1407724000, "costOfRevenue": 952551000, "grossProfit": 455173000, "grossProfitRatio": 0.3233396603, "researchAndDevelopmentExpenses": 0, "generalAndAdministrativeExpenses": 0, "sellingAndMarketingExpenses": 0, "sellingGeneralAndAdministrativeExpenses": 50972000, "otherExpenses": 46306000, "operatingExpenses": 97278000, "costAndExpenses": 1049829000, "interestIncome": 684000, "interestExpense": 6000, "depreciationAndAmortization": 90663000, "ebitda": 447885000, "ebitdaratio": 0.3181625091, "operatingIncome": 357895000, "operatingIncomeRatio": 0.2542366259, "totalOtherIncomeExpensesNet": -679000, "incomeBeforeTax": 357216000, "incomeBeforeTaxRatio": 0.2537542871, "incomeTaxExpense": 88590000, "netIncome": 268626000, "netIncomeRatio": 0.190822917, "eps": 1.27, "epsdiluted": 1.27, "weightedAverageShsOut": 212164000, "weightedAverageShsOutDil": 212164000, "link": "https://www.sec.gov/Archives/edgar/data/878927/000095017025099899/0000950170-25-099899-index.htm", "finalLink": "https://www.sec.gov/Archives/edgar/data/878927/000095017025099899/odfl-ex99_1.htm"}, {"date": "2025-03-31", "symbol": "ODFL", "reportedCurrency": "USD", "cik": "0000878927", "fillingDate": "2025-05-06", "acceptedDate": "2025-05-06 16:21:09", "calendarYear": "2025", "period": "Q1", "revenue": 1374858000, "costOfRevenue": 924772000, "grossProfit": 450086000, "grossProfitRatio": 0.327369081, "researchAndDevelopmentExpenses": 0, "generalAndAdministrativeExpenses": 68163000, "sellingAndMarketingExpenses": 0, "sellingGeneralAndAdministrativeExpenses": 68163000, "otherExpenses": 43868000, "operatingExpenses": 112031000, "costAndExpenses": 1036803000, "interestIncome": 1662000, "interestExpense": 2000, "depreciationAndAmortization": 89135000, "ebitda": 427778000, "ebitdaratio": 0.3111434054, "operatingIncome": 338055000, "operatingIncomeRatio": 0.2458835749, "totalOtherIncomeExpensesNet": 589000, "incomeBeforeTax": 338644000, "incomeBeforeTaxRatio": 0.2463119828, "incomeTaxExpense": 83984000, "netIncome": 254660000, "netIncomeRatio": 0.1852264016, "eps": 1.2, "epsdiluted": 1.19, "weightedAverageShsOut": 212402000, "weightedAverageShsOutDil": 213484000, "link": "https://www.sec.gov/Archives/edgar/data/878927/000095017025064508/0000950170-25-064508-index.htm", "finalLink": "https://www.sec.gov/Archives/edgar/data/878927/000095017025064508/odfl-20250331.htm"}, {"date": "2024-12-31", "symbol": "ODFL", "reportedCurrency": "USD", "cik": "0000878927", "fillingDate": "2025-02-25", "acceptedDate": "2025-02-25 16:11:23", "calendarYear": "2024", "period": "Q4", "revenue": 1385829000, "costOfRevenue": 919515000, "grossProfit": 466314000, "grossProfitRatio": 0.3364874021, "researchAndDevelopmentExpenses": 0, "generalAndAdministrativeExpenses": 89992000, "sellingAndMarketingExpenses": 0, "sellingGeneralAndAdministrativeExpenses": 89992000, "otherExpenses": 42302000, "operatingExpenses": 132294000, "costAndExpenses": 1051809000, "interestIncome": 1903000, "interestExpense": 25000, "depreciationAndAmortization": 88810000, "ebitda": 424010000, "ebitdaratio": 0.3059612694, "operatingIncome": 334020000, "operatingIncomeRatio": 0.2410254079, "totalOtherIncomeExpensesNet": 1155000, "incomeBeforeTax": 335175000, "incomeBeforeTaxRatio": 0.2418588441, "incomeTaxExpense": 72031000, "netIncome": 263144000, "netIncomeRatio": 0.1898820129, "eps": 1.23, "epsdiluted": 1.23, "weightedAverageShsOut": 215326000, "weightedAverageShsOutDil": 216485000, "link": "https://www.sec.gov/Archives/edgar/data/878927/000095017025026661/0000950170-25-026661-index.htm", "finalLink": "https://www.sec.gov/Archives/edgar/data/878927/000095017025026661/odfl-20241231.htm"}, {"date": "2024-09-30", "symbol": "ODFL", "reportedCurrency": "USD", "cik": "0000878927", "fillingDate": "2024-11-06", "acceptedDate": "2024-11-06 16:56:04", "calendarYear": "2024", "period": "Q3", "revenue": 1470211000, "costOfRevenue": 955022000, "grossProfit": 515189000, "grossProfitRatio": 0.3504184093, "researchAndDevelopmentExpenses": 0, "generalAndAdministrativeExpenses": 73305000, "sellingAndMarketingExpenses": 0, "sellingGeneralAndAdministrativeExpenses": 73305000, "otherExpenses": 40023000, "operatingExpenses": 113328000, "costAndExpenses": 1068350000, "interestIncome": 1775000, "interestExpense": 19000, "depreciationAndAmortization": 86668000, "ebitda": 489779000, "ebitdaratio": 0.3331351758, "operatingIncome": 401861000, "operatingIncomeRatio": 0.273335596, "totalOtherIncomeExpensesNet": 1233000, "incomeBeforeTax": 403094000, "incomeBeforeTaxRatio": 0.2741742512, "incomeTaxExpense": 94514000, "netIncome": 308580000, "netIncomeRatio": 0.2098882405, "eps": 1.44, "epsdiluted": 1.43, "weightedAverageShsOut": 214089000, "weightedAverageShsOutDil": 215227000, "link": "https://www.sec.gov/Archives/edgar/data/878927/000095017024122440/0000950170-24-122440-index.htm", "finalLink": "https://www.sec.gov/Archives/edgar/data/878927/000095017024122440/odfl-20240930.htm"}, {"date": "2024-06-30", "symbol": "ODFL", "reportedCurrency": "USD", "cik": "0000878927", "fillingDate": "2024-08-05", "acceptedDate": "2024-08-05 16:41:19", "calendarYear": "2024", "period": "Q2", "revenue": 1498697000, "costOfRevenue": 961377000, "grossProfit": 537320000, "grossProfitRatio": 0.3585247719, "researchAndDevelopmentExpenses": 0, "generalAndAdministrativeExpenses": 71670000, "sellingAndMarketingExpenses": 0, "sellingGeneralAndAdministrativeExpenses": 71670000, "otherExpenses": 43959000, "operatingExpenses": 115629000, "costAndExpenses": 1077006000, "interestIncome": 5961000, "interestExpense": 131000, "depreciationAndAmortization": 84566000, "ebitda": 511143000, "ebitdaratio": 0.3410582659, "operatingIncome": 421691000, "operatingIncomeRatio": 0.2813717516, "totalOtherIncomeExpensesNet": 4755000, "incomeBeforeTax": 426446000, "incomeBeforeTaxRatio": 0.2845445077, "incomeTaxExpense": 104401000, "netIncome": 322045000, "netIncomeRatio": 0.2148833287, "eps": 1.49, "epsdiluted": 1.48, "weightedAverageShsOut": 216369000, "weightedAverageShsOutDil": 217541000, "link": "https://www.sec.gov/Archives/edgar/data/878927/000095017024090872/0000950170-24-090872-index.htm", "finalLink": "https://www.sec.gov/Archives/edgar/data/878927/000095017024090872/odfl-20240630.htm"}, {"date": "2024-03-31", "symbol": "ODFL", "reportedCurrency": "USD", "cik": "0000878927", "fillingDate": "2024-05-07", "acceptedDate": "2024-05-07 13:59:21", "calendarYear": "2024", "period": "Q1", "revenue": 1460073000, "costOfRevenue": 956103000, "grossProfit": 503970000, "grossProfitRatio": 0.3451676731, "researchAndDevelopmentExpenses": 0, "generalAndAdministrativeExpenses": 74765000, "sellingAndMarketingExpenses": 0, "sellingGeneralAndAdministrativeExpenses": 74765000, "otherExpenses": 42779000, "operatingExpenses": 117544000, "costAndExpenses": 1073647000, "interestIncome": 7372000, "interestExpense": 37000, "depreciationAndAmortization": 84534000, "ebitda": 477453000, "ebitdaratio": 0.3270062524, "operatingIncome": 386426000, "operatingIncomeRatio": 0.2646621094, "totalOtherIncomeExpensesNet": 6456000, "incomeBeforeTax": 392882000, "incomeBeforeTaxRatio": 0.2690838061, "incomeTaxExpense": 100578000, "netIncome": 292304000, "netIncomeRatio": 0.2001982093, "eps": 1.34, "epsdiluted": 1.34, "weightedAverageShsOut": 218137313, "weightedAverageShsOutDil": 218808000, "link": "https://www.sec.gov/Archives/edgar/data/878927/000095017024054284/0000950170-24-054284-index.htm", "finalLink": "https://www.sec.gov/Archives/edgar/data/878927/000095017024054284/odfl-20240331.htm"}, {"date": "2023-12-31", "symbol": "ODFL", "reportedCurrency": "USD", "cik": "0000878927", "fillingDate": "2024-02-26", "acceptedDate": "2024-02-26 16:20:23", "calendarYear": "2023", "period": "Q4", "revenue": 1495550000, "costOfRevenue": 966985000, "grossProfit": 528565000, "grossProfitRatio": 0.3534251613, "researchAndDevelopmentExpenses": 0, "generalAndAdministrativeExpenses": 80488000, "sellingAndMarketingExpenses": 0, "sellingGeneralAndAdministrativeExpenses": 80488000, "otherExpenses": 27066000, "operatingExpenses": 107554000, "costAndExpenses": 1074539000, "interestIncome": 5312000, "interestExpense": 85000, "depreciationAndAmortization": 84652000, "ebitda": 510062000, "ebitdaratio": 0.3410531243, "operatingIncome": 421011000, "operatingIncomeRatio": 0.2815091438, "totalOtherIncomeExpensesNet": 4314000, "incomeBeforeTax": 425325000, "incomeBeforeTaxRatio": 0.2843937013, "incomeTaxExpense": 102510000, "netIncome": 322815000, "netIncomeRatio": 0.2158503561, "eps": 1.48, "epsdiluted": 1.47, "weightedAverageShsOut": 219324000, "weightedAverageShsOutDil": 219324000, "link": "https://www.sec.gov/Archives/edgar/data/878927/000095017024020176/0000950170-24-020176-index.htm", "finalLink": "https://www.sec.gov/Archives/edgar/data/878927/000095017024020176/odfl-20231231.htm"}, {"date": "2023-09-30", "symbol": "ODFL", "reportedCurrency": "USD", "cik": "0000878927", "fillingDate": "2023-11-06", "acceptedDate": "2023-11-06 16:16:21", "calendarYear": "2023", "period": "Q3", "revenue": 1515277000, "costOfRevenue": 959353000, "grossProfit": 555924000, "grossProfitRatio": 0.366879455, "researchAndDevelopmentExpenses": 0, "generalAndAdministrativeExpenses": 68473000, "sellingAndMarketingExpenses": 0, "sellingGeneralAndAdministrativeExpenses": 68473000, "otherExpenses": 42432000, "operatingExpenses": 110905000, "costAndExpenses": 1070258000, "interestIncome": 2308000, "interestExpense": 90000, "depreciationAndAmortization": 84059000, "ebitda": 530525000, "ebitdaratio": 0.3501175033, "operatingIncome": 445019000, "operatingIncomeRatio": 0.2936882167, "totalOtherIncomeExpensesNet": 1357000, "incomeBeforeTax": 446376000, "incomeBeforeTaxRatio": 0.2945837626, "incomeTaxExpense": 107089000, "netIncome": 339287000, "netIncomeRatio": 0.2239108757, "eps": 1.55, "epsdiluted": 1.55, "weightedAverageShsOut": 219603236, "weightedAverageShsOutDil": 219670000, "link": "https://www.sec.gov/Archives/edgar/data/878927/000095017023059408/0000950170-23-059408-index.htm", "finalLink": "https://www.sec.gov/Archives/edgar/data/878927/000095017023059408/odfl-20230930.htm"}, {"date": "2023-06-30", "symbol": "ODFL", "reportedCurrency": "USD", "cik": "0000878927", "fillingDate": "2023-08-04", "acceptedDate": "2023-08-04 16:02:44", "calendarYear": "2023", "period": "Q2", "revenue": 1413189000, "costOfRevenue": 916594000, "grossProfit": 496595000, "grossProfitRatio": 0.3514002727, "researchAndDevelopmentExpenses": 0, "generalAndAdministrativeExpenses": 65502000, "sellingAndMarketingExpenses": 0, "sellingGeneralAndAdministrativeExpenses": 65502000, "otherExpenses": 39499000, "operatingExpenses": 105001000, "costAndExpenses": 1021595000, "interestIncome": 2368000, "interestExpense": 89000, "depreciationAndAmortization": 79787000, "ebitda": 471381000, "ebitdaratio": 0.3335583563, "operatingIncome": 391594000, "operatingIncomeRatio": 0.2770995246, "totalOtherIncomeExpensesNet": 332000, "incomeBeforeTax": 391926000, "incomeBeforeTaxRatio": 0.2773344542, "incomeTaxExpense": 99564000, "netIncome": 292362000, "netIncomeRatio": 0.2068810329, "eps": 1.33, "epsdiluted": 1.33, "weightedAverageShsOut": 220398000, "weightedAverageShsOutDil": 220398000, "link": "https://www.sec.gov/Archives/edgar/data/878927/000095017023038553/0000950170-23-038553-index.htm", "finalLink": "https://www.sec.gov/Archives/edgar/data/878927/000095017023038553/odfl-20230630.htm"}, {"date": "2023-03-31", "symbol": "ODFL", "reportedCurrency": "USD", "cik": "0000878927", "fillingDate": "2023-05-08", "acceptedDate": "2023-05-08 15:52:53", "calendarYear": "2023", "period": "Q1", "revenue": 1442136000, "costOfRevenue": 951021000, "grossProfit": 491115000, "grossProfitRatio": 0.3405469387, "researchAndDevelopmentExpenses": 0, "generalAndAdministrativeExpenses": 66590000, "sellingAndMarketingExpenses": 0, "sellingGeneralAndAdministrativeExpenses": 66590000, "otherExpenses": 41476000, "operatingExpenses": 108066000, "costAndExpenses": 1059087000, "interestIncome": 2811000, "interestExpense": 200000, "depreciationAndAmortization": 75951000, "ebitda": 460300000, "ebitdaratio": 0.3191793284, "operatingIncome": 383049000, "operatingIncomeRatio": 0.2656122585, "totalOtherIncomeExpensesNet": 1100000, "incomeBeforeTax": 384149000, "incomeBeforeTaxRatio": 0.2663750159, "incomeTaxExpense": 99111000, "netIncome": 285038000, "netIncomeRatio": 0.1976498749, "eps": 1.3, "epsdiluted": 1.29, "weightedAverageShsOut": 219912000, "weightedAverageShsOutDil": 221358000, "link": "https://www.sec.gov/Archives/edgar/data/878927/000095017023018765/0000950170-23-018765-index.htm", "finalLink": "https://www.sec.gov/Archives/edgar/data/878927/000095017023018765/odfl-20230331.htm"}, {"date": "2022-12-31", "symbol": "ODFL", "reportedCurrency": "USD", "cik": "0000878927", "fillingDate": "2023-02-22", "acceptedDate": "2023-02-22 16:29:11", "calendarYear": "2022", "period": "Q4", "revenue": 1491659000, "costOfRevenue": 964008000, "grossProfit": 527651000, "grossProfitRatio": 0.353734332, "researchAndDevelopmentExpenses": 0, "generalAndAdministrativeExpenses": 57679000, "sellingAndMarketingExpenses": 0, "sellingGeneralAndAdministrativeExpenses": 57679000, "otherExpenses": 39743000, "operatingExpenses": 97422000, "costAndExpenses": 1061430000, "interestIncome": 2951000, "interestExpense": 280000, "depreciationAndAmortization": 72057000, "ebitda": 502286000, "ebitdaratio": 0.3367297754, "operatingIncome": 430229000, "operatingIncomeRatio": 0.2884231584, "totalOtherIncomeExpensesNet": 1773000, "incomeBeforeTax": 432002000, "incomeBeforeTaxRatio": 0.2896117678, "incomeTaxExpense": 108073000, "netIncome": 323929000, "netIncomeRatio": 0.2171602223, "eps": 1.47, "epsdiluted": 1.46, "weightedAverageShsOut": 222141834, "weightedAverageShsOutDil": 222184000, "link": "https://www.sec.gov/Archives/edgar/data/878927/000095017023003783/0000950170-23-003783-index.htm", "finalLink": "https://www.sec.gov/Archives/edgar/data/878927/000095017023003783/odfl-20221231.htm"}, {"date": "2022-09-30", "symbol": "ODFL", "reportedCurrency": "USD", "cik": "0000878927", "fillingDate": "2022-11-03", "acceptedDate": "2022-11-03 13:53:55", "calendarYear": "2022", "period": "Q3", "revenue": 1603690000, "costOfRevenue": 995144000, "grossProfit": 608546000, "grossProfitRatio": 0.3794661063, "researchAndDevelopmentExpenses": 0, "generalAndAdministrativeExpenses": 73730000, "sellingAndMarketingExpenses": 0, "sellingGeneralAndAdministrativeExpenses": 73730000, "otherExpenses": 38736000, "operatingExpenses": 112466000, "costAndExpenses": 1107610000, "interestIncome": 1333000, "interestExpense": 997000, "depreciationAndAmortization": 68351000, "ebitda": 564431000, "ebitdaratio": 0.3519576726, "operatingIncome": 496080000, "operatingIncomeRatio": 0.3093365925, "totalOtherIncomeExpensesNet": -15000, "incomeBeforeTax": 496065000, "incomeBeforeTaxRatio": 0.3093272391, "incomeTaxExpense": 118664000, "netIncome": 377401000, "netIncomeRatio": 0.2353328885, "eps": 1.6899999999999995, "epsdiluted": 1.6799999999999997, "weightedAverageShsOut": 222141834, "weightedAverageShsOutDil": 222184000, "link": "https://www.sec.gov/Archives/edgar/data/878927/000095017022021737/0000950170-22-021737-index.htm", "finalLink": "https://www.sec.gov/Archives/edgar/data/878927/000095017022021737/odfl-20220930.htm"}, {"date": "2022-06-30", "symbol": "ODFL", "reportedCurrency": "USD", "cik": "0000878927", "fillingDate": "2022-08-03", "acceptedDate": "2022-08-03 16:16:03", "calendarYear": "2022", "period": "Q2", "revenue": 1667448000, "costOfRevenue": 1053413000, "grossProfit": 614035000, "grossProfitRatio": 0.3682483652, "researchAndDevelopmentExpenses": 0, "generalAndAdministrativeExpenses": 65978000, "sellingAndMarketingExpenses": 0, "sellingGeneralAndAdministrativeExpenses": 65978000, "otherExpenses": 39352000, "operatingExpenses": 105330000, "costAndExpenses": 1158743000, "interestIncome": 471000, "interestExpense": 213000, "depreciationAndAmortization": 68314000, "ebitda": 576740000, "ebitdaratio": 0.3458818506, "operatingIncome": 508705000, "operatingIncomeRatio": 0.3050799785, "totalOtherIncomeExpensesNet": -492000, "incomeBeforeTax": 508213000, "incomeBeforeTaxRatio": 0.3047849168, "incomeTaxExpense": 132135000, "netIncome": 376078000, "netIncomeRatio": 0.2255410663, "eps": 1.66, "epsdiluted": 1.65, "weightedAverageShsOut": 227610000, "weightedAverageShsOutDil": 227610000, "link": "https://www.sec.gov/Archives/edgar/data/878927/000095017022014258/0000950170-22-014258-index.htm", "finalLink": "https://www.sec.gov/Archives/edgar/data/878927/000095017022014258/odfl-20220630.htm"}, {"date": "2022-03-31", "symbol": "ODFL", "reportedCurrency": "USD", "cik": "0000878927", "fillingDate": "2022-05-04", "acceptedDate": "2022-05-04 15:37:37", "calendarYear": "2022", "period": "Q1", "revenue": 1497280000, "costOfRevenue": 991386000, "grossProfit": 505894000, "grossProfitRatio": 0.3378753473, "researchAndDevelopmentExpenses": 0, "generalAndAdministrativeExpenses": 61496000, "sellingAndMarketingExpenses": 0, "sellingGeneralAndAdministrativeExpenses": 61496000, "otherExpenses": 38780000, "operatingExpenses": 100276000, "costAndExpenses": 1091662000, "interestIncome": 129000, "interestExpense": 73000, "depreciationAndAmortization": 67344000, "ebitda": 472486000, "ebitdaratio": 0.3155628874, "operatingIncome": 405618000, "operatingIncomeRatio": 0.2709032379, "totalOtherIncomeExpensesNet": -549000, "incomeBeforeTax": 405069000, "incomeBeforeTaxRatio": 0.270536573, "incomeTaxExpense": 105318000, "netIncome": 299751000, "netIncomeRatio": 0.2001970239, "eps": 1.31, "epsdiluted": 1.3, "weightedAverageShsOut": 230346000, "weightedAverageShsOutDil": 230346000, "link": "https://www.sec.gov/Archives/edgar/data/878927/000156459022017820/0001564590-22-017820-index.htm", "finalLink": "https://www.sec.gov/Archives/edgar/data/878927/000156459022017820/odfl-10q_20220331.htm"}, {"date": "2021-12-31", "symbol": "ODFL", "reportedCurrency": "USD", "cik": "0000878927", "fillingDate": "2022-02-23", "acceptedDate": "2022-02-23 16:44:18", "calendarYear": "2021", "period": "Q4", "revenue": 1410358000, "costOfRevenue": 942392000, "grossProfit": 467966000, "grossProfitRatio": 0.3318065342, "researchAndDevelopmentExpenses": 0, "generalAndAdministrativeExpenses": 51947000, "sellingAndMarketingExpenses": 0, "sellingGeneralAndAdministrativeExpenses": 51947000, "otherExpenses": 43528000, "operatingExpenses": 95475000, "costAndExpenses": 1037867000, "interestIncome": 126000, "interestExpense": 384000, "depreciationAndAmortization": 66793000, "ebitda": 439284000, "ebitdaratio": 0.3114698538, "operatingIncome": 372491000, "operatingIncomeRatio": 0.2641109562, "totalOtherIncomeExpensesNet": -715000, "incomeBeforeTax": 371776000, "incomeBeforeTaxRatio": 0.2636039927, "incomeTaxExpense": 92970000, "netIncome": 278806000, "netIncomeRatio": 0.1976845595, "eps": 1.21, "epsdiluted": 1.21, "weightedAverageShsOut": 231236683, "weightedAverageShsOutDil": 231362000, "link": "https://www.sec.gov/Archives/edgar/data/878927/000156459022006303/0001564590-22-006303-index.htm", "finalLink": "https://www.sec.gov/Archives/edgar/data/878927/000156459022006303/odfl-10k_20211231.htm"}, {"date": "2021-09-30", "symbol": "ODFL", "reportedCurrency": "USD", "cik": "0000878927", "fillingDate": "2021-11-03", "acceptedDate": "2021-11-03 17:19:25", "calendarYear": "2021", "period": "Q3", "revenue": 1400046000, "costOfRevenue": 913391000, "grossProfit": 486655000, "grossProfitRatio": 0.3475992932, "researchAndDevelopmentExpenses": 0, "generalAndAdministrativeExpenses": 61724000, "sellingAndMarketingExpenses": 0, "sellingGeneralAndAdministrativeExpenses": 61724000, "otherExpenses": 41521000, "operatingExpenses": 103245000, "costAndExpenses": 1016636000, "interestIncome": 178000, "interestExpense": 371000, "depreciationAndAmortization": 65164000, "ebitda": 448486000, "ebitdaratio": 0.3203366175, "operatingIncome": 383410000, "operatingIncomeRatio": 0.2738552876, "totalOtherIncomeExpensesNet": -459000, "incomeBeforeTax": 382951000, "incomeBeforeTaxRatio": 0.2735274412, "incomeTaxExpense": 96317000, "netIncome": 286634000, "netIncomeRatio": 0.2047318445, "eps": 1.24, "epsdiluted": 1.24, "weightedAverageShsOut": 232092307, "weightedAverageShsOutDil": 232323110, "link": "https://www.sec.gov/Archives/edgar/data/878927/000156459021054053/0001564590-21-054053-index.htm", "finalLink": "https://www.sec.gov/Archives/edgar/data/878927/000156459021054053/odfl-10q_20210930.htm"}, {"date": "2021-06-30", "symbol": "ODFL", "reportedCurrency": "USD", "cik": "0000878927", "fillingDate": "2021-08-05", "acceptedDate": "2021-08-05 12:03:04", "calendarYear": "2021", "period": "Q2", "revenue": 1319409000, "costOfRevenue": 856969000, "grossProfit": 462440000, "grossProfitRatio": 0.3504902574, "researchAndDevelopmentExpenses": 0, "generalAndAdministrativeExpenses": 57800000, "sellingAndMarketingExpenses": 0, "sellingGeneralAndAdministrativeExpenses": 57800000, "otherExpenses": 38596000, "operatingExpenses": 96396000, "costAndExpenses": 953365000, "interestIncome": 196000, "interestExpense": 465000, "depreciationAndAmortization": 63951000, "ebitda": 428804000, "ebitdaratio": 0.3249970252, "operatingIncome": 366044000, "operatingIncomeRatio": 0.2774302737, "totalOtherIncomeExpensesNet": -1656000, "incomeBeforeTax": 364388000, "incomeBeforeTaxRatio": 0.2761751663, "incomeTaxExpense": 94812000, "netIncome": 269576000, "netIncomeRatio": 0.2043157201, "eps": 1.16, "epsdiluted": 1.15, "weightedAverageShsOut": 233122484, "weightedAverageShsOutDil": 233122484, "link": "https://www.sec.gov/Archives/edgar/data/878927/000156459021041321/0001564590-21-041321-index.htm", "finalLink": "https://www.sec.gov/Archives/edgar/data/878927/000156459021041321/odfl-10q_20210630.htm"}, {"date": "2021-03-31", "symbol": "ODFL", "reportedCurrency": "USD", "cik": "0000878927", "fillingDate": "2021-05-04", "acceptedDate": "2021-05-04 16:25:17", "calendarYear": "2021", "period": "Q1", "revenue": 1126515000, "costOfRevenue": 768516000, "grossProfit": 357999000, "grossProfitRatio": 0.3177933716, "researchAndDevelopmentExpenses": 0, "generalAndAdministrativeExpenses": 52286000, "sellingAndMarketingExpenses": 0, "sellingGeneralAndAdministrativeExpenses": 52286000, "otherExpenses": 36056000, "operatingExpenses": 88342000, "costAndExpenses": 856858000, "interestIncome": 286000, "interestExpense": 507000, "depreciationAndAmortization": 63991000, "ebitda": 333806000, "ebitdaratio": 0.2963174037, "operatingIncome": 269657000, "operatingIncomeRatio": 0.2393727558, "totalOtherIncomeExpensesNet": -349000, "incomeBeforeTax": 269308000, "incomeBeforeTaxRatio": 0.2390629508, "incomeTaxExpense": 69949000, "netIncome": 199359000, "netIncomeRatio": 0.1769696808, "eps": 0.86, "epsdiluted": 0.85, "weightedAverageShsOut": 234511480, "weightedAverageShsOutDil": 234511480, "link": "https://www.sec.gov/Archives/edgar/data/878927/000156459021023371/0001564590-21-023371-index.htm", "finalLink": "https://www.sec.gov/Archives/edgar/data/878927/000156459021023371/odfl-10q_20210331.htm"}, {"date": "2020-12-31", "symbol": "ODFL", "reportedCurrency": "USD", "cik": "0000878927", "fillingDate": "2021-02-24", "acceptedDate": "2021-02-24 15:53:17", "calendarYear": "2020", "period": "Q4", "revenue": 1073389000, "costOfRevenue": 741769000, "grossProfit": 331620000, "grossProfitRatio": 0.3089467099, "researchAndDevelopmentExpenses": 0, "generalAndAdministrativeExpenses": 41657000, "sellingAndMarketingExpenses": 0, "sellingGeneralAndAdministrativeExpenses": 41657000, "otherExpenses": 35661000, "operatingExpenses": 77318000, "costAndExpenses": 819087000, "interestIncome": 228000, "interestExpense": 846000, "depreciationAndAmortization": 65110000, "ebitda": 319412000, "ebitdaratio": 0.2975733867, "operatingIncome": 254302000, "operatingIncomeRatio": 0.236915042, "totalOtherIncomeExpensesNet": -979000, "incomeBeforeTax": 253323000, "incomeBeforeTaxRatio": 0.2360029775, "incomeTaxExpense": 63491000, "netIncome": 189832000, "netIncomeRatio": 0.1768529396, "eps": 0.81, "epsdiluted": 0.81, "weightedAverageShsOut": 235633496, "weightedAverageShsOutDil": 235774000, "link": "https://www.sec.gov/Archives/edgar/data/878927/000156459021008056/0001564590-21-008056-index.htm", "finalLink": "https://www.sec.gov/Archives/edgar/data/878927/000156459021008056/odfl-10k_20201231.htm"}, {"date": "2020-09-30", "symbol": "ODFL", "reportedCurrency": "USD", "cik": "0000878927", "fillingDate": "2020-11-06", "acceptedDate": "2020-11-06 14:09:59", "calendarYear": "2020", "period": "Q3", "revenue": 1058166000, "costOfRevenue": 705315000, "grossProfit": 352851000, "grossProfitRatio": 0.3334552424, "researchAndDevelopmentExpenses": 0, "generalAndAdministrativeExpenses": 46826000, "sellingAndMarketingExpenses": 0, "sellingGeneralAndAdministrativeExpenses": 46826000, "otherExpenses": 35781000, "operatingExpenses": 82607000, "costAndExpenses": 787922000, "interestIncome": 123000, "interestExpense": 1071000, "depreciationAndAmortization": 64987000, "ebitda": 335231000, "ebitdaratio": 0.3168037907, "operatingIncome": 270244000, "operatingIncomeRatio": 0.255389041, "totalOtherIncomeExpensesNet": -1909000, "incomeBeforeTax": 268335000, "incomeBeforeTaxRatio": 0.2535849763, "incomeTaxExpense": 66467000, "netIncome": 201868000, "netIncomeRatio": 0.1907715803, "eps": 0.86, "epsdiluted": 0.85, "weightedAverageShsOut": 235866880, "weightedAverageShsOutDil": 235866880, "link": "https://www.sec.gov/Archives/edgar/data/878927/000156459020051868/0001564590-20-051868-index.htm", "finalLink": "https://www.sec.gov/Archives/edgar/data/878927/000156459020051868/odfl-10q_20200930.htm"}, {"date": "2020-06-30", "symbol": "ODFL", "reportedCurrency": "USD", "cik": "0000878927", "fillingDate": "2020-08-06", "acceptedDate": "2020-08-06 09:52:47", "calendarYear": "2020", "period": "Q2", "revenue": 896210000, "costOfRevenue": 621036000, "grossProfit": 275174000, "grossProfitRatio": 0.3070418763, "researchAndDevelopmentExpenses": 0, "generalAndAdministrativeExpenses": 44053000, "sellingAndMarketingExpenses": 0, "sellingGeneralAndAdministrativeExpenses": 44053000, "otherExpenses": 31955000, "operatingExpenses": 76008000, "costAndExpenses": 697044000, "interestIncome": 231000, "interestExpense": 765000, "depreciationAndAmortization": 65735000, "ebitda": 265505000, "ebitdaratio": 0.2962531103, "operatingIncome": 199166000, "operatingIncomeRatio": 0.2222313967, "totalOtherIncomeExpensesNet": -161000, "incomeBeforeTax": 199005000, "incomeBeforeTaxRatio": 0.2220517513, "incomeTaxExpense": 51200000, "netIncome": 147805000, "netIncomeRatio": 0.1649222838, "eps": 0.63, "epsdiluted": 0.63, "weightedAverageShsOut": 236488000, "weightedAverageShsOutDil": 236719768, "link": "https://www.sec.gov/Archives/edgar/data/878927/000156459020037340/0001564590-20-037340-index.htm", "finalLink": "https://www.sec.gov/Archives/edgar/data/878927/000156459020037340/odfl-10q_20200630.htm"}, {"date": "2020-03-31", "symbol": "ODFL", "reportedCurrency": "USD", "cik": "0000878927", "fillingDate": "2020-05-05", "acceptedDate": "2020-05-05 10:28:08", "calendarYear": "2020", "period": "Q1", "revenue": 987364000, "costOfRevenue": 718411000, "grossProfit": 268953000, "grossProfitRatio": 0.272394983, "researchAndDevelopmentExpenses": 0, "generalAndAdministrativeExpenses": 51649000, "sellingAndMarketingExpenses": 0, "sellingGeneralAndAdministrativeExpenses": 51649000, "otherExpenses": 34134000, "operatingExpenses": 85783000, "costAndExpenses": 804194000, "interestIncome": 1248000, "interestExpense": 100000, "depreciationAndAmortization": 65435000, "ebitda": 246236000, "ebitdaratio": 0.2493872574, "operatingIncome": 183170000, "operatingIncomeRatio": 0.1855141569, "totalOtherIncomeExpensesNet": -2469000, "incomeBeforeTax": 180701000, "incomeBeforeTaxRatio": 0.1830135593, "incomeTaxExpense": 47524000, "netIncome": 133177000, "netIncomeRatio": 0.1348813609, "eps": 0.56, "epsdiluted": 0.56, "weightedAverageShsOut": 239611144, "weightedAverageShsOutDil": 239611144, "link": "https://www.sec.gov/Archives/edgar/data/878927/000156459020021054/0001564590-20-021054-index.htm", "finalLink": "https://www.sec.gov/Archives/edgar/data/878927/000156459020021054/odfl-10q_20200331.htm"}, {"date": "2019-12-31", "symbol": "ODFL", "reportedCurrency": "USD", "cik": "0000878927", "fillingDate": "2020-02-26", "acceptedDate": "2020-02-26 11:13:04", "calendarYear": "2019", "period": "Q4", "revenue": 1009206000, "costOfRevenue": 732052000, "grossProfit": 277154000, "grossProfitRatio": 0.2746257949, "researchAndDevelopmentExpenses": 0, "generalAndAdministrativeExpenses": 52431000, "sellingAndMarketingExpenses": 0, "sellingGeneralAndAdministrativeExpenses": 52431000, "otherExpenses": 36459000, "operatingExpenses": 88890000, "costAndExpenses": 820942000, "interestIncome": 1797000, "interestExpense": 92000, "depreciationAndAmortization": 64544000, "ebitda": 254230000, "ebitdaratio": 0.2519109082, "operatingIncome": 188264000, "operatingIncomeRatio": 0.1865466515, "totalOtherIncomeExpensesNet": 1330000, "incomeBeforeTax": 189594000, "incomeBeforeTaxRatio": 0.1878645192, "incomeTaxExpense": 45570000, "netIncome": 144024000, "netIncomeRatio": 0.1427102098, "eps": 0.6, "epsdiluted": 0.6, "weightedAverageShsOut": 239598000, "weightedAverageShsOutDil": 239598000, "link": "https://www.sec.gov/Archives/edgar/data/878927/000156459020006626/0001564590-20-006626-index.htm", "finalLink": "https://www.sec.gov/Archives/edgar/data/878927/000156459020006626/odfl-10k_20191231.htm"}, {"date": "2019-09-30", "symbol": "ODFL", "reportedCurrency": "USD", "cik": "0000878927", "fillingDate": "2019-11-04", "acceptedDate": "2019-11-04 14:45:18", "calendarYear": "2019", "period": "Q3", "revenue": 1048457000, "costOfRevenue": 737350000, "grossProfit": 311107000, "grossProfitRatio": 0.2967284304, "researchAndDevelopmentExpenses": 0, "generalAndAdministrativeExpenses": 53011000, "sellingAndMarketingExpenses": 0, "sellingGeneralAndAdministrativeExpenses": 53011000, "otherExpenses": 40569000, "operatingExpenses": 93580000, "costAndExpenses": 830930000, "interestIncome": 1714000, "interestExpense": 3000, "depreciationAndAmortization": 63493000, "ebitda": 281890000, "ebitdaratio": 0.2688617654, "operatingIncome": 217527000, "operatingIncomeRatio": 0.2074734586, "totalOtherIncomeExpensesNet": 867000, "incomeBeforeTax": 218394000, "incomeBeforeTaxRatio": 0.2083003881, "incomeTaxExpense": 54295000, "netIncome": 164099000, "netIncomeRatio": 0.1565147641, "eps": 0.68, "epsdiluted": 0.68, "weightedAverageShsOut": 239641047, "weightedAverageShsOutDil": 239968306, "link": "https://www.sec.gov/Archives/edgar/data/878927/000156459019039710/0001564590-19-039710-index.htm", "finalLink": "https://www.sec.gov/Archives/edgar/data/878927/000156459019039710/odfl-10q_20190930.htm"}, {"date": "2019-06-30", "symbol": "ODFL", "reportedCurrency": "USD", "cik": "0000878927", "fillingDate": "2019-08-07", "acceptedDate": "2019-08-07 14:40:16", "calendarYear": "2019", "period": "Q2", "revenue": 1060666000, "costOfRevenue": 742032000, "grossProfit": 318634000, "grossProfitRatio": 0.3004093654, "researchAndDevelopmentExpenses": 0, "generalAndAdministrativeExpenses": 50112000, "sellingAndMarketingExpenses": 0, "sellingGeneralAndAdministrativeExpenses": 50112000, "otherExpenses": 34033000, "operatingExpenses": 84145000, "costAndExpenses": 826177000, "interestIncome": 1769000, "interestExpense": 160000, "depreciationAndAmortization": 62571000, "ebitda": 298305000, "ebitdaratio": 0.2812431057, "operatingIncome": 234489000, "operatingIncomeRatio": 0.2210771346, "totalOtherIncomeExpensesNet": 1085000, "incomeBeforeTax": 235574000, "incomeBeforeTaxRatio": 0.2221000767, "incomeTaxExpense": 61502000, "netIncome": 174072000, "netIncomeRatio": 0.1641157537, "eps": 0.72, "epsdiluted": 0.72, "weightedAverageShsOut": 241767002, "weightedAverageShsOutDil": 241936092, "link": "https://www.sec.gov/Archives/edgar/data/878927/000156459019029912/0001564590-19-029912-index.htm", "finalLink": "https://www.sec.gov/Archives/edgar/data/878927/000156459019029912/odfl-10q_20190630.htm"}, {"date": "2019-03-31", "symbol": "ODFL", "reportedCurrency": "USD", "cik": "0000878927", "fillingDate": "2019-05-07", "acceptedDate": "2019-05-07 12:26:08", "calendarYear": "2019", "period": "Q1", "revenue": 990782000, "costOfRevenue": 727461000, "grossProfit": 263321000, "grossProfitRatio": 0.2657708759, "researchAndDevelopmentExpenses": 0, "generalAndAdministrativeExpenses": 50571000, "sellingAndMarketingExpenses": 0, "sellingGeneralAndAdministrativeExpenses": 50571000, "otherExpenses": 34324000, "operatingExpenses": 84895000, "costAndExpenses": 812356000, "interestIncome": 1483000, "interestExpense": 122000, "depreciationAndAmortization": 63073000, "ebitda": 243582000, "ebitdaratio": 0.245848229, "operatingIncome": 178426000, "operatingIncomeRatio": 0.1800860331, "totalOtherIncomeExpensesNet": 1961000, "incomeBeforeTax": 180387000, "incomeBeforeTaxRatio": 0.1820652777, "incomeTaxExpense": 47064000, "netIncome": 133323000, "netIncomeRatio": 0.1345634055, "eps": 0.55, "epsdiluted": 0.55, "weightedAverageShsOut": 243099836, "weightedAverageShsOutDil": 243430662, "link": "https://www.sec.gov/Archives/edgar/data/878927/000156459019016333/0001564590-19-016333-index.htm", "finalLink": "https://www.sec.gov/Archives/edgar/data/878927/000156459019016333/odfl-10q_20190331.htm"}, {"date": "2018-12-31", "symbol": "ODFL", "reportedCurrency": "USD", "cik": "0000878927", "fillingDate": "2019-02-27", "acceptedDate": "2019-02-27 11:40:36", "calendarYear": "2018", "period": "Q4", "revenue": 1026944000, "costOfRevenue": 728361000, "grossProfit": 298583000, "grossProfitRatio": 0.2907490574, "researchAndDevelopmentExpenses": 0, "generalAndAdministrativeExpenses": 46082000, "sellingAndMarketingExpenses": 0, "sellingGeneralAndAdministrativeExpenses": 46082000, "otherExpenses": 41828000, "operatingExpenses": 79738000, "costAndExpenses": 808099000, "interestIncome": 1211000, "interestExpense": 138000, "depreciationAndAmortization": 62555000, "ebitda": 280044000, "ebitdaratio": 0.2726964664, "operatingIncome": 218845000, "operatingIncomeRatio": 0.2131031488, "totalOtherIncomeExpensesNet": -1494000, "incomeBeforeTax": 217351000, "incomeBeforeTaxRatio": 0.2116483469, "incomeTaxExpense": 57892000, "netIncome": 159459000, "netIncomeRatio": 0.1552752633, "eps": 0.65, "epsdiluted": 0.65, "weightedAverageShsOut": 244761000, "weightedAverageShsOutDil": 244761000, "link": "https://www.sec.gov/Archives/edgar/data/878927/000156459019004755/0001564590-19-004755-index.htm", "finalLink": "https://www.sec.gov/Archives/edgar/data/878927/000156459019004755/odfl-10k_20181231.htm"}, {"date": "2018-09-30", "symbol": "ODFL", "reportedCurrency": "USD", "cik": "0000878927", "fillingDate": "2018-11-05", "acceptedDate": "2018-11-05 09:33:05", "calendarYear": "2018", "period": "Q3", "revenue": 1058233000, "costOfRevenue": 747529000, "grossProfit": 310704000, "grossProfitRatio": 0.2936064175, "researchAndDevelopmentExpenses": 0, "generalAndAdministrativeExpenses": 51493000, "sellingAndMarketingExpenses": 0, "sellingGeneralAndAdministrativeExpenses": 51493000, "otherExpenses": 30826000, "operatingExpenses": 82319000, "costAndExpenses": 829848000, "interestIncome": 778000, "interestExpense": 29000, "depreciationAndAmortization": 58086000, "ebitda": 287319000, "ebitdaratio": 0.2715082595, "operatingIncome": 228385000, "operatingIncomeRatio": 0.2158173106, "totalOtherIncomeExpensesNet": 819000, "incomeBeforeTax": 229204000, "incomeBeforeTaxRatio": 0.2165912422, "incomeTaxExpense": 55762000, "netIncome": 173442000, "netIncomeRatio": 0.1638977427, "eps": 0.71, "epsdiluted": 0.71, "weightedAverageShsOut": 245656028, "weightedAverageShsOutDil": 245927322, "link": "https://www.sec.gov/Archives/edgar/data/878927/000087892718000054/0000878927-18-000054-index.htm", "finalLink": "https://www.sec.gov/Archives/edgar/data/878927/000087892718000054/odfl2018093010q.htm"}, {"date": "2018-06-30", "symbol": "ODFL", "reportedCurrency": "USD", "cik": "0000878927", "fillingDate": "2018-08-07", "acceptedDate": "2018-08-07 13:19:50", "calendarYear": "2018", "period": "Q2", "revenue": 1033498000, "costOfRevenue": 731094000, "grossProfit": 302404000, "grossProfitRatio": 0.2926024046, "researchAndDevelopmentExpenses": 0, "generalAndAdministrativeExpenses": 48672000, "sellingAndMarketingExpenses": 0, "sellingGeneralAndAdministrativeExpenses": 48672000, "otherExpenses": 33251000, "operatingExpenses": 81923000, "costAndExpenses": 813017000, "interestIncome": 668000, "interestExpense": 11000, "depreciationAndAmortization": 56235000, "ebitda": 277718000, "ebitdaratio": 0.2687165336, "operatingIncome": 220481000, "operatingIncomeRatio": 0.2133347138, "totalOtherIncomeExpensesNet": 991000, "incomeBeforeTax": 221472000, "incomeBeforeTaxRatio": 0.2142935932, "incomeTaxExpense": 58038000, "netIncome": 163434000, "netIncomeRatio": 0.1581367356, "eps": 0.66, "epsdiluted": 0.66, "weightedAverageShsOut": 246395296, "weightedAverageShsOutDil": 246508656, "link": "https://www.sec.gov/Archives/edgar/data/878927/000087892718000042/0000878927-18-000042-index.htm", "finalLink": "https://www.sec.gov/Archives/edgar/data/878927/000087892718000042/odfl2018063010q.htm"}, {"date": "2018-03-31", "symbol": "ODFL", "reportedCurrency": "USD", "cik": "0000878927", "fillingDate": "2018-05-07", "acceptedDate": "2018-05-07 16:01:37", "calendarYear": "2018", "period": "Q1", "revenue": 925020000, "costOfRevenue": 692468000, "grossProfit": 232552000, "grossProfitRatio": 0.2514021318, "researchAndDevelopmentExpenses": 0, "generalAndAdministrativeExpenses": 48121000, "sellingAndMarketingExpenses": 0, "sellingGeneralAndAdministrativeExpenses": 48121000, "otherExpenses": 35091000, "operatingExpenses": 83212000, "costAndExpenses": 775680000, "interestIncome": 456000, "interestExpense": 11000, "depreciationAndAmortization": 53481000, "ebitda": 200978000, "ebitdaratio": 0.2172688158, "operatingIncome": 149340000, "operatingIncomeRatio": 0.1614451579, "totalOtherIncomeExpensesNet": -1854000, "incomeBeforeTax": 147486000, "incomeBeforeTaxRatio": 0.159440877, "incomeTaxExpense": 38153000, "netIncome": 109333000, "netIncomeRatio": 0.1181952823, "eps": 0.44, "epsdiluted": 0.44, "weightedAverageShsOut": 246760691, "weightedAverageShsOutDil": 247068144, "link": "https://www.sec.gov/Archives/edgar/data/878927/000087892718000020/0000878927-18-000020-index.htm", "finalLink": "https://www.sec.gov/Archives/edgar/data/878927/000087892718000020/odfl2018033110q.htm"}, {"date": "2017-12-31", "symbol": "ODFL", "reportedCurrency": "USD", "cik": "0000878927", "fillingDate": "2018-02-27", "acceptedDate": "2018-02-27 12:54:04", "calendarYear": "2017", "period": "Q4", "revenue": 891117000, "costOfRevenue": 667035000, "grossProfit": 224082000, "grossProfitRatio": 0.2514619292, "researchAndDevelopmentExpenses": 0, "generalAndAdministrativeExpenses": 47516000, "sellingAndMarketingExpenses": 0, "sellingGeneralAndAdministrativeExpenses": 47516000, "otherExpenses": 33109000, "operatingExpenses": 80625000, "costAndExpenses": 747660000, "interestIncome": 408000, "interestExpense": 362000, "depreciationAndAmortization": 53093000, "ebitda": 197319000, "ebitdaratio": 0.2214288359, "operatingIncome": 143457000, "operatingIncomeRatio": 0.1609855945, "totalOtherIncomeExpensesNet": 407000, "incomeBeforeTax": 143864000, "incomeBeforeTaxRatio": 0.1614423246, "incomeTaxExpense": -53386000, "netIncome": 197250000, "netIncomeRatio": 0.221351405, "eps": 0.8, "epsdiluted": 0.8, "weightedAverageShsOut": 246846064, "weightedAverageShsOutDil": 247128000, "link": "https://www.sec.gov/Archives/edgar/data/878927/000087892718000005/0000878927-18-000005-index.htm", "finalLink": "https://www.sec.gov/Archives/edgar/data/878927/000087892718000005/a201710-k.htm"}, {"date": "2017-09-30", "symbol": "ODFL", "reportedCurrency": "USD", "cik": "0000878927", "fillingDate": "2017-11-07", "acceptedDate": "2017-11-06 17:38:15", "calendarYear": "2017", "period": "Q3", "revenue": 872987000, "costOfRevenue": 634033000, "grossProfit": 238954000, "grossProfitRatio": 0.2737199981, "researchAndDevelopmentExpenses": 0, "generalAndAdministrativeExpenses": 45975000, "sellingAndMarketingExpenses": 0, "sellingGeneralAndAdministrativeExpenses": 45975000, "otherExpenses": 29104000, "operatingExpenses": 75079000, "costAndExpenses": 709112000, "interestIncome": 228000, "interestExpense": 555000, "depreciationAndAmortization": 51934000, "ebitda": 217014000, "ebitdaratio": 0.2485878942, "operatingIncome": 163875000, "operatingIncomeRatio": 0.187717572, "totalOtherIncomeExpensesNet": 650000, "incomeBeforeTax": 164525000, "incomeBeforeTaxRatio": 0.188462142, "incomeTaxExpense": 62211000, "netIncome": 102314000, "netIncomeRatio": 0.1171999125, "eps": 0.41, "epsdiluted": 0.41, "weightedAverageShsOut": 247142808, "weightedAverageShsOutDil": 247142808, "link": "https://www.sec.gov/Archives/edgar/data/878927/000087892717000035/0000878927-17-000035-index.htm", "finalLink": "https://www.sec.gov/Archives/edgar/data/878927/000087892717000035/odfl2017093010q.htm"}, {"date": "2017-06-30", "symbol": "ODFL", "reportedCurrency": "USD", "cik": "0000878927", "fillingDate": "2017-08-07", "acceptedDate": "2017-08-07 15:36:12", "calendarYear": "2017", "period": "Q2", "revenue": 839912000, "costOfRevenue": 603775000, "grossProfit": 236137000, "grossProfitRatio": 0.2811449295, "researchAndDevelopmentExpenses": 0, "generalAndAdministrativeExpenses": 44619000, "sellingAndMarketingExpenses": 0, "sellingGeneralAndAdministrativeExpenses": 44619000, "otherExpenses": 31086000, "operatingExpenses": 75705000, "costAndExpenses": 679480000, "interestIncome": 69000, "interestExpense": 642000, "depreciationAndAmortization": 50449000, "ebitda": 211381000, "ebitdaratio": 0.2516704131, "operatingIncome": 160432000, "operatingIncomeRatio": 0.1910104868, "totalOtherIncomeExpensesNet": -142000, "incomeBeforeTax": 160290000, "incomeBeforeTaxRatio": 0.1908414215, "incomeTaxExpense": 61872000, "netIncome": 98418000, "netIncomeRatio": 0.1171765614, "eps": 0.4, "epsdiluted": 0.4, "weightedAverageShsOut": 247283925, "weightedAverageShsOutDil": 247283925, "link": "https://www.sec.gov/Archives/edgar/data/878927/000087892717000027/0000878927-17-000027-index.htm", "finalLink": "https://www.sec.gov/Archives/edgar/data/878927/000087892717000027/odfl2017063010q.htm"}, {"date": "2017-03-31", "symbol": "ODFL", "reportedCurrency": "USD", "cik": "0000878927", "fillingDate": "2017-05-10", "acceptedDate": "2017-05-10 12:31:58", "calendarYear": "2017", "period": "Q1", "revenue": 754096000, "costOfRevenue": 577889000, "grossProfit": 176207000, "grossProfitRatio": 0.2336665358, "researchAndDevelopmentExpenses": 0, "generalAndAdministrativeExpenses": 39095000, "sellingAndMarketingExpenses": 0, "sellingGeneralAndAdministrativeExpenses": 39095000, "otherExpenses": 28990000, "operatingExpenses": 68085000, "costAndExpenses": 645974000, "interestIncome": 35000, "interestExpense": 595000, "depreciationAndAmortization": 50287000, "ebitda": 158035000, "ebitdaratio": 0.2095688082, "operatingIncome": 108122000, "operatingIncomeRatio": 0.1433796228, "totalOtherIncomeExpensesNet": -969000, "incomeBeforeTax": 107153000, "incomeBeforeTaxRatio": 0.1420946405, "incomeTaxExpense": 41361000, "netIncome": 65792000, "netIncomeRatio": 0.0872461862, "eps": 0.27, "epsdiluted": 0.27, "weightedAverageShsOut": 247047646, "weightedAverageShsOutDil": 247333374, "link": "https://www.sec.gov/Archives/edgar/data/878927/000087892717000015/0000878927-17-000015-index.htm", "finalLink": "https://www.sec.gov/Archives/edgar/data/878927/000087892717000015/odfl2017033110q.htm"}, {"date": "2016-12-31", "symbol": "ODFL", "reportedCurrency": "USD", "cik": "0000878927", "fillingDate": "2017-02-27", "acceptedDate": "2017-02-27 16:50:23", "calendarYear": "2016", "period": "Q4", "revenue": 745738000, "costOfRevenue": 571258000, "grossProfit": 174480000, "grossProfitRatio": 0.2339695711, "researchAndDevelopmentExpenses": 0, "generalAndAdministrativeExpenses": 35312000, "sellingAndMarketingExpenses": 0, "sellingGeneralAndAdministrativeExpenses": 35312000, "otherExpenses": 25721000, "operatingExpenses": 61033000, "costAndExpenses": 632291000, "interestIncome": 20000, "interestExpense": 954000, "depreciationAndAmortization": 49574000, "ebitda": 161849000, "ebitdaratio": 0.2170319871, "operatingIncome": 113447000, "operatingIncomeRatio": 0.1521271546, "totalOtherIncomeExpensesNet": -2126000, "incomeBeforeTax": 111321000, "incomeBeforeTaxRatio": 0.1492762874, "incomeTaxExpense": 42810000, "netIncome": 68511000, "netIncomeRatio": 0.091870067, "eps": 0.28, "epsdiluted": 0.28, "weightedAverageShsOut": 247350000, "weightedAverageShsOutDil": 247350000, "link": "https://www.sec.gov/Archives/edgar/data/878927/000087892717000005/0000878927-17-000005-index.htm", "finalLink": "https://www.sec.gov/Archives/edgar/data/878927/000087892717000005/a201610-k.htm"}, {"date": "2016-09-30", "symbol": "ODFL", "reportedCurrency": "USD", "cik": "0000878927", "fillingDate": "2016-11-07", "acceptedDate": "2016-11-07 10:40:27", "calendarYear": "2016", "period": "Q3", "revenue": 782611000, "costOfRevenue": 578271000, "grossProfit": 204340000, "grossProfitRatio": 0.2611003423, "researchAndDevelopmentExpenses": 0, "generalAndAdministrativeExpenses": 39220000, "sellingAndMarketingExpenses": 0, "sellingGeneralAndAdministrativeExpenses": 39220000, "otherExpenses": 27716000, "operatingExpenses": 66936000, "costAndExpenses": 645207000, "interestIncome": 10000, "interestExpense": 1131000, "depreciationAndAmortization": 49041000, "ebitda": 186449000, "ebitdaratio": 0.2382396874, "operatingIncome": 137404000, "operatingIncomeRatio": 0.1755712608, "totalOtherIncomeExpensesNet": -1127000, "incomeBeforeTax": 136277000, "incomeBeforeTaxRatio": 0.1741312095, "incomeTaxExpense": 50696000, "netIncome": 85581000, "netIncomeRatio": 0.109353178, "eps": 0.34, "epsdiluted": 0.34, "weightedAverageShsOut": 248434113, "weightedAverageShsOutDil": 248434113, "link": "https://www.sec.gov/Archives/edgar/data/878927/000087892716000089/0000878927-16-000089-index.htm", "finalLink": "https://www.sec.gov/Archives/edgar/data/878927/000087892716000089/odfl2016093010q.htm"}, {"date": "2016-06-30", "symbol": "ODFL", "reportedCurrency": "USD", "cik": "0000878927", "fillingDate": "2016-08-08", "acceptedDate": "2016-08-08 16:46:25", "calendarYear": "2016", "period": "Q2", "revenue": 755435000, "costOfRevenue": 555579000, "grossProfit": 199856000, "grossProfitRatio": 0.2645575066, "researchAndDevelopmentExpenses": 0, "generalAndAdministrativeExpenses": 39468000, "sellingAndMarketingExpenses": 0, "sellingGeneralAndAdministrativeExpenses": 39468000, "otherExpenses": 26952000, "operatingExpenses": 66420000, "costAndExpenses": 621999000, "interestIncome": 12000, "interestExpense": 1064000, "depreciationAndAmortization": 46480000, "ebitda": 179668000, "ebitdaratio": 0.2378338308, "operatingIncome": 133436000, "operatingIncomeRatio": 0.1766346542, "totalOtherIncomeExpensesNet": -1312000, "incomeBeforeTax": 132124000, "incomeBeforeTaxRatio": 0.1748979065, "incomeTaxExpense": 50736000, "netIncome": 81388000, "netIncomeRatio": 0.1077366021, "eps": 0.33, "epsdiluted": 0.33, "weightedAverageShsOut": 250062217, "weightedAverageShsOutDil": 250144287, "link": "https://www.sec.gov/Archives/edgar/data/878927/000087892716000079/0000878927-16-000079-index.htm", "finalLink": "https://www.sec.gov/Archives/edgar/data/878927/000087892716000079/odfl2016063010q.htm"}, {"date": "2016-03-31", "symbol": "ODFL", "reportedCurrency": "USD", "cik": "0000878927", "fillingDate": "2016-05-06", "acceptedDate": "2016-05-06 14:05:41", "calendarYear": "2016", "period": "Q1", "revenue": 707733000, "costOfRevenue": 541782000, "grossProfit": 165951000, "grossProfitRatio": 0.2344824955, "researchAndDevelopmentExpenses": 0, "generalAndAdministrativeExpenses": 38391000, "sellingAndMarketingExpenses": 0, "sellingGeneralAndAdministrativeExpenses": 38391000, "otherExpenses": 28012000, "operatingExpenses": 66403000, "costAndExpenses": 608185000, "interestIncome": 16000, "interestExpense": 1183000, "depreciationAndAmortization": 44772000, "ebitda": 143820000, "ebitdaratio": 0.2032122283, "operatingIncome": 99548000, "operatingIncomeRatio": 0.1406575644, "totalOtherIncomeExpensesNet": -1683000, "incomeBeforeTax": 97865000, "incomeBeforeTaxRatio": 0.1382795489, "incomeTaxExpense": 37580000, "netIncome": 60285000, "netIncomeRatio": 0.0851804282, "eps": 0.24, "epsdiluted": 0.24, "weightedAverageShsOut": 251949084, "weightedAverageShsOutDil": 251949084, "link": "https://www.sec.gov/Archives/edgar/data/878927/000087892716000066/0000878927-16-000066-index.htm", "finalLink": "https://www.sec.gov/Archives/edgar/data/878927/000087892716000066/odfl2016033110q.htm"}, {"date": "2015-12-31", "symbol": "ODFL", "reportedCurrency": "USD", "cik": "0000878927", "fillingDate": "2016-02-29", "acceptedDate": "2016-02-29 12:08:12", "calendarYear": "2015", "period": "Q4", "revenue": 734572000, "costOfRevenue": 560964000, "grossProfit": 173608000, "grossProfitRatio": 0.2363389838, "researchAndDevelopmentExpenses": 0, "generalAndAdministrativeExpenses": 33100000, "sellingAndMarketingExpenses": 0, "sellingGeneralAndAdministrativeExpenses": 33100000, "otherExpenses": 26586000, "operatingExpenses": 59686000, "costAndExpenses": 620650000, "interestIncome": 22000, "interestExpense": 1309000, "depreciationAndAmortization": 44223000, "ebitda": 157489000, "ebitdaratio": 0.2143955936, "operatingIncome": 113922000, "operatingIncomeRatio": 0.1550862271, "totalOtherIncomeExpensesNet": -1965000, "incomeBeforeTax": 111957000, "incomeBeforeTaxRatio": 0.1524112, "incomeTaxExpense": 39733000, "netIncome": 72224000, "netIncomeRatio": 0.0983211993, "eps": 0.28, "epsdiluted": 0.28, "weightedAverageShsOut": 253755000, "weightedAverageShsOutDil": 253755000, "link": "https://www.sec.gov/Archives/edgar/data/878927/000087892716000055/0000878927-16-000055-index.htm", "finalLink": "https://www.sec.gov/Archives/edgar/data/878927/000087892716000055/a201510-k.htm"}, {"date": "2015-09-30", "symbol": "ODFL", "reportedCurrency": "USD", "cik": "0000878927", "fillingDate": "2015-11-09", "acceptedDate": "2015-11-09 12:10:57", "calendarYear": "2015", "period": "Q3", "revenue": 779474000, "costOfRevenue": 570514000, "grossProfit": 208960000, "grossProfitRatio": 0.2680782168, "researchAndDevelopmentExpenses": 0, "generalAndAdministrativeExpenses": 42025000, "sellingAndMarketingExpenses": 0, "sellingGeneralAndAdministrativeExpenses": 42025000, "otherExpenses": 27081000, "operatingExpenses": 69106000, "costAndExpenses": 639620000, "interestIncome": 33000, "interestExpense": 1163000, "depreciationAndAmortization": 42561000, "ebitda": 180582000, "ebitdaratio": 0.2316716144, "operatingIncome": 139854000, "operatingIncomeRatio": 0.1794209942, "totalOtherIncomeExpensesNet": -2996000, "incomeBeforeTax": 136858000, "incomeBeforeTaxRatio": 0.1755773765, "incomeTaxExpense": 52490000, "netIncome": 84368000, "netIncomeRatio": 0.1082370932, "eps": 0.33, "epsdiluted": 0.33, "weightedAverageShsOut": 255742401, "weightedAverageShsOutDil": 255742401, "link": "https://www.sec.gov/Archives/edgar/data/878927/000087892715000044/0000878927-15-000044-index.htm", "finalLink": "https://www.sec.gov/Archives/edgar/data/878927/000087892715000044/odfl2015093010q.htm"}, {"date": "2015-06-30", "symbol": "ODFL", "reportedCurrency": "USD", "cik": "0000878927", "fillingDate": "2015-08-06", "acceptedDate": "2015-08-06 16:39:25", "calendarYear": "2015", "period": "Q2", "revenue": 762151000, "costOfRevenue": 555760000, "grossProfit": 206391000, "grossProfitRatio": 0.2708006681, "researchAndDevelopmentExpenses": 0, "generalAndAdministrativeExpenses": 40355000, "sellingAndMarketingExpenses": 0, "sellingGeneralAndAdministrativeExpenses": 40355000, "otherExpenses": 25137000, "operatingExpenses": 65492000, "costAndExpenses": 621252000, "interestIncome": 83000, "interestExpense": 1169000, "depreciationAndAmortization": 39771000, "ebitda": 180312000, "ebitdaratio": 0.2365830393, "operatingIncome": 140899000, "operatingIncomeRatio": 0.1848701898, "totalOtherIncomeExpensesNet": -1527000, "incomeBeforeTax": 139372000, "incomeBeforeTaxRatio": 0.1828666498, "incomeTaxExpense": 53798000, "netIncome": 85574000, "netIncomeRatio": 0.1122795876, "eps": 0.33, "epsdiluted": 0.33, "weightedAverageShsOut": 257180798, "weightedAverageShsOutDil": 257180798, "link": "https://www.sec.gov/Archives/edgar/data/878927/000087892715000035/0000878927-15-000035-index.htm", "finalLink": "https://www.sec.gov/Archives/edgar/data/878927/000087892715000035/odfl2015063010q.htm"}, {"date": "2015-03-31", "symbol": "ODFL", "reportedCurrency": "USD", "cik": "0000878927", "fillingDate": "2015-05-07", "acceptedDate": "2015-05-07 10:46:42", "calendarYear": "2015", "period": "Q1", "revenue": 696245000, "costOfRevenue": 527705000, "grossProfit": 168540000, "grossProfitRatio": 0.242069961, "researchAndDevelopmentExpenses": 0, "generalAndAdministrativeExpenses": 38109000, "sellingAndMarketingExpenses": 0, "sellingGeneralAndAdministrativeExpenses": 38109000, "otherExpenses": 26866000, "operatingExpenses": 64975000, "costAndExpenses": 592680000, "interestIncome": 71000, "interestExpense": 1569000, "depreciationAndAmortization": 38788000, "ebitda": 142187000, "ebitdaratio": 0.204219779, "operatingIncome": 103565000, "operatingIncomeRatio": 0.1487479264, "totalOtherIncomeExpensesNet": -1735000, "incomeBeforeTax": 101830000, "incomeBeforeTaxRatio": 0.1462559875, "incomeTaxExpense": 39306000, "netIncome": 62524000, "netIncomeRatio": 0.0898017221, "eps": 0.24, "epsdiluted": 0.24, "weightedAverageShsOut": 257912487, "weightedAverageShsOutDil": 257912487, "link": "https://www.sec.gov/Archives/edgar/data/878927/000087892715000017/0000878927-15-000017-index.htm", "finalLink": "https://www.sec.gov/Archives/edgar/data/878927/000087892715000017/odfl2015033110q.htm"}, {"date": "2014-12-31", "symbol": "ODFL", "reportedCurrency": "USD", "cik": "0000878927", "fillingDate": "2015-02-26", "acceptedDate": "2015-02-26 12:11:44", "calendarYear": "2014", "period": "Q4", "revenue": 721048000, "costOfRevenue": 545916000, "grossProfit": 175132000, "grossProfitRatio": 0.2428853558, "researchAndDevelopmentExpenses": 0, "generalAndAdministrativeExpenses": 35779000, "sellingAndMarketingExpenses": 0, "sellingGeneralAndAdministrativeExpenses": 35779000, "otherExpenses": 27055000, "operatingExpenses": 62834000, "costAndExpenses": 608750000, "interestIncome": 30000, "interestExpense": 1449000, "depreciationAndAmortization": 39546000, "ebitda": 151344000, "ebitdaratio": 0.2098944869, "operatingIncome": 112298000, "operatingIncomeRatio": 0.1557427522, "totalOtherIncomeExpensesNet": -1949000, "incomeBeforeTax": 110349000, "incomeBeforeTaxRatio": 0.1530397422, "incomeTaxExpense": 40480000, "netIncome": 69869000, "netIncomeRatio": 0.0968992356, "eps": 0.27, "epsdiluted": 0.27, "weightedAverageShsOut": 258462000, "weightedAverageShsOutDil": 258462000, "link": "https://www.sec.gov/Archives/edgar/data/878927/000087892715000006/0000878927-15-000006-index.htm", "finalLink": "https://www.sec.gov/Archives/edgar/data/878927/000087892715000006/a201410-k.htm"}, {"date": "2014-09-30", "symbol": "ODFL", "reportedCurrency": "USD", "cik": "0000878927", "fillingDate": "2014-11-05", "acceptedDate": "2014-11-05 15:20:06", "calendarYear": "2014", "period": "Q3", "revenue": 743586000, "costOfRevenue": 550267000, "grossProfit": 193319000, "grossProfitRatio": 0.259982033, "researchAndDevelopmentExpenses": 0, "generalAndAdministrativeExpenses": 38369000, "sellingAndMarketingExpenses": 0, "sellingGeneralAndAdministrativeExpenses": 38369000, "otherExpenses": 28688000, "operatingExpenses": 67057000, "costAndExpenses": 617324000, "interestIncome": 19000, "interestExpense": 1463000, "depreciationAndAmortization": 37707000, "ebitda": 163037000, "ebitdaratio": 0.219257759, "operatingIncome": 126262000, "operatingIncomeRatio": 0.1698014756, "totalOtherIncomeExpensesNet": -2395000, "incomeBeforeTax": 123867000, "incomeBeforeTaxRatio": 0.1665805973, "incomeTaxExpense": 45958000, "netIncome": 77909000, "netIncomeRatio": 0.1047746999, "eps": 0.3, "epsdiluted": 0.3, "weightedAverageShsOut": 258494751, "weightedAverageShsOutDil": 258494751, "link": "https://www.sec.gov/Archives/edgar/data/878927/000087892714000042/0000878927-14-000042-index.htm", "finalLink": "https://www.sec.gov/Archives/edgar/data/878927/000087892714000042/odfl2014093010q.htm"}, {"date": "2014-06-30", "symbol": "ODFL", "reportedCurrency": "USD", "cik": "0000878927", "fillingDate": "2014-08-07", "acceptedDate": "2014-08-07 12:20:56", "calendarYear": "2014", "period": "Q2", "revenue": 702987000, "costOfRevenue": 521017000, "grossProfit": 181970000, "grossProfitRatio": 0.2588525819, "researchAndDevelopmentExpenses": 0, "generalAndAdministrativeExpenses": 36827000, "sellingAndMarketingExpenses": 0, "sellingGeneralAndAdministrativeExpenses": 36827000, "otherExpenses": 22448000, "operatingExpenses": 59275000, "costAndExpenses": 580292000, "interestIncome": 26000, "interestExpense": 1622000, "depreciationAndAmortization": 35121000, "ebitda": 157807000, "ebitdaratio": 0.2244806803, "operatingIncome": 122695000, "operatingIncomeRatio": 0.1745338107, "totalOtherIncomeExpensesNet": -1631000, "incomeBeforeTax": 121064000, "incomeBeforeTaxRatio": 0.1722137109, "incomeTaxExpense": 47215000, "netIncome": 73849000, "netIncomeRatio": 0.1050503068, "eps": 0.29, "epsdiluted": 0.29, "weightedAverageShsOut": 258494751, "weightedAverageShsOutDil": 258494751, "link": "https://www.sec.gov/Archives/edgar/data/878927/000087892714000034/0000878927-14-000034-index.htm", "finalLink": "https://www.sec.gov/Archives/edgar/data/878927/000087892714000034/odfl2014063010q.htm"}, {"date": "2014-03-31", "symbol": "ODFL", "reportedCurrency": "USD", "cik": "0000878927", "fillingDate": "2014-05-06", "acceptedDate": "2014-05-06 15:21:58", "calendarYear": "2014", "period": "Q1", "revenue": 620276000, "costOfRevenue": 483209000, "grossProfit": 137067000, "grossProfitRatio": 0.2209774359, "researchAndDevelopmentExpenses": 0, "generalAndAdministrativeExpenses": 33842000, "sellingAndMarketingExpenses": 0, "sellingGeneralAndAdministrativeExpenses": 33842000, "otherExpenses": 23173000, "operatingExpenses": 57015000, "costAndExpenses": 540224000, "interestIncome": 33000, "interestExpense": 2076000, "depreciationAndAmortization": 34092000, "ebitda": 113402000, "ebitdaratio": 0.182825065, "operatingIncome": 80052000, "operatingIncomeRatio": 0.1290586771, "totalOtherIncomeExpensesNet": -2818000, "incomeBeforeTax": 77234000, "incomeBeforeTaxRatio": 0.1245155382, "incomeTaxExpense": 31347000, "netIncome": 45887000, "netIncomeRatio": 0.073978358, "eps": 0.18, "epsdiluted": 0.18, "weightedAverageShsOut": 258494751, "weightedAverageShsOutDil": 258494751, "link": "https://www.sec.gov/Archives/edgar/data/878927/000087892714000020/0000878927-14-000020-index.htm", "finalLink": "https://www.sec.gov/Archives/edgar/data/878927/000087892714000020/odfl2014033110q.htm"}, {"date": "2013-12-31", "symbol": "ODFL", "reportedCurrency": "USD", "cik": "0000878927", "fillingDate": "2014-02-28", "acceptedDate": "2014-02-28 15:54:29", "calendarYear": "2013", "period": "Q4", "revenue": 592470000, "costOfRevenue": 469916000, "grossProfit": 122554000, "grossProfitRatio": 0.2068526676, "researchAndDevelopmentExpenses": 0, "generalAndAdministrativeExpenses": 29624000, "sellingAndMarketingExpenses": 0, "sellingGeneralAndAdministrativeExpenses": 29624000, "otherExpenses": 16085000, "operatingExpenses": 45709000, "costAndExpenses": 515625000, "interestIncome": 46000, "interestExpense": 2338000, "depreciationAndAmortization": 33807000, "ebitda": 111216000, "ebitdaratio": 0.1877158337, "operatingIncome": 76845000, "operatingIncomeRatio": 0.1297027698, "totalOtherIncomeExpensesNet": -1774000, "incomeBeforeTax": 75071000, "incomeBeforeTaxRatio": 0.1267085253, "incomeTaxExpense": 27915000, "netIncome": 47156000, "netIncomeRatio": 0.0795922156, "eps": 0.18, "epsdiluted": 0.18, "weightedAverageShsOut": 258495000, "weightedAverageShsOutDil": 258495000, "link": "https://www.sec.gov/Archives/edgar/data/878927/000087892714000010/0000878927-14-000010-index.htm", "finalLink": "https://www.sec.gov/Archives/edgar/data/878927/000087892714000010/a201310-k.htm"}, {"date": "2013-09-30", "symbol": "ODFL", "reportedCurrency": "USD", "cik": "0000878927", "fillingDate": "2013-11-08", "acceptedDate": "2013-11-08 15:43:55", "calendarYear": "2013", "period": "Q3", "revenue": 616458000, "costOfRevenue": 464908000, "grossProfit": 151550000, "grossProfitRatio": 0.2458399437, "researchAndDevelopmentExpenses": 0, "generalAndAdministrativeExpenses": 32432000, "sellingAndMarketingExpenses": 0, "sellingGeneralAndAdministrativeExpenses": 32432000, "otherExpenses": 21042000, "operatingExpenses": 53474000, "costAndExpenses": 518382000, "interestIncome": 45000, "interestExpense": 2479000, "depreciationAndAmortization": 32914000, "ebitda": 130646000, "ebitdaratio": 0.2119300909, "operatingIncome": 98076000, "operatingIncomeRatio": 0.1590959968, "totalOtherIncomeExpensesNet": -2823000, "incomeBeforeTax": 95253000, "incomeBeforeTaxRatio": 0.1545166094, "incomeTaxExpense": 35104000, "netIncome": 60149000, "netIncomeRatio": 0.0975719352, "eps": 0.23, "epsdiluted": 0.23, "weightedAverageShsOut": 258494751, "weightedAverageShsOutDil": 258494751, "link": "https://www.sec.gov/Archives/edgar/data/878927/000087892713000046/0000878927-13-000046-index.htm", "finalLink": "https://www.sec.gov/Archives/edgar/data/878927/000087892713000046/odfl2013093010q.htm"}, {"date": "2013-06-30", "symbol": "ODFL", "reportedCurrency": "USD", "cik": "0000878927", "fillingDate": "2013-08-08", "acceptedDate": "2013-08-08 15:07:47", "calendarYear": "2013", "period": "Q2", "revenue": 590304000, "costOfRevenue": 443723000, "grossProfit": 146581000, "grossProfitRatio": 0.2483144278, "researchAndDevelopmentExpenses": 0, "generalAndAdministrativeExpenses": 31009000, "sellingAndMarketingExpenses": 0, "sellingGeneralAndAdministrativeExpenses": 31009000, "otherExpenses": 17999000, "operatingExpenses": 49008000, "costAndExpenses": 492731000, "interestIncome": 42000, "interestExpense": 2403000, "depreciationAndAmortization": 30517000, "ebitda": 127798000, "ebitdaratio": 0.2164952296, "operatingIncome": 97573000, "operatingIncomeRatio": 0.1652927983, "totalOtherIncomeExpensesNet": -2695000, "incomeBeforeTax": 94878000, "incomeBeforeTaxRatio": 0.160727354, "incomeTaxExpense": 36623000, "netIncome": 58255000, "netIncomeRatio": 0.0986864395, "eps": 0.23, "epsdiluted": 0.23, "weightedAverageShsOut": 258494751, "weightedAverageShsOutDil": 258494751, "link": "https://www.sec.gov/Archives/edgar/data/878927/000087892713000039/0000878927-13-000039-index.htm", "finalLink": "https://www.sec.gov/Archives/edgar/data/878927/000087892713000039/odfl2013063010q.htm"}, {"date": "2013-03-31", "symbol": "ODFL", "reportedCurrency": "USD", "cik": "0000878927", "fillingDate": "2013-05-08", "acceptedDate": "2013-05-08 16:21:33", "calendarYear": "2013", "period": "Q1", "revenue": 538416000, "costOfRevenue": 422854000, "grossProfit": 115562000, "grossProfitRatio": 0.2146332947, "researchAndDevelopmentExpenses": 0, "generalAndAdministrativeExpenses": 30752000, "sellingAndMarketingExpenses": 0, "sellingGeneralAndAdministrativeExpenses": 30752000, "otherExpenses": 18866000, "operatingExpenses": 49618000, "costAndExpenses": 472472000, "interestIncome": 14000, "interestExpense": 2400000, "depreciationAndAmortization": 29834000, "ebitda": 95718000, "ebitdaratio": 0.1777770349, "operatingIncome": 65944000, "operatingIncomeRatio": 0.1224777867, "totalOtherIncomeExpensesNet": -2460000, "incomeBeforeTax": 63484000, "incomeBeforeTaxRatio": 0.1179088289, "incomeTaxExpense": 22931000, "netIncome": 40553000, "netIncomeRatio": 0.0753190841, "eps": 0.16, "epsdiluted": 0.16, "weightedAverageShsOut": 258494751, "weightedAverageShsOutDil": 258494751, "link": "https://www.sec.gov/Archives/edgar/data/878927/000087892713000025/0000878927-13-000025-index.htm", "finalLink": "https://www.sec.gov/Archives/edgar/data/878927/000087892713000025/odfl2013033110q.htm"}, {"date": "2012-12-31", "symbol": "ODFL", "reportedCurrency": "USD", "cik": "0000878927", "fillingDate": "2013-02-28", "acceptedDate": "2013-02-28 17:11:59", "calendarYear": "2012", "period": "Q4", "revenue": 527345000, "costOfRevenue": 1253336000, "grossProfit": -725991000, "grossProfitRatio": -1.3766907812, "researchAndDevelopmentExpenses": 0, "generalAndAdministrativeExpenses": -781770000, "sellingAndMarketingExpenses": 0, "sellingGeneralAndAdministrativeExpenses": -781770000, "otherExpenses": -11737000, "operatingExpenses": -785673000, "costAndExpenses": 467663000, "interestIncome": 6000, "interestExpense": 2755000, "depreciationAndAmortization": 29948000, "ebitda": 96982000, "ebitdaratio": 0.1839061715, "operatingIncome": 67516000, "operatingIncomeRatio": 0.1280300373, "totalOtherIncomeExpensesNet": -3237000, "incomeBeforeTax": 64279000, "incomeBeforeTaxRatio": 0.1218917407, "incomeTaxExpense": 24798000, "netIncome": 39481000, "netIncomeRatio": 0.0748674966, "eps": 0.16, "epsdiluted": 0.16, "weightedAverageShsOut": 258495000, "weightedAverageShsOutDil": 258495000, "link": "https://www.sec.gov/Archives/edgar/data/878927/000087892713000012/0000878927-13-000012-index.htm", "finalLink": "https://www.sec.gov/Archives/edgar/data/878927/000087892713000012/a10-k.htm"}, {"date": "2012-09-30", "symbol": "ODFL", "reportedCurrency": "USD", "cik": "0000878927", "fillingDate": "2012-11-06", "acceptedDate": "2012-11-06 14:32:52", "calendarYear": "2012", "period": "Q3", "revenue": 550511000, "costOfRevenue": 422011000, "grossProfit": 128500000, "grossProfitRatio": 0.2334194957, "researchAndDevelopmentExpenses": 0, "generalAndAdministrativeExpenses": 27846000, "sellingAndMarketingExpenses": 0, "sellingGeneralAndAdministrativeExpenses": 27846000, "otherExpenses": 19722000, "operatingExpenses": 47568000, "costAndExpenses": 469579000, "interestIncome": 22000, "interestExpense": 2882000, "depreciationAndAmortization": 28727000, "ebitda": 109970000, "ebitdaratio": 0.1997598595, "operatingIncome": 80932000, "operatingIncomeRatio": 0.1470125029, "totalOtherIncomeExpensesNet": -2571000, "incomeBeforeTax": 78361000, "incomeBeforeTaxRatio": 0.1423422965, "incomeTaxExpense": 27317000, "netIncome": 51044000, "netIncomeRatio": 0.0927211264, "eps": 0.2, "epsdiluted": 0.2, "weightedAverageShsOut": 258495000, "weightedAverageShsOutDil": 258495000, "link": "https://www.sec.gov/Archives/edgar/data/878927/000087892712000040/0000878927-12-000040-index.htm", "finalLink": "https://www.sec.gov/Archives/edgar/data/878927/000087892712000040/odfl2012093010q.htm"}, {"date": "2012-06-30", "symbol": "ODFL", "reportedCurrency": "USD", "cik": "0000878927", "fillingDate": "2012-08-09", "acceptedDate": "2012-08-09 14:16:32", "calendarYear": "2012", "period": "Q2", "revenue": 547452000, "costOfRevenue": 416766000, "grossProfit": 130686000, "grossProfitRatio": 0.238716819, "researchAndDevelopmentExpenses": 0, "generalAndAdministrativeExpenses": 28288000, "sellingAndMarketingExpenses": 0, "sellingGeneralAndAdministrativeExpenses": 28288000, "otherExpenses": 19810000, "operatingExpenses": 48098000, "costAndExpenses": 464864000, "interestIncome": 33000, "interestExpense": 2685000, "depreciationAndAmortization": 26524000, "ebitda": 108270000, "ebitdaratio": 0.1977707635, "operatingIncome": 82588000, "operatingIncomeRatio": 0.1508588881, "totalOtherIncomeExpensesNet": -3527000, "incomeBeforeTax": 79061000, "incomeBeforeTaxRatio": 0.1444163141, "incomeTaxExpense": 31229000, "netIncome": 47832000, "netIncomeRatio": 0.0873720436, "eps": 0.19, "epsdiluted": 0.19, "weightedAverageShsOut": 258493500, "weightedAverageShsOutDil": 258493500, "link": "https://www.sec.gov/Archives/edgar/data/878927/000087892712000029/0000878927-12-000029-index.htm", "finalLink": "https://www.sec.gov/Archives/edgar/data/878927/000087892712000029/odfl2012063010q.htm"}, {"date": "2012-03-31", "symbol": "ODFL", "reportedCurrency": "USD", "cik": "0000878927", "fillingDate": "2012-05-08", "acceptedDate": "2012-05-08 13:04:28", "calendarYear": "2012", "period": "Q1", "revenue": 497140000, "costOfRevenue": 397248000, "grossProfit": 99892000, "grossProfitRatio": 0.2009333387, "researchAndDevelopmentExpenses": 0, "generalAndAdministrativeExpenses": 26689000, "sellingAndMarketingExpenses": 0, "sellingGeneralAndAdministrativeExpenses": 26689000, "otherExpenses": 18985000, "operatingExpenses": 45674000, "costAndExpenses": 442922000, "interestIncome": 52000, "interestExpense": 3219000, "depreciationAndAmortization": 25544000, "ebitda": 80160000, "ebitdaratio": 0.161242306, "operatingIncome": 54218000, "operatingIncomeRatio": 0.1090598222, "totalOtherIncomeExpensesNet": -2821000, "incomeBeforeTax": 51397000, "incomeBeforeTaxRatio": 0.1033853643, "incomeTaxExpense": 20302000, "netIncome": 31095000, "netIncomeRatio": 0.0625477733, "eps": 0.12, "epsdiluted": 0.12, "weightedAverageShsOut": 258493500, "weightedAverageShsOutDil": 258493500, "link": "https://www.sec.gov/Archives/edgar/data/878927/000087892712000010/0000878927-12-000010-index.htm", "finalLink": "https://www.sec.gov/Archives/edgar/data/878927/000087892712000010/odfl2012033110q.htm"}, {"date": "2011-12-31", "symbol": "ODFL", "reportedCurrency": "USD", "cik": "0000878927", "fillingDate": "2012-02-29", "acceptedDate": "2012-02-29 11:00:03", "calendarYear": "2011", "period": "Q4", "revenue": 485132000, "costOfRevenue": 121733000, "grossProfit": 363399000, "grossProfitRatio": 0.7490724174, "researchAndDevelopmentExpenses": 0, "generalAndAdministrativeExpenses": 273344000, "sellingAndMarketingExpenses": 0, "sellingGeneralAndAdministrativeExpenses": 273344000, "otherExpenses": 26743000, "operatingExpenses": 297634000, "costAndExpenses": 419367000, "interestIncome": 144000, "interestExpense": 3330000, "depreciationAndAmortization": 24290000, "ebitda": 88267000, "ebitdaratio": 0.1819442956, "operatingIncome": 63312000, "operatingIncomeRatio": 0.1305046874, "totalOtherIncomeExpensesNet": -2665000, "incomeBeforeTax": 60647000, "incomeBeforeTaxRatio": 0.1250113371, "incomeTaxExpense": 20764000, "netIncome": 39883000, "netIncomeRatio": 0.0822106148, "eps": 0.16, "epsdiluted": 0.16, "weightedAverageShsOut": 258493500, "weightedAverageShsOutDil": 258493500, "link": "https://www.sec.gov/Archives/edgar/data/878927/000119312512087645/0001193125-12-087645-index.htm", "finalLink": "https://www.sec.gov/Archives/edgar/data/878927/000119312512087645/d265073d10k.htm"}, {"date": "2011-09-30", "symbol": "ODFL", "reportedCurrency": "USD", "cik": "0000878927", "fillingDate": "2011-11-08", "acceptedDate": "2011-11-08 11:44:44", "calendarYear": "2011", "period": "Q3", "revenue": 494475000, "costOfRevenue": 124177000, "grossProfit": 370298000, "grossProfitRatio": 0.7488710248, "researchAndDevelopmentExpenses": 0, "generalAndAdministrativeExpenses": 275889000, "sellingAndMarketingExpenses": 0, "sellingGeneralAndAdministrativeExpenses": 275889000, "otherExpenses": 26215000, "operatingExpenses": 299285000, "costAndExpenses": 423462000, "interestIncome": 3000, "interestExpense": 3397000, "depreciationAndAmortization": 23396000, "ebitda": 89915000, "ebitdaratio": 0.1818393245, "operatingIncome": 68194000, "operatingIncomeRatio": 0.1379119268, "totalOtherIncomeExpensesNet": -5072000, "incomeBeforeTax": 63122000, "incomeBeforeTaxRatio": 0.1276545831, "incomeTaxExpense": 24491000, "netIncome": 38631000, "netIncomeRatio": 0.0781252844, "eps": 0.15, "epsdiluted": 0.15, "weightedAverageShsOut": 258493500, "weightedAverageShsOutDil": 258493500, "link": "https://www.sec.gov/Archives/edgar/data/878927/000119312511301458/0001193125-11-301458-index.htm", "finalLink": "https://www.sec.gov/Archives/edgar/data/878927/000119312511301458/d244522d10q.htm"}, {"date": "2011-06-30", "symbol": "ODFL", "reportedCurrency": "USD", "cik": "0000878927", "fillingDate": "2011-08-09", "acceptedDate": "2011-08-09 11:20:41", "calendarYear": "2011", "period": "Q2", "revenue": 480255000, "costOfRevenue": 123365000, "grossProfit": 356890000, "grossProfitRatio": 0.7431260476, "researchAndDevelopmentExpenses": 0, "generalAndAdministrativeExpenses": 268039000, "sellingAndMarketingExpenses": 0, "sellingGeneralAndAdministrativeExpenses": 268039000, "otherExpenses": 24206000, "operatingExpenses": 290052000, "costAndExpenses": 413417000, "interestIncome": 14000, "interestExpense": 3464000, "depreciationAndAmortization": 22013000, "ebitda": 86310000, "ebitdaratio": 0.1797170253, "operatingIncome": 64645000, "operatingIncomeRatio": 0.1346055741, "totalOtherIncomeExpensesNet": -3812000, "incomeBeforeTax": 60833000, "incomeBeforeTaxRatio": 0.1266681242, "incomeTaxExpense": 21450000, "netIncome": 39383000, "netIncomeRatio": 0.0820043519, "eps": 0.16, "epsdiluted": 0.16, "weightedAverageShsOut": 258493500, "weightedAverageShsOutDil": 258493500, "link": "https://www.sec.gov/Archives/edgar/data/878927/000119312511215739/0001193125-11-215739-index.htm", "finalLink": "https://www.sec.gov/Archives/edgar/data/878927/000119312511215739/d10q.htm"}, {"date": "2011-03-31", "symbol": "ODFL", "reportedCurrency": "USD", "cik": "0000878927", "fillingDate": "2011-05-09", "acceptedDate": "2011-05-09 13:36:03", "calendarYear": "2011", "period": "Q1", "revenue": 422679000, "costOfRevenue": 112452000, "grossProfit": 310227000, "grossProfitRatio": 0.7339541354, "researchAndDevelopmentExpenses": 0, "generalAndAdministrativeExpenses": 248193000, "sellingAndMarketingExpenses": 0, "sellingGeneralAndAdministrativeExpenses": 248193000, "otherExpenses": 24113000, "operatingExpenses": 269314000, "costAndExpenses": 381766000, "interestIncome": 19000, "interestExpense": 3876000, "depreciationAndAmortization": 21121000, "ebitda": 60479000, "ebitdaratio": 0.1430849415, "operatingIncome": 37921000, "operatingIncomeRatio": 0.0897158364, "totalOtherIncomeExpensesNet": -2439000, "incomeBeforeTax": 35482000, "incomeBeforeTaxRatio": 0.0839455, "incomeTaxExpense": 13909000, "netIncome": 21573000, "netIncomeRatio": 0.0510387315, "eps": 0.085, "epsdiluted": 0.085, "weightedAverageShsOut": 253152000, "weightedAverageShsOutDil": 253152000, "link": "https://www.sec.gov/Archives/edgar/data/878927/000119312511132019/0001193125-11-132019-index.htm", "finalLink": "https://www.sec.gov/Archives/edgar/data/878927/000119312511132019/d10q.htm"}, {"date": "2010-12-31", "symbol": "ODFL", "reportedCurrency": "USD", "cik": "0000878927", "fillingDate": "2011-02-28", "acceptedDate": "2011-02-28 15:55:57", "calendarYear": "2010", "period": "Q4", "revenue": 398972000, "costOfRevenue": 187799000, "grossProfit": 211173000, "grossProfitRatio": 0.5292927825, "researchAndDevelopmentExpenses": 0, "generalAndAdministrativeExpenses": 249118000, "sellingAndMarketingExpenses": 0, "sellingGeneralAndAdministrativeExpenses": 249118000, "otherExpenses": -75914000, "operatingExpenses": 227909000, "costAndExpenses": 415708000, "interestIncome": 6000, "interestExpense": 2950000, "depreciationAndAmortization": 19862000, "ebitda": 57913000, "ebitdaratio": 0.1451555498, "operatingIncome": 37969000, "operatingIncomeRatio": 0.0951670794, "totalOtherIncomeExpensesNet": -2868000, "incomeBeforeTax": 35101000, "incomeBeforeTaxRatio": 0.087978605, "incomeTaxExpense": 13045000, "netIncome": 22056000, "netIncomeRatio": 0.0552820749, "eps": 0.085, "epsdiluted": 0.085, "weightedAverageShsOut": 251671256, "weightedAverageShsOutDil": 253152000, "link": "https://www.sec.gov/Archives/edgar/data/878927/000119312511049846/0001193125-11-049846-index.htm", "finalLink": "https://www.sec.gov/Archives/edgar/data/878927/000119312511049846/d10k.htm"}, {"date": "2010-09-30", "symbol": "ODFL", "reportedCurrency": "USD", "cik": "0000878927", "fillingDate": "2010-11-08", "acceptedDate": "2010-11-08 14:54:40", "calendarYear": "2010", "period": "Q3", "revenue": 395981000, "costOfRevenue": 92132000, "grossProfit": 303849000, "grossProfitRatio": 0.767332271, "researchAndDevelopmentExpenses": 0, "generalAndAdministrativeExpenses": 239259000, "sellingAndMarketingExpenses": 0, "sellingGeneralAndAdministrativeExpenses": 239259000, "otherExpenses": 21206000, "operatingExpenses": 258655000, "costAndExpenses": 350787000, "interestIncome": 37000, "interestExpense": 2964000, "depreciationAndAmortization": 19396000, "ebitda": 62995000, "ebitdaratio": 0.1590859157, "operatingIncome": 43384000, "operatingIncomeRatio": 0.1095608123, "totalOtherIncomeExpensesNet": -2749000, "incomeBeforeTax": 40635000, "incomeBeforeTaxRatio": 0.10261856, "incomeTaxExpense": 16254000, "netIncome": 24381000, "netIncomeRatio": 0.061571136, "eps": 0.1, "epsdiluted": 0.1, "weightedAverageShsOut": 251671500, "weightedAverageShsOutDil": 251671500, "link": "https://www.sec.gov/Archives/edgar/data/878927/000119312510251879/0001193125-10-251879-index.htm", "finalLink": "https://www.sec.gov/Archives/edgar/data/878927/000119312510251879/d10q.htm"}]