[{"date": "2025-06-30", "symbol": "PRIM", "reportedCurrency": "USD", "cik": "0001361538", "fillingDate": "2025-08-05", "acceptedDate": "2025-08-04 17:48:33", "calendarYear": "2025", "period": "Q2", "revenue": 1890745000, "costOfRevenue": 1659009000, "grossProfit": 231736000, "grossProfitRatio": 0.1225633282, "researchAndDevelopmentExpenses": 0, "generalAndAdministrativeExpenses": 0, "sellingAndMarketingExpenses": 0, "sellingGeneralAndAdministrativeExpenses": 104549000, "otherExpenses": 0, "operatingExpenses": 104549000, "costAndExpenses": 1763558000, "interestIncome": 0, "interestExpense": 7552000, "depreciationAndAmortization": 0, "ebitda": 126644000, "ebitdaratio": 0.0669810048, "operatingIncome": 126644000, "operatingIncomeRatio": 0.0669810048, "totalOtherIncomeExpensesNet": -7885000, "incomeBeforeTax": 118759000, "incomeBeforeTaxRatio": 0.062810691, "incomeTaxExpense": -34440000, "netIncome": 84319000, "netIncomeRatio": 0.0445956488, "eps": 1.56, "epsdiluted": 1.54, "weightedAverageShsOut": 54003000, "weightedAverageShsOutDil": 54805000, "link": "https://www.sec.gov/Archives/edgar/data/1361538/000155837025010123/0001558370-25-010123-index.htm", "finalLink": "https://www.sec.gov/Archives/edgar/data/1361538/000155837025010123/prim-20250630x10q.htm"}, {"date": "2025-03-31", "symbol": "PRIM", "reportedCurrency": "USD", "cik": "0001361538", "fillingDate": "2025-05-06", "acceptedDate": "2025-05-05 17:43:21", "calendarYear": "2025", "period": "Q1", "revenue": 1648112000, "costOfRevenue": 1477455000, "grossProfit": 170657000, "grossProfitRatio": 0.1035469677, "researchAndDevelopmentExpenses": 0, "generalAndAdministrativeExpenses": 0, "sellingAndMarketingExpenses": 0, "sellingGeneralAndAdministrativeExpenses": 99501000, "otherExpenses": 792000, "operatingExpenses": 100293000, "costAndExpenses": 1577748000, "interestIncome": 0, "interestExpense": 7789000, "depreciationAndAmortization": 21397000, "ebitda": 91495000, "ebitdaratio": 0.0555150378, "operatingIncome": 70364000, "operatingIncomeRatio": 0.0426937004, "totalOtherIncomeExpensesNet": -8055000, "incomeBeforeTax": 62309000, "incomeBeforeTaxRatio": 0.0378062899, "incomeTaxExpense": 18069000, "netIncome": 44240000, "netIncomeRatio": 0.0268428359, "eps": 0.82, "epsdiluted": 0.81, "weightedAverageShsOut": 53813000, "weightedAverageShsOutDil": 54705000, "link": "https://www.sec.gov/Archives/edgar/data/1361538/000155837025006332/0001558370-25-006332-index.htm", "finalLink": "https://www.sec.gov/Archives/edgar/data/1361538/000155837025006332/prim-20250331x10q.htm"}, {"date": "2024-12-31", "symbol": "PRIM", "reportedCurrency": "USD", "cik": "0001361538", "fillingDate": "2025-02-25", "acceptedDate": "2025-02-24 17:42:33", "calendarYear": "2024", "period": "Q4", "revenue": 1741330000, "costOfRevenue": 1556732000, "grossProfit": 184598000, "grossProfitRatio": 0.1060097741, "researchAndDevelopmentExpenses": 0, "generalAndAdministrativeExpenses": 0, "sellingAndMarketingExpenses": 0, "sellingGeneralAndAdministrativeExpenses": 96539000, "otherExpenses": 465000, "operatingExpenses": 97004000, "costAndExpenses": 1653271000, "interestIncome": 0, "interestExpense": 12331000, "depreciationAndAmortization": 22574000, "ebitda": 111058000, "ebitdaratio": 0.0637776872, "operatingIncome": 87594000, "operatingIncomeRatio": 0.0503029294, "totalOtherIncomeExpensesNet": -11441000, "incomeBeforeTax": 76153000, "incomeBeforeTaxRatio": 0.0437326641, "incomeTaxExpense": 22187000, "netIncome": 53966000, "netIncomeRatio": 0.0309912538, "eps": 1, "epsdiluted": 0.99, "weightedAverageShsOut": 53720000, "weightedAverageShsOutDil": 54662000, "link": "https://www.sec.gov/Archives/edgar/data/1361538/000155837025001397/0001558370-25-001397-index.htm", "finalLink": "https://www.sec.gov/Archives/edgar/data/1361538/000155837025001397/prim-20241231x10k.htm"}, {"date": "2024-09-30", "symbol": "PRIM", "reportedCurrency": "USD", "cik": "0001361538", "fillingDate": "2024-11-05", "acceptedDate": "2024-11-04 17:48:47", "calendarYear": "2024", "period": "Q3", "revenue": 1649086000, "costOfRevenue": 1450525000, "grossProfit": 198561000, "grossProfitRatio": 0.120406698, "researchAndDevelopmentExpenses": 0, "generalAndAdministrativeExpenses": 0, "sellingAndMarketingExpenses": 0, "sellingGeneralAndAdministrativeExpenses": 98106000, "otherExpenses": 0, "operatingExpenses": 98106000, "costAndExpenses": 1549536000, "interestIncome": 0, "interestExpense": 17859000, "depreciationAndAmortization": 22674000, "ebitda": 122412000, "ebitdaratio": 0.0742302099, "operatingIncome": 99550000, "operatingIncomeRatio": 0.0603667729, "totalOtherIncomeExpensesNet": -17245000, "incomeBeforeTax": 82305000, "incomeBeforeTaxRatio": 0.049909465, "incomeTaxExpense": 23869000, "netIncome": 58436000, "netIncomeRatio": 0.0354353866, "eps": 1.09, "epsdiluted": 1.07, "weightedAverageShsOut": 53692000, "weightedAverageShsOutDil": 54675000, "link": "https://www.sec.gov/Archives/edgar/data/1361538/000155837024014294/0001558370-24-014294-index.htm", "finalLink": "https://www.sec.gov/Archives/edgar/data/1361538/000155837024014294/prim-20240930x10q.htm"}, {"date": "2024-06-30", "symbol": "PRIM", "reportedCurrency": "USD", "cik": "0001361538", "fillingDate": "2024-08-06", "acceptedDate": "2024-08-05 17:35:35", "calendarYear": "2024", "period": "Q2", "revenue": 1563715000, "costOfRevenue": 1377005000, "grossProfit": 186710000, "grossProfitRatio": 0.1194015534, "researchAndDevelopmentExpenses": 0, "generalAndAdministrativeExpenses": 0, "sellingAndMarketingExpenses": 0, "sellingGeneralAndAdministrativeExpenses": 100118000, "otherExpenses": 81000, "operatingExpenses": 100118000, "costAndExpenses": 1477123000, "interestIncome": 0, "interestExpense": 17133000, "depreciationAndAmortization": 25693000, "ebitda": 86070000, "ebitdaratio": 0.0550419993, "operatingIncome": 86592000, "operatingIncomeRatio": 0.0553758198, "totalOtherIncomeExpensesNet": -16813000, "incomeBeforeTax": 69779000, "incomeBeforeTaxRatio": 0.0446238605, "incomeTaxExpense": 20236000, "netIncome": 49543000, "netIncomeRatio": 0.0316828834, "eps": 0.92, "epsdiluted": 0.91, "weightedAverageShsOut": 53640000, "weightedAverageShsOutDil": 54653000, "link": "https://www.sec.gov/Archives/edgar/data/1361538/000155837024010882/0001558370-24-010882-index.htm", "finalLink": "https://www.sec.gov/Archives/edgar/data/1361538/000155837024010882/prim-20240630x10q.htm"}, {"date": "2024-03-31", "symbol": "PRIM", "reportedCurrency": "USD", "cik": "0001361538", "fillingDate": "2024-05-09", "acceptedDate": "2024-05-08 18:01:58", "calendarYear": "2024", "period": "Q1", "revenue": 1412707000, "costOfRevenue": 1279331000, "grossProfit": 133376000, "grossProfitRatio": 0.0944116508, "researchAndDevelopmentExpenses": 0, "generalAndAdministrativeExpenses": 0, "sellingAndMarketingExpenses": 0, "sellingGeneralAndAdministrativeExpenses": 88588000, "otherExpenses": 550000, "operatingExpenses": 89138000, "costAndExpenses": 1368469000, "interestIncome": 0, "interestExpense": 17992000, "depreciationAndAmortization": 24581000, "ebitda": 69253000, "ebitdaratio": 0.0490214885, "operatingIncome": 44238000, "operatingIncomeRatio": 0.031314349, "totalOtherIncomeExpensesNet": -17558000, "incomeBeforeTax": 26680000, "incomeBeforeTaxRatio": 0.0188857279, "incomeTaxExpense": 7737000, "netIncome": 18943000, "netIncomeRatio": 0.0134090084, "eps": 0.35, "epsdiluted": 0.35, "weightedAverageShsOut": 53490000, "weightedAverageShsOutDil": 54414000, "link": "https://www.sec.gov/Archives/edgar/data/1361538/000155837024007404/0001558370-24-007404-index.htm", "finalLink": "https://www.sec.gov/Archives/edgar/data/1361538/000155837024007404/prim-20240331x10q.htm"}, {"date": "2023-12-31", "symbol": "PRIM", "reportedCurrency": "USD", "cik": "0001361538", "fillingDate": "2024-02-27", "acceptedDate": "2024-02-26 17:42:25", "calendarYear": "2023", "period": "Q4", "revenue": 1515549000, "costOfRevenue": 1358949000, "grossProfit": 156600000, "grossProfitRatio": 0.1033288927, "researchAndDevelopmentExpenses": 0, "generalAndAdministrativeExpenses": 0, "sellingAndMarketingExpenses": 0, "sellingGeneralAndAdministrativeExpenses": 80749000, "otherExpenses": 0, "operatingExpenses": 80749000, "costAndExpenses": 1440706000, "interestIncome": 0, "interestExpense": 21728000, "depreciationAndAmortization": 25587000, "ebitda": 100356000, "ebitdaratio": 0.0662175885, "operatingIncome": 74843000, "operatingIncomeRatio": 0.0493834248, "totalOtherIncomeExpensesNet": -21802000, "incomeBeforeTax": 53041000, "incomeBeforeTaxRatio": 0.0349978787, "incomeTaxExpense": 15382000, "netIncome": 37659000, "netIncomeRatio": 0.0248484213, "eps": 0.71, "epsdiluted": 0.69, "weightedAverageShsOut": 53360000, "weightedAverageShsOutDil": 54385000, "link": "https://www.sec.gov/Archives/edgar/data/1361538/000155837024001719/0001558370-24-001719-index.htm", "finalLink": "https://www.sec.gov/Archives/edgar/data/1361538/000155837024001719/prim-20231231x10k.htm"}, {"date": "2023-09-30", "symbol": "PRIM", "reportedCurrency": "USD", "cik": "0001361538", "fillingDate": "2023-11-08", "acceptedDate": "2023-11-07 17:44:40", "calendarYear": "2023", "period": "Q3", "revenue": 1529486000, "costOfRevenue": 1355591000, "grossProfit": 173895000, "grossProfitRatio": 0.1136950583, "researchAndDevelopmentExpenses": 0, "generalAndAdministrativeExpenses": 0, "sellingAndMarketingExpenses": 0, "sellingGeneralAndAdministrativeExpenses": 84404000, "otherExpenses": 0, "operatingExpenses": 84404000, "costAndExpenses": 1439995000, "interestIncome": 0, "interestExpense": 21065000, "depreciationAndAmortization": 26700000, "ebitda": 115573000, "ebitdaratio": 0.0755632938, "operatingIncome": 88407000, "operatingIncomeRatio": 0.0578017713, "totalOtherIncomeExpensesNet": -20599000, "incomeBeforeTax": 67808000, "incomeBeforeTaxRatio": 0.0443338481, "incomeTaxExpense": 19664000, "netIncome": 48144000, "netIncomeRatio": 0.0314772414, "eps": 0.9, "epsdiluted": 0.89, "weightedAverageShsOut": 53339000, "weightedAverageShsOutDil": 54351000, "link": "https://www.sec.gov/Archives/edgar/data/1361538/000155837023018043/0001558370-23-018043-index.htm", "finalLink": "https://www.sec.gov/Archives/edgar/data/1361538/000155837023018043/prim-20230930x10q.htm"}, {"date": "2023-06-30", "symbol": "PRIM", "reportedCurrency": "USD", "cik": "0001361538", "fillingDate": "2023-08-08", "acceptedDate": "2023-08-07 17:37:26", "calendarYear": "2023", "period": "Q2", "revenue": 1413377000, "costOfRevenue": 1256113000, "grossProfit": 157264000, "grossProfitRatio": 0.1112682603, "researchAndDevelopmentExpenses": 0, "generalAndAdministrativeExpenses": 0, "sellingAndMarketingExpenses": 0, "sellingGeneralAndAdministrativeExpenses": 85571000, "otherExpenses": 898000, "operatingExpenses": 86469000, "costAndExpenses": 1341684000, "interestIncome": 0, "interestExpense": 16884000, "depreciationAndAmortization": 27021000, "ebitda": 98905000, "ebitdaratio": 0.0699777908, "operatingIncome": 70795000, "operatingIncomeRatio": 0.0500892543, "totalOtherIncomeExpensesNet": -15795000, "incomeBeforeTax": 55000000, "incomeBeforeTaxRatio": 0.038913892, "incomeTaxExpense": 15968000, "netIncome": 39032000, "netIncomeRatio": 0.0276161279, "eps": 0.73, "epsdiluted": 0.72, "weightedAverageShsOut": 53301000, "weightedAverageShsOutDil": 54324000, "link": "https://www.sec.gov/Archives/edgar/data/1361538/000155837023013655/0001558370-23-013655-index.htm", "finalLink": "https://www.sec.gov/Archives/edgar/data/1361538/000155837023013655/prim-20230630x10q.htm"}, {"date": "2023-03-31", "symbol": "PRIM", "reportedCurrency": "USD", "cik": "0001361538", "fillingDate": "2023-05-10", "acceptedDate": "2023-05-09 17:52:56", "calendarYear": "2023", "period": "Q1", "revenue": 1256896000, "costOfRevenue": 1157164000, "grossProfit": 99732000, "grossProfitRatio": 0.0793478538, "researchAndDevelopmentExpenses": 0, "generalAndAdministrativeExpenses": 0, "sellingAndMarketingExpenses": 0, "sellingGeneralAndAdministrativeExpenses": 78009000, "otherExpenses": 331000, "operatingExpenses": 78009000, "costAndExpenses": 1235173000, "interestIncome": 0, "interestExpense": 18465000, "depreciationAndAmortization": 27733000, "ebitda": 48984000, "ebitdaratio": 0.0389721982, "operatingIncome": 19028000, "operatingIncomeRatio": 0.0151388818, "totalOtherIncomeExpensesNet": -17208000, "incomeBeforeTax": 1820000, "incomeBeforeTaxRatio": 0.0014480116, "incomeTaxExpense": 510000, "netIncome": 1310000, "netIncomeRatio": 0.0010422501, "eps": 0.02, "epsdiluted": 0.02, "weightedAverageShsOut": 53184000, "weightedAverageShsOutDil": 53944000, "link": "https://www.sec.gov/Archives/edgar/data/1361538/000155837023008914/0001558370-23-008914-index.htm", "finalLink": "https://www.sec.gov/Archives/edgar/data/1361538/000155837023008914/prim-20230331x10q.htm"}, {"date": "2022-12-31", "symbol": "PRIM", "reportedCurrency": "USD", "cik": "0001361538", "fillingDate": "2022-12-31", "acceptedDate": "2022-12-31 00:00:00", "calendarYear": "2022", "period": "Q4", "revenue": 1329138000, "costOfRevenue": 1175754000, "grossProfit": 153384000, "grossProfitRatio": 0.1154011096, "researchAndDevelopmentExpenses": 0, "generalAndAdministrativeExpenses": 0, "sellingAndMarketingExpenses": 0, "sellingGeneralAndAdministrativeExpenses": 90672000, "otherExpenses": 0, "operatingExpenses": 90672000, "costAndExpenses": 1266426000, "interestIncome": 0, "interestExpense": 18556000, "depreciationAndAmortization": 29863000, "ebitda": 92336000, "ebitdaratio": 0.0694705892, "operatingIncome": 60886000, "operatingIncomeRatio": 0.0458086369, "totalOtherIncomeExpensesNet": -15431000, "incomeBeforeTax": 45455000, "incomeBeforeTaxRatio": 0.0341988567, "incomeTaxExpense": 3954000, "netIncome": 41501000, "netIncomeRatio": 0.0312239963, "eps": 0.78, "epsdiluted": 0.77, "weightedAverageShsOut": 53120000, "weightedAverageShsOutDil": 53711000, "link": null, "finalLink": null}, {"date": "2022-09-30", "symbol": "PRIM", "reportedCurrency": "USD", "cik": "0001361538", "fillingDate": "2022-11-08", "acceptedDate": "2022-11-07 18:02:37", "calendarYear": "2022", "period": "Q3", "revenue": 1284128000, "costOfRevenue": 1129221000, "grossProfit": 154907000, "grossProfitRatio": 0.1206320554, "researchAndDevelopmentExpenses": 0, "generalAndAdministrativeExpenses": 0, "sellingAndMarketingExpenses": 0, "sellingGeneralAndAdministrativeExpenses": 75721000, "otherExpenses": 128000, "operatingExpenses": 75721000, "costAndExpenses": 1204942000, "interestIncome": 0, "interestExpense": 13075000, "depreciationAndAmortization": 28570000, "ebitda": 95540000, "ebitdaratio": 0.0744006828, "operatingIncome": 50744000, "operatingIncomeRatio": 0.0395163099, "totalOtherIncomeExpensesNet": -13630000, "incomeBeforeTax": 52850000, "incomeBeforeTaxRatio": 0.0411563333, "incomeTaxExpense": 9810000, "netIncome": 43040000, "netIncomeRatio": 0.033516908, "eps": 0.81, "epsdiluted": 0.8, "weightedAverageShsOut": 53181000, "weightedAverageShsOutDil": 53748000, "link": "https://www.sec.gov/Archives/edgar/data/1361538/000155837022016677/0001558370-22-016677-index.htm", "finalLink": "https://www.sec.gov/Archives/edgar/data/1361538/000155837022016677/prim-20220930x10q.htm"}, {"date": "2022-06-30", "symbol": "PRIM", "reportedCurrency": "USD", "cik": "0001361538", "fillingDate": "2022-08-09", "acceptedDate": "2022-08-08 17:42:17", "calendarYear": "2022", "period": "Q2", "revenue": 1022948000, "costOfRevenue": 930839000, "grossProfit": 92109000, "grossProfitRatio": 0.0900427001, "researchAndDevelopmentExpenses": 0, "generalAndAdministrativeExpenses": 0, "sellingAndMarketingExpenses": 0, "sellingGeneralAndAdministrativeExpenses": 59730000, "otherExpenses": 155000, "operatingExpenses": 59730000, "costAndExpenses": 990569000, "interestIncome": 0, "interestExpense": 4705000, "depreciationAndAmortization": 20606000, "ebitda": 88360000, "ebitdaratio": 0.0863778022, "operatingIncome": 67264000, "operatingIncomeRatio": 0.065755053, "totalOtherIncomeExpensesNet": -3990000, "incomeBeforeTax": 63274000, "incomeBeforeTaxRatio": 0.0618545615, "incomeTaxExpense": 13120000, "netIncome": 50154000, "netIncomeRatio": 0.0490288851, "eps": 0.94, "epsdiluted": 0.93, "weightedAverageShsOut": 53263000, "weightedAverageShsOutDil": 53852000, "link": "https://www.sec.gov/Archives/edgar/data/1361538/000155837022012678/0001558370-22-012678-index.htm", "finalLink": "https://www.sec.gov/Archives/edgar/data/1361538/000155837022012678/prim-20220630x10q.htm"}, {"date": "2022-03-31", "symbol": "PRIM", "reportedCurrency": "USD", "cik": "0001361538", "fillingDate": "2022-05-10", "acceptedDate": "2022-05-09 17:49:41", "calendarYear": "2022", "period": "Q1", "revenue": 784384000, "costOfRevenue": 727898000, "grossProfit": 56486000, "grossProfitRatio": 0.0720131976, "researchAndDevelopmentExpenses": 0, "generalAndAdministrativeExpenses": 0, "sellingAndMarketingExpenses": 0, "sellingGeneralAndAdministrativeExpenses": 55455000, "otherExpenses": -9000, "operatingExpenses": 55455000, "costAndExpenses": 783353000, "interestIncome": 0, "interestExpense": 2876000, "depreciationAndAmortization": 20172000, "ebitda": 22722000, "ebitdaratio": 0.0289679545, "operatingIncome": 1022000, "operatingIncomeRatio": 0.0013029333, "totalOtherIncomeExpensesNet": -3315000, "incomeBeforeTax": -2293000, "incomeBeforeTaxRatio": -0.0029233131, "incomeTaxExpense": -619000, "netIncome": -1674000, "netIncomeRatio": -0.0021341588, "eps": -0.0314, "epsdiluted": -0.0314, "weightedAverageShsOut": 53240000, "weightedAverageShsOutDil": 53240000, "link": "https://www.sec.gov/Archives/edgar/data/1361538/000155837022007894/0001558370-22-007894-index.htm", "finalLink": "https://www.sec.gov/Archives/edgar/data/1361538/000155837022007894/prim-20220331x10q.htm"}, {"date": "2021-12-31", "symbol": "PRIM", "reportedCurrency": "USD", "cik": "0001361538", "fillingDate": "2022-03-01", "acceptedDate": "2022-02-28 17:50:10", "calendarYear": "2021", "period": "Q4", "revenue": 884448000, "costOfRevenue": 788431000, "grossProfit": 96017000, "grossProfitRatio": 0.1085614982, "researchAndDevelopmentExpenses": 0, "generalAndAdministrativeExpenses": 0, "sellingAndMarketingExpenses": 0, "sellingGeneralAndAdministrativeExpenses": 57225000, "otherExpenses": -256000, "operatingExpenses": 57225000, "costAndExpenses": 845656000, "interestIncome": 0, "interestExpense": 4344000, "depreciationAndAmortization": 26694000, "ebitda": 64686000, "ebitdaratio": 0.0731371432, "operatingIncome": 37216000, "operatingIncomeRatio": 0.0420782228, "totalOtherIncomeExpensesNet": -4252000, "incomeBeforeTax": 32964000, "incomeBeforeTaxRatio": 0.0372707044, "incomeTaxExpense": 3424000, "netIncome": 29418000, "netIncomeRatio": 0.0332614241, "eps": 0.55, "epsdiluted": 0.54, "weightedAverageShsOut": 53625000, "weightedAverageShsOutDil": 54172000, "link": "https://www.sec.gov/Archives/edgar/data/1361538/000155837022002400/0001558370-22-002400-index.htm", "finalLink": "https://www.sec.gov/Archives/edgar/data/1361538/000155837022002400/prim-20211231x10k.htm"}, {"date": "2021-09-30", "symbol": "PRIM", "reportedCurrency": "USD", "cik": "0001361538", "fillingDate": "2021-11-09", "acceptedDate": "2021-11-08 18:05:48", "calendarYear": "2021", "period": "Q3", "revenue": 913245000, "costOfRevenue": 785809000, "grossProfit": 127436000, "grossProfitRatio": 0.139541963, "researchAndDevelopmentExpenses": 0, "generalAndAdministrativeExpenses": 0, "sellingAndMarketingExpenses": 0, "sellingGeneralAndAdministrativeExpenses": 61706000, "otherExpenses": 181000, "operatingExpenses": 61706000, "costAndExpenses": 847515000, "interestIncome": 0, "interestExpense": 4698000, "depreciationAndAmortization": 27163000, "ebitda": 92544000, "ebitdaratio": 0.1013353481, "operatingIncome": 65283000, "operatingIncomeRatio": 0.0714846509, "totalOtherIncomeExpensesNet": -4517000, "incomeBeforeTax": 60766000, "incomeBeforeTaxRatio": 0.0665385521, "incomeTaxExpense": 16710000, "netIncome": 44056000, "netIncomeRatio": 0.048241162, "eps": 0.82, "epsdiluted": 0.81, "weightedAverageShsOut": 53769000, "weightedAverageShsOutDil": 54367000, "link": "https://www.sec.gov/Archives/edgar/data/1361538/000155837021015104/0001558370-21-015104-index.htm", "finalLink": "https://www.sec.gov/Archives/edgar/data/1361538/000155837021015104/prim-20210930x10q.htm"}, {"date": "2021-06-30", "symbol": "PRIM", "reportedCurrency": "USD", "cik": "0001361538", "fillingDate": "2021-08-04", "acceptedDate": "2021-08-03 17:47:57", "calendarYear": "2021", "period": "Q2", "revenue": 881610000, "costOfRevenue": 768584000, "grossProfit": 113026000, "grossProfitRatio": 0.1282040812, "researchAndDevelopmentExpenses": 0, "generalAndAdministrativeExpenses": 0, "sellingAndMarketingExpenses": 0, "sellingGeneralAndAdministrativeExpenses": 57747000, "otherExpenses": 379000, "operatingExpenses": 57747000, "costAndExpenses": 826331000, "interestIncome": 5000, "interestExpense": 4825000, "depreciationAndAmortization": 26850000, "ebitda": 81527000, "ebitdaratio": 0.0924751307, "operatingIncome": 54799000, "operatingIncomeRatio": 0.0621578703, "totalOtherIncomeExpensesNet": -4907000, "incomeBeforeTax": 49892000, "incomeBeforeTaxRatio": 0.0565919171, "incomeTaxExpense": 13597000, "netIncome": 36295000, "netIncomeRatio": 0.0411689976, "eps": 0.68, "epsdiluted": 0.67, "weightedAverageShsOut": 53729000, "weightedAverageShsOutDil": 54285000, "link": "https://www.sec.gov/Archives/edgar/data/1361538/000155837021010031/0001558370-21-010031-index.htm", "finalLink": "https://www.sec.gov/Archives/edgar/data/1361538/000155837021010031/prim-20210630x10q.htm"}, {"date": "2021-03-31", "symbol": "PRIM", "reportedCurrency": "USD", "cik": "0001361538", "fillingDate": "2021-05-06", "acceptedDate": "2021-05-05 18:15:27", "calendarYear": "2021", "period": "Q1", "revenue": 818329000, "costOfRevenue": 738148000, "grossProfit": 80181000, "grossProfitRatio": 0.0979813742, "researchAndDevelopmentExpenses": 0, "generalAndAdministrativeExpenses": 0, "sellingAndMarketingExpenses": 0, "sellingGeneralAndAdministrativeExpenses": 53432000, "otherExpenses": -5000, "operatingExpenses": 53432000, "costAndExpenses": 791580000, "interestIncome": 85000, "interestExpense": 4721000, "depreciationAndAmortization": 24852000, "ebitda": 37531000, "ebitdaratio": 0.045862972, "operatingIncome": 12853000, "operatingIncomeRatio": 0.0157063968, "totalOtherIncomeExpensesNet": -4618000, "incomeBeforeTax": 8235000, "incomeBeforeTaxRatio": 0.0100631897, "incomeTaxExpense": 2387000, "netIncome": 5848000, "netIncomeRatio": 0.00714627, "eps": 0.12, "epsdiluted": 0.12, "weightedAverageShsOut": 49503000, "weightedAverageShsOutDil": 50026000, "link": "https://www.sec.gov/Archives/edgar/data/1361538/000155837021005982/0001558370-21-005982-index.htm", "finalLink": "https://www.sec.gov/Archives/edgar/data/1361538/000155837021005982/prim-20210331x10q.htm"}, {"date": "2020-12-31", "symbol": "PRIM", "reportedCurrency": "USD", "cik": "0001361538", "fillingDate": "2021-02-23", "acceptedDate": "2021-02-22 17:54:28", "calendarYear": "2020", "period": "Q4", "revenue": 897338000, "costOfRevenue": 799582000, "grossProfit": 97756000, "grossProfitRatio": 0.1089399981, "researchAndDevelopmentExpenses": 0, "generalAndAdministrativeExpenses": 49928000, "sellingAndMarketingExpenses": 253000, "sellingGeneralAndAdministrativeExpenses": 50181000, "otherExpenses": 418000, "operatingExpenses": 50181000, "costAndExpenses": 849763000, "interestIncome": 18000, "interestExpense": 2769000, "depreciationAndAmortization": 23769000, "ebitda": 69182000, "ebitdaratio": 0.0770969245, "operatingIncome": 44398000, "operatingIncomeRatio": 0.0494774544, "totalOtherIncomeExpensesNet": -1813000, "incomeBeforeTax": 42585000, "incomeBeforeTaxRatio": 0.047457034, "incomeTaxExpense": 10773000, "netIncome": 31811000, "netIncomeRatio": 0.03545041, "eps": 0.66, "epsdiluted": 0.66, "weightedAverageShsOut": 48104000, "weightedAverageShsOutDil": 48410000, "link": "https://www.sec.gov/Archives/edgar/data/1361538/000155837021001389/0001558370-21-001389-index.htm", "finalLink": "https://www.sec.gov/Archives/edgar/data/1361538/000155837021001389/prim-20201231x10k.htm"}, {"date": "2020-09-30", "symbol": "PRIM", "reportedCurrency": "USD", "cik": "0001361538", "fillingDate": "2020-11-05", "acceptedDate": "2020-11-05 17:15:37", "calendarYear": "2020", "period": "Q3", "revenue": 942700000, "costOfRevenue": 819019000, "grossProfit": 123681000, "grossProfitRatio": 0.1311986846, "researchAndDevelopmentExpenses": 0, "generalAndAdministrativeExpenses": 0, "sellingAndMarketingExpenses": 0, "sellingGeneralAndAdministrativeExpenses": 57097000, "otherExpenses": 98000, "operatingExpenses": 57097000, "costAndExpenses": 876116000, "interestIncome": 13000, "interestExpense": 4728000, "depreciationAndAmortization": 20665000, "ebitda": 87270000, "ebitdaratio": 0.09257452, "operatingIncome": 66584000, "operatingIncomeRatio": 0.0706311658, "totalOtherIncomeExpensesNet": -4694000, "incomeBeforeTax": 61890000, "incomeBeforeTaxRatio": 0.0656518511, "incomeTaxExpense": 17947000, "netIncome": 43941000, "netIncomeRatio": 0.0466118596, "eps": 0.91, "epsdiluted": 0.9, "weightedAverageShsOut": 48253000, "weightedAverageShsOutDil": 48574000, "link": "https://www.sec.gov/Archives/edgar/data/1361538/000155837020012945/0001558370-20-012945-index.htm", "finalLink": "https://www.sec.gov/Archives/edgar/data/1361538/000155837020012945/prim-20200930x10q.htm"}, {"date": "2020-06-30", "symbol": "PRIM", "reportedCurrency": "USD", "cik": "0001361538", "fillingDate": "2020-08-04", "acceptedDate": "2020-08-03 17:49:37", "calendarYear": "2020", "period": "Q2", "revenue": 908216000, "costOfRevenue": 807249000, "grossProfit": 100967000, "grossProfitRatio": 0.1111706907, "researchAndDevelopmentExpenses": 0, "generalAndAdministrativeExpenses": 51422000, "sellingAndMarketingExpenses": 0, "sellingGeneralAndAdministrativeExpenses": 51422000, "otherExpenses": 0, "operatingExpenses": 51422000, "costAndExpenses": 858671000, "interestIncome": 64000, "interestExpense": 3690000, "depreciationAndAmortization": 20356000, "ebitda": 70471000, "ebitdaratio": 0.0775927753, "operatingIncome": 49545000, "operatingIncomeRatio": 0.0545520008, "totalOtherIncomeExpensesNet": -3120000, "incomeBeforeTax": 46425000, "incomeBeforeTaxRatio": 0.0511166947, "incomeTaxExpense": 13463000, "netIncome": 32959000, "netIncomeRatio": 0.0362898253, "eps": 0.68, "epsdiluted": 0.68, "weightedAverageShsOut": 48270000, "weightedAverageShsOutDil": 48668000, "link": "https://www.sec.gov/Archives/edgar/data/1361538/000155837020009038/0001558370-20-009038-index.htm", "finalLink": "https://www.sec.gov/Archives/edgar/data/1361538/000155837020009038/prim-20200630x10q.htm"}, {"date": "2020-03-31", "symbol": "PRIM", "reportedCurrency": "USD", "cik": "0001361538", "fillingDate": "2020-05-05", "acceptedDate": "2020-05-04 17:53:24", "calendarYear": "2020", "period": "Q1", "revenue": 743243000, "costOfRevenue": 695433000, "grossProfit": 47810000, "grossProfitRatio": 0.0643262029, "researchAndDevelopmentExpenses": 0, "generalAndAdministrativeExpenses": 44388000, "sellingAndMarketingExpenses": 0, "sellingGeneralAndAdministrativeExpenses": 44388000, "otherExpenses": 12000, "operatingExpenses": 44388000, "costAndExpenses": 739821000, "interestIncome": 281000, "interestExpense": 9112000, "depreciationAndAmortization": 21537000, "ebitda": 25388000, "ebitdaratio": 0.0341584112, "operatingIncome": 3422000, "operatingIncomeRatio": 0.004604147, "totalOtherIncomeExpensesNet": -8683000, "incomeBeforeTax": -5261000, "incomeBeforeTaxRatio": -0.0070784387, "incomeTaxExpense": -1527000, "netIncome": -3737000, "netIncomeRatio": -0.0050279653, "eps": -0.0769, "epsdiluted": -0.0769, "weightedAverageShsOut": 48588000, "weightedAverageShsOutDil": 48588000, "link": "https://www.sec.gov/Archives/edgar/data/1361538/000155837020005056/0001558370-20-005056-index.htm", "finalLink": "https://www.sec.gov/Archives/edgar/data/1361538/000155837020005056/prim-20200504x10q.htm"}, {"date": "2019-12-31", "symbol": "PRIM", "reportedCurrency": "USD", "cik": "0001361538", "fillingDate": "2020-02-25", "acceptedDate": "2020-02-24 17:59:15", "calendarYear": "2019", "period": "Q4", "revenue": 789778000, "costOfRevenue": 700264000, "grossProfit": 89514000, "grossProfitRatio": 0.1133407109, "researchAndDevelopmentExpenses": 0, "generalAndAdministrativeExpenses": 48574000, "sellingAndMarketingExpenses": 0, "sellingGeneralAndAdministrativeExpenses": 48574000, "otherExpenses": -13000, "operatingExpenses": 48574000, "costAndExpenses": 748838000, "interestIncome": 345000, "interestExpense": 2603000, "depreciationAndAmortization": 20847000, "ebitda": 62980000, "ebitdaratio": 0.079743928, "operatingIncome": 40940000, "operatingIncomeRatio": 0.0518373518, "totalOtherIncomeExpensesNet": -2237000, "incomeBeforeTax": 38703000, "incomeBeforeTaxRatio": 0.0490049102, "incomeTaxExpense": 11192000, "netIncome": 26945000, "netIncomeRatio": 0.0341171823, "eps": 0.53, "epsdiluted": 0.53, "weightedAverageShsOut": 50478000, "weightedAverageShsOutDil": 50711000, "link": "https://www.sec.gov/Archives/edgar/data/1361538/000155837020001249/0001558370-20-001249-index.htm", "finalLink": "https://www.sec.gov/Archives/edgar/data/1361538/000155837020001249/prim-20191231x10ke43d96.htm"}, {"date": "2019-09-30", "symbol": "PRIM", "reportedCurrency": "USD", "cik": "0001361538", "fillingDate": "2019-11-04", "acceptedDate": "2019-11-01 17:41:43", "calendarYear": "2019", "period": "Q3", "revenue": 865064000, "costOfRevenue": 756643000, "grossProfit": 108421000, "grossProfitRatio": 0.1253329233, "researchAndDevelopmentExpenses": 0, "generalAndAdministrativeExpenses": 49827000, "sellingAndMarketingExpenses": 0, "sellingGeneralAndAdministrativeExpenses": 49827000, "otherExpenses": 0, "operatingExpenses": 49827000, "costAndExpenses": 806470000, "interestIncome": 42000, "interestExpense": 5186000, "depreciationAndAmortization": 21161000, "ebitda": 76733000, "ebitdaratio": 0.0887021076, "operatingIncome": 58594000, "operatingIncomeRatio": 0.0677337168, "totalOtherIncomeExpensesNet": -8208000, "incomeBeforeTax": 50386000, "incomeBeforeTaxRatio": 0.0582454015, "incomeTaxExpense": 14560000, "netIncome": 35648000, "netIncomeRatio": 0.0412085117, "eps": 0.7, "epsdiluted": 0.7, "weightedAverageShsOut": 50976000, "weightedAverageShsOutDil": 51215000, "link": "https://www.sec.gov/Archives/edgar/data/1361538/000155837019009725/0001558370-19-009725-index.htm", "finalLink": "https://www.sec.gov/Archives/edgar/data/1361538/000155837019009725/prim-20190930x10q05821d.htm"}, {"date": "2019-06-30", "symbol": "PRIM", "reportedCurrency": "USD", "cik": "0001361538", "fillingDate": "2019-08-06", "acceptedDate": "2019-08-05 17:44:05", "calendarYear": "2019", "period": "Q2", "revenue": 789929000, "costOfRevenue": 709398000, "grossProfit": 80531000, "grossProfitRatio": 0.101947137, "researchAndDevelopmentExpenses": 0, "generalAndAdministrativeExpenses": 48719000, "sellingAndMarketingExpenses": 0, "sellingGeneralAndAdministrativeExpenses": 48719000, "otherExpenses": 177000, "operatingExpenses": 48719000, "costAndExpenses": 758117000, "interestIncome": 219000, "interestExpense": 6716000, "depreciationAndAmortization": 21692000, "ebitda": 53497000, "ebitdaratio": 0.0677238081, "operatingIncome": 31812000, "operatingIncomeRatio": 0.0402719738, "totalOtherIncomeExpensesNet": -6723000, "incomeBeforeTax": 25089000, "incomeBeforeTaxRatio": 0.0317610823, "incomeTaxExpense": 7265000, "netIncome": 17787000, "netIncomeRatio": 0.0225172136, "eps": 0.35, "epsdiluted": 0.35, "weightedAverageShsOut": 50912000, "weightedAverageShsOutDil": 51228000, "link": "https://www.sec.gov/Archives/edgar/data/1361538/000155837019007105/0001558370-19-007105-index.htm", "finalLink": "https://www.sec.gov/Archives/edgar/data/1361538/000155837019007105/prim-20190630x10q.htm"}, {"date": "2019-03-31", "symbol": "PRIM", "reportedCurrency": "USD", "cik": "0001361538", "fillingDate": "2019-05-07", "acceptedDate": "2019-05-06 18:05:00", "calendarYear": "2019", "period": "Q1", "revenue": 661558000, "costOfRevenue": 609098000, "grossProfit": 52460000, "grossProfitRatio": 0.079297658, "researchAndDevelopmentExpenses": 0, "generalAndAdministrativeExpenses": 42931000, "sellingAndMarketingExpenses": 0, "sellingGeneralAndAdministrativeExpenses": 42931000, "otherExpenses": -370000, "operatingExpenses": 42931000, "costAndExpenses": 652029000, "interestIncome": 349000, "interestExpense": 5592000, "depreciationAndAmortization": 21700000, "ebitda": 29427000, "ebitdaratio": 0.0444813607, "operatingIncome": 9529000, "operatingIncomeRatio": 0.0144038769, "totalOtherIncomeExpensesNet": -5798000, "incomeBeforeTax": 3731000, "incomeBeforeTaxRatio": 0.0056397172, "incomeTaxExpense": 795000, "netIncome": 1947000, "netIncomeRatio": 0.0029430526, "eps": 0.04, "epsdiluted": 0.04, "weightedAverageShsOut": 50770000, "weightedAverageShsOutDil": 51188000, "link": "https://www.sec.gov/Archives/edgar/data/1361538/000155837019004108/0001558370-19-004108-index.htm", "finalLink": "https://www.sec.gov/Archives/edgar/data/1361538/000155837019004108/prim-20190331x10q.htm"}, {"date": "2018-12-31", "symbol": "PRIM", "reportedCurrency": "USD", "cik": "0001361538", "fillingDate": "2019-02-28", "acceptedDate": "2019-02-27 19:19:07", "calendarYear": "2018", "period": "Q4", "revenue": 877670000, "costOfRevenue": 774417000, "grossProfit": 103253000, "grossProfitRatio": 0.117644445, "researchAndDevelopmentExpenses": 0, "generalAndAdministrativeExpenses": 49957000, "sellingAndMarketingExpenses": 0, "sellingGeneralAndAdministrativeExpenses": 49957000, "otherExpenses": -57000, "operatingExpenses": 49957000, "costAndExpenses": 824374000, "interestIncome": 209000, "interestExpense": 7109000, "depreciationAndAmortization": 23255000, "ebitda": 72779000, "ebitdaratio": 0.0829229665, "operatingIncome": 53226000, "operatingIncomeRatio": 0.0606446614, "totalOtherIncomeExpensesNet": -476000, "incomeBeforeTax": 45513000, "incomeBeforeTaxRatio": 0.0518566204, "incomeTaxExpense": 11132000, "netIncome": 32367000, "netIncomeRatio": 0.0368783256, "eps": 0.63, "epsdiluted": 0.63, "weightedAverageShsOut": 50993000, "weightedAverageShsOutDil": 51397000, "link": "https://www.sec.gov/Archives/edgar/data/1361538/000155837019001230/0001558370-19-001230-index.htm", "finalLink": "https://www.sec.gov/Archives/edgar/data/1361538/000155837019001230/prim-20181231x10k.htm"}, {"date": "2018-09-30", "symbol": "PRIM", "reportedCurrency": "USD", "cik": "0001361538", "fillingDate": "2018-11-06", "acceptedDate": "2018-11-05 19:34:00", "calendarYear": "2018", "period": "Q3", "revenue": 908902000, "costOfRevenue": 802397000, "grossProfit": 106505000, "grossProfitRatio": 0.11717985, "researchAndDevelopmentExpenses": 0, "generalAndAdministrativeExpenses": 51604000, "sellingAndMarketingExpenses": 0, "sellingGeneralAndAdministrativeExpenses": 51604000, "otherExpenses": 32000, "operatingExpenses": 51604000, "costAndExpenses": 854001000, "interestIncome": 932000, "interestExpense": 6448000, "depreciationAndAmortization": 20820000, "ebitda": 72756000, "ebitdaratio": 0.080048234, "operatingIncome": 51074000, "operatingIncomeRatio": 0.0561930769, "totalOtherIncomeExpensesNet": -5553000, "incomeBeforeTax": 45521000, "incomeBeforeTaxRatio": 0.0500835074, "incomeTaxExpense": 10716000, "netIncome": 32691000, "netIncomeRatio": 0.0359675741, "eps": 0.64, "epsdiluted": 0.63, "weightedAverageShsOut": 51403000, "weightedAverageShsOutDil": 51735000, "link": "https://www.sec.gov/Archives/edgar/data/1361538/000155837018008533/0001558370-18-008533-index.htm", "finalLink": "https://www.sec.gov/Archives/edgar/data/1361538/000155837018008533/prim-20180930x10q.htm"}, {"date": "2018-06-30", "symbol": "PRIM", "reportedCurrency": "USD", "cik": "0001361538", "fillingDate": "2018-08-07", "acceptedDate": "2018-08-06 19:05:14", "calendarYear": "2018", "period": "Q2", "revenue": 648787000, "costOfRevenue": 577368000, "grossProfit": 71419000, "grossProfitRatio": 0.1100808123, "researchAndDevelopmentExpenses": 0, "generalAndAdministrativeExpenses": 43489000, "sellingAndMarketingExpenses": 0, "sellingGeneralAndAdministrativeExpenses": 43489000, "otherExpenses": 0, "operatingExpenses": 43489000, "costAndExpenses": 620857000, "interestIncome": 340000, "interestExpense": 3191000, "depreciationAndAmortization": 18383000, "ebitda": 39470000, "ebitdaratio": 0.0608366074, "operatingIncome": 20262000, "operatingIncomeRatio": 0.0312305888, "totalOtherIncomeExpensesNet": -2366000, "incomeBeforeTax": 17896000, "incomeBeforeTaxRatio": 0.0275837833, "incomeTaxExpense": 3705000, "netIncome": 11715000, "netIncomeRatio": 0.0180567736, "eps": 0.23, "epsdiluted": 0.23, "weightedAverageShsOut": 51531000, "weightedAverageShsOutDil": 51793000, "link": "https://www.sec.gov/Archives/edgar/data/1361538/000155837018006496/0001558370-18-006496-index.htm", "finalLink": "https://www.sec.gov/Archives/edgar/data/1361538/000155837018006496/prim-20180630x10q.htm"}, {"date": "2018-03-31", "symbol": "PRIM", "reportedCurrency": "USD", "cik": "0001361538", "fillingDate": "2018-05-08", "acceptedDate": "2018-05-07 17:52:19", "calendarYear": "2018", "period": "Q1", "revenue": 504119000, "costOfRevenue": 459559000, "grossProfit": 44560000, "grossProfitRatio": 0.0883918281, "researchAndDevelopmentExpenses": 0, "generalAndAdministrativeExpenses": 38651000, "sellingAndMarketingExpenses": 0, "sellingGeneralAndAdministrativeExpenses": 38651000, "otherExpenses": -12000, "operatingExpenses": 38651000, "costAndExpenses": 498210000, "interestIncome": 272000, "interestExpense": 1998000, "depreciationAndAmortization": 16792000, "ebitda": 23218000, "ebitdaratio": 0.0460565858, "operatingIncome": 5909000, "operatingIncomeRatio": 0.0117214388, "totalOtherIncomeExpensesNet": -1481000, "incomeBeforeTax": 4428000, "incomeBeforeTaxRatio": 0.0087836404, "incomeTaxExpense": 212000, "netIncome": 688000, "netIncomeRatio": 0.0013647571, "eps": 0.01, "epsdiluted": 0.01, "weightedAverageShsOut": 51479000, "weightedAverageShsOutDil": 51747000, "link": "https://www.sec.gov/Archives/edgar/data/1361538/000155837018004173/0001558370-18-004173-index.htm", "finalLink": "https://www.sec.gov/Archives/edgar/data/1361538/000155837018004173/prim-20180331x10q.htm"}, {"date": "2017-12-31", "symbol": "PRIM", "reportedCurrency": "USD", "cik": "0001361538", "fillingDate": "2018-02-26", "acceptedDate": "2018-02-26 17:15:08", "calendarYear": "2017", "period": "Q4", "revenue": 579017000, "costOfRevenue": 510540000, "grossProfit": 68477000, "grossProfitRatio": 0.1182642306, "researchAndDevelopmentExpenses": 0, "generalAndAdministrativeExpenses": 43756000, "sellingAndMarketingExpenses": 0, "sellingGeneralAndAdministrativeExpenses": 43756000, "otherExpenses": 0, "operatingExpenses": 43756000, "costAndExpenses": 554296000, "interestIncome": 176000, "interestExpense": 1541000, "depreciationAndAmortization": 17055000, "ebitda": 42193000, "ebitdaratio": 0.0728700539, "operatingIncome": 24721000, "operatingIncomeRatio": 0.0426947741, "totalOtherIncomeExpensesNet": -1124000, "incomeBeforeTax": 23597000, "incomeBeforeTaxRatio": 0.040753553, "incomeTaxExpense": -211000, "netIncome": 22521000, "netIncomeRatio": 0.0388952311, "eps": 0.44, "epsdiluted": 0.44, "weightedAverageShsOut": 51449000, "weightedAverageShsOutDil": 51711000, "link": "https://www.sec.gov/Archives/edgar/data/1361538/000155837018001107/0001558370-18-001107-index.htm", "finalLink": "https://www.sec.gov/Archives/edgar/data/1361538/000155837018001107/prim-20171231x10k.htm"}, {"date": "2017-09-30", "symbol": "PRIM", "reportedCurrency": "USD", "cik": "0001361538", "fillingDate": "2017-11-06", "acceptedDate": "2017-11-06 17:20:38", "calendarYear": "2017", "period": "Q3", "revenue": 608311000, "costOfRevenue": 537890000, "grossProfit": 70421000, "grossProfitRatio": 0.1157647979, "researchAndDevelopmentExpenses": 0, "generalAndAdministrativeExpenses": 42559000, "sellingAndMarketingExpenses": 0, "sellingGeneralAndAdministrativeExpenses": 42559000, "otherExpenses": -39000, "operatingExpenses": 42559000, "costAndExpenses": 580449000, "interestIncome": 228000, "interestExpense": 2198000, "depreciationAndAmortization": 17498000, "ebitda": 59004000, "ebitdaratio": 0.0969964377, "operatingIncome": 27862000, "operatingIncomeRatio": 0.0458022295, "totalOtherIncomeExpensesNet": 4224000, "incomeBeforeTax": 32086000, "incomeBeforeTaxRatio": 0.052746046, "incomeTaxExpense": 9952000, "netIncome": 20597000, "netIncomeRatio": 0.0338593252, "eps": 0.4, "epsdiluted": 0.4, "weightedAverageShsOut": 51441000, "weightedAverageShsOutDil": 51707000, "link": "https://www.sec.gov/Archives/edgar/data/1361538/000155837017008258/0001558370-17-008258-index.htm", "finalLink": "https://www.sec.gov/Archives/edgar/data/1361538/000155837017008258/prim-20170930x10q.htm"}, {"date": "2017-06-30", "symbol": "PRIM", "reportedCurrency": "USD", "cik": "0001361538", "fillingDate": "2017-08-08", "acceptedDate": "2017-08-07 21:46:14", "calendarYear": "2017", "period": "Q2", "revenue": 631165000, "costOfRevenue": 546682000, "grossProfit": 84483000, "grossProfitRatio": 0.1338524791, "researchAndDevelopmentExpenses": 0, "generalAndAdministrativeExpenses": 45977000, "sellingAndMarketingExpenses": 0, "sellingGeneralAndAdministrativeExpenses": 45977000, "otherExpenses": -13000, "operatingExpenses": 45977000, "costAndExpenses": 592659000, "interestIncome": 114000, "interestExpense": 2145000, "depreciationAndAmortization": 15889000, "ebitda": 54621000, "ebitdaratio": 0.0865399697, "operatingIncome": 38506000, "operatingIncomeRatio": 0.0610078189, "totalOtherIncomeExpensesNet": -1935000, "incomeBeforeTax": 36571000, "incomeBeforeTaxRatio": 0.0579420595, "incomeTaxExpense": 14175000, "netIncome": 21545000, "netIncomeRatio": 0.0341352895, "eps": 0.42, "epsdiluted": 0.42, "weightedAverageShsOut": 51437000, "weightedAverageShsOutDil": 51688000, "link": "https://www.sec.gov/Archives/edgar/data/1361538/000155837017006185/0001558370-17-006185-index.htm", "finalLink": "https://www.sec.gov/Archives/edgar/data/1361538/000155837017006185/prim-20170630x10q.htm"}, {"date": "2017-03-31", "symbol": "PRIM", "reportedCurrency": "USD", "cik": "0001361538", "fillingDate": "2017-05-08", "acceptedDate": "2017-05-08 16:38:42", "calendarYear": "2017", "period": "Q1", "revenue": 561502000, "costOfRevenue": 506449000, "grossProfit": 55053000, "grossProfitRatio": 0.0980459553, "researchAndDevelopmentExpenses": 0, "generalAndAdministrativeExpenses": 39854000, "sellingAndMarketingExpenses": 0, "sellingGeneralAndAdministrativeExpenses": 39854000, "otherExpenses": 0, "operatingExpenses": 39854000, "costAndExpenses": 546303000, "interestIncome": 69000, "interestExpense": 2262000, "depreciationAndAmortization": 15861000, "ebitda": 31152000, "ebitdaratio": 0.0554797668, "operatingIncome": 15199000, "operatingIncomeRatio": 0.0270684699, "totalOtherIncomeExpensesNet": -2170000, "incomeBeforeTax": 13029000, "incomeBeforeTaxRatio": 0.0232038354, "incomeTaxExpense": 4517000, "netIncome": 7691000, "netIncomeRatio": 0.0136971907, "eps": 0.15, "epsdiluted": 0.15, "weightedAverageShsOut": 51594000, "weightedAverageShsOutDil": 51851000, "link": "https://www.sec.gov/Archives/edgar/data/1361538/000155837017003804/0001558370-17-003804-index.htm", "finalLink": "https://www.sec.gov/Archives/edgar/data/1361538/000155837017003804/prim-20170331x10q.htm"}, {"date": "2016-12-31", "symbol": "PRIM", "reportedCurrency": "USD", "cik": "0001361538", "fillingDate": "2017-02-28", "acceptedDate": "2017-02-28 07:04:32", "calendarYear": "2016", "period": "Q4", "revenue": 601863000, "costOfRevenue": 533247000, "grossProfit": 68616000, "grossProfitRatio": 0.1140060113, "researchAndDevelopmentExpenses": 0, "generalAndAdministrativeExpenses": 39692000, "sellingAndMarketingExpenses": 0, "sellingGeneralAndAdministrativeExpenses": 39692000, "otherExpenses": -37000, "operatingExpenses": 39692000, "costAndExpenses": 572939000, "interestIncome": 27000, "interestExpense": 2160000, "depreciationAndAmortization": 16585000, "ebitda": 45413000, "ebitdaratio": 0.0754540485, "operatingIncome": 28924000, "operatingIncomeRatio": 0.0480574483, "totalOtherIncomeExpensesNet": -2256000, "incomeBeforeTax": 26668000, "incomeBeforeTaxRatio": 0.044309087, "incomeTaxExpense": 11902000, "netIncome": 14470000, "netIncomeRatio": 0.0240420162, "eps": 0.28, "epsdiluted": 0.28, "weightedAverageShsOut": 51771000, "weightedAverageShsOutDil": 52021000, "link": "https://www.sec.gov/Archives/edgar/data/1361538/000155837017001117/0001558370-17-001117-index.htm", "finalLink": "https://www.sec.gov/Archives/edgar/data/1361538/000155837017001117/prim-20161231x10k.htm"}, {"date": "2016-09-30", "symbol": "PRIM", "reportedCurrency": "USD", "cik": "0001361538", "fillingDate": "2016-11-08", "acceptedDate": "2016-11-08 06:31:16", "calendarYear": "2016", "period": "Q3", "revenue": 507828000, "costOfRevenue": 457699000, "grossProfit": 50129000, "grossProfitRatio": 0.0987125562, "researchAndDevelopmentExpenses": 0, "generalAndAdministrativeExpenses": 35994000, "sellingAndMarketingExpenses": 0, "sellingGeneralAndAdministrativeExpenses": 35994000, "otherExpenses": -278000, "operatingExpenses": 35994000, "costAndExpenses": 493693000, "interestIncome": 31000, "interestExpense": 2246000, "depreciationAndAmortization": 17356000, "ebitda": 28436000, "ebitdaratio": 0.055995337, "operatingIncome": 11419000, "operatingIncomeRatio": 0.0224859598, "totalOtherIncomeExpensesNet": -2585000, "incomeBeforeTax": 8834000, "incomeBeforeTaxRatio": 0.0173956536, "incomeTaxExpense": 4078000, "netIncome": 4504000, "netIncomeRatio": 0.0088691447, "eps": 0.09, "epsdiluted": 0.09, "weightedAverageShsOut": 51780000, "weightedAverageShsOutDil": 52034000, "link": "https://www.sec.gov/Archives/edgar/data/1361538/000155837016009607/0001558370-16-009607-index.htm", "finalLink": "https://www.sec.gov/Archives/edgar/data/1361538/000155837016009607/prim-20160930x10q.htm"}, {"date": "2016-06-30", "symbol": "PRIM", "reportedCurrency": "USD", "cik": "0001361538", "fillingDate": "2016-08-09", "acceptedDate": "2016-08-08 18:33:57", "calendarYear": "2016", "period": "Q2", "revenue": 456811000, "costOfRevenue": 413526000, "grossProfit": 43285000, "grossProfitRatio": 0.0947547235, "researchAndDevelopmentExpenses": 0, "generalAndAdministrativeExpenses": 32498000, "sellingAndMarketingExpenses": 0, "sellingGeneralAndAdministrativeExpenses": 32498000, "otherExpenses": 0, "operatingExpenses": 32498000, "costAndExpenses": 446024000, "interestIncome": 52000, "interestExpense": 2240000, "depreciationAndAmortization": 17184000, "ebitda": 28044000, "ebitdaratio": 0.0613908159, "operatingIncome": 10787000, "operatingIncomeRatio": 0.0236137046, "totalOtherIncomeExpensesNet": -2167000, "incomeBeforeTax": 8620000, "incomeBeforeTaxRatio": 0.0188699484, "incomeTaxExpense": 3333000, "netIncome": 5056000, "netIncomeRatio": 0.0110680347, "eps": 0.1, "epsdiluted": 0.1, "weightedAverageShsOut": 51772000, "weightedAverageShsOutDil": 52022000, "link": "https://www.sec.gov/Archives/edgar/data/1361538/000155837016007687/0001558370-16-007687-index.htm", "finalLink": "https://www.sec.gov/Archives/edgar/data/1361538/000155837016007687/prim-20160630x10q.htm"}, {"date": "2016-03-31", "symbol": "PRIM", "reportedCurrency": "USD", "cik": "0001361538", "fillingDate": "2016-05-06", "acceptedDate": "2016-05-06 16:45:26", "calendarYear": "2016", "period": "Q1", "revenue": 430446000, "costOfRevenue": 391169000, "grossProfit": 39277000, "grossProfitRatio": 0.091247218, "researchAndDevelopmentExpenses": 0, "generalAndAdministrativeExpenses": 32658000, "sellingAndMarketingExpenses": 0, "sellingGeneralAndAdministrativeExpenses": 32658000, "otherExpenses": 0, "operatingExpenses": 32658000, "costAndExpenses": 423827000, "interestIncome": 39000, "interestExpense": 2268000, "depreciationAndAmortization": 16905000, "ebitda": 23922000, "ebitdaratio": 0.0555749153, "operatingIncome": 6619000, "operatingIncomeRatio": 0.015377074, "totalOtherIncomeExpensesNet": -1870000, "incomeBeforeTax": 4749000, "incomeBeforeTaxRatio": 0.0110327428, "incomeTaxExpense": 1833000, "netIncome": 2693000, "netIncomeRatio": 0.0062563016, "eps": 0.05, "epsdiluted": 0.05, "weightedAverageShsOut": 51725000, "weightedAverageShsOutDil": 51881000, "link": "https://www.sec.gov/Archives/edgar/data/1361538/000110465916118789/0001104659-16-118789-index.htm", "finalLink": "https://www.sec.gov/Archives/edgar/data/1361538/000110465916118789/a16-8581_110q.htm"}, {"date": "2015-12-31", "symbol": "PRIM", "reportedCurrency": "USD", "cik": "0001361538", "fillingDate": "2016-02-29", "acceptedDate": "2016-02-29 15:56:11", "calendarYear": "2015", "period": "Q4", "revenue": 497145000, "costOfRevenue": 433420000, "grossProfit": 63725000, "grossProfitRatio": 0.1281819188, "researchAndDevelopmentExpenses": 0, "generalAndAdministrativeExpenses": 41252000, "sellingAndMarketingExpenses": 0, "sellingGeneralAndAdministrativeExpenses": 41252000, "otherExpenses": 0, "operatingExpenses": 41252000, "costAndExpenses": 474672000, "interestIncome": 34000, "interestExpense": 2125000, "depreciationAndAmortization": 16667000, "ebitda": 40287000, "ebitdaratio": 0.0810367197, "operatingIncome": 22473000, "operatingIncomeRatio": 0.0452041155, "totalOtherIncomeExpensesNet": -978000, "incomeBeforeTax": 21495000, "incomeBeforeTaxRatio": 0.0432368826, "incomeTaxExpense": 8787000, "netIncome": 12555000, "netIncomeRatio": 0.0252542015, "eps": 0.24, "epsdiluted": 0.24, "weightedAverageShsOut": 51676000, "weightedAverageShsOutDil": 51825000, "link": "https://www.sec.gov/Archives/edgar/data/1361538/000110465916100990/0001104659-16-100990-index.htm", "finalLink": "https://www.sec.gov/Archives/edgar/data/1361538/000110465916100990/a16-2603_110k.htm"}, {"date": "2015-09-30", "symbol": "PRIM", "reportedCurrency": "USD", "cik": "0001361538", "fillingDate": "2015-11-05", "acceptedDate": "2015-11-05 08:16:30", "calendarYear": "2015", "period": "Q3", "revenue": 555945000, "costOfRevenue": 484298000, "grossProfit": 71647000, "grossProfitRatio": 0.1288742591, "researchAndDevelopmentExpenses": 0, "generalAndAdministrativeExpenses": 38545000, "sellingAndMarketingExpenses": 0, "sellingGeneralAndAdministrativeExpenses": 38545000, "otherExpenses": 361000, "operatingExpenses": 38545000, "costAndExpenses": 522843000, "interestIncome": 4000, "interestExpense": 1903000, "depreciationAndAmortization": 16652000, "ebitda": 49398000, "ebitdaratio": 0.0888541133, "operatingIncome": 33102000, "operatingIncomeRatio": 0.0595418612, "totalOtherIncomeExpensesNet": -2259000, "incomeBeforeTax": 30843000, "incomeBeforeTaxRatio": 0.0554785096, "incomeTaxExpense": 11764000, "netIncome": 19007000, "netIncomeRatio": 0.0341886338, "eps": 0.37, "epsdiluted": 0.37, "weightedAverageShsOut": 51672000, "weightedAverageShsOutDil": 51824000, "link": "https://www.sec.gov/Archives/edgar/data/1361538/000110465915076032/0001104659-15-076032-index.htm", "finalLink": "https://www.sec.gov/Archives/edgar/data/1361538/000110465915076032/a15-17853_110q.htm"}, {"date": "2015-06-30", "symbol": "PRIM", "reportedCurrency": "USD", "cik": "0001361538", "fillingDate": "2015-08-06", "acceptedDate": "2015-08-06 08:01:01", "calendarYear": "2015", "period": "Q2", "revenue": 483545000, "costOfRevenue": 437049000, "grossProfit": 46496000, "grossProfitRatio": 0.0961565108, "researchAndDevelopmentExpenses": 0, "generalAndAdministrativeExpenses": 38547000, "sellingAndMarketingExpenses": 0, "sellingGeneralAndAdministrativeExpenses": 38547000, "otherExpenses": -45000, "operatingExpenses": 38547000, "costAndExpenses": 475596000, "interestIncome": 6000, "interestExpense": 1738000, "depreciationAndAmortization": 16377000, "ebitda": 24147000, "ebitdaratio": 0.0499374412, "operatingIncome": 7949000, "operatingIncomeRatio": 0.0164390077, "totalOtherIncomeExpensesNet": -1917000, "incomeBeforeTax": 6032000, "incomeBeforeTaxRatio": 0.012474537, "incomeTaxExpense": 2340000, "netIncome": 3638000, "netIncomeRatio": 0.0075236017, "eps": 0.07, "epsdiluted": 0.07, "weightedAverageShsOut": 51666000, "weightedAverageShsOutDil": 51815000, "link": "https://www.sec.gov/Archives/edgar/data/1361538/000110465915056801/0001104659-15-056801-index.htm", "finalLink": "https://www.sec.gov/Archives/edgar/data/1361538/000110465915056801/a15-11926_110q.htm"}, {"date": "2015-03-31", "symbol": "PRIM", "reportedCurrency": "USD", "cik": "0001361538", "fillingDate": "2015-05-06", "acceptedDate": "2015-05-06 15:50:12", "calendarYear": "2015", "period": "Q1", "revenue": 392780000, "costOfRevenue": 354775000, "grossProfit": 38005000, "grossProfitRatio": 0.0967589999, "researchAndDevelopmentExpenses": 0, "generalAndAdministrativeExpenses": 33760000, "sellingAndMarketingExpenses": 0, "sellingGeneralAndAdministrativeExpenses": 33760000, "otherExpenses": -44000, "operatingExpenses": 33760000, "costAndExpenses": 388535000, "interestIncome": 12000, "interestExpense": 1922000, "depreciationAndAmortization": 15505000, "ebitda": 20154000, "ebitdaratio": 0.0513111666, "operatingIncome": 4245000, "operatingIncomeRatio": 0.0108075768, "totalOtherIncomeExpensesNet": -1518000, "incomeBeforeTax": 2727000, "incomeBeforeTaxRatio": 0.0069428179, "incomeTaxExpense": 1055000, "netIncome": 1672000, "netIncomeRatio": 0.0042568359, "eps": 0.03, "epsdiluted": 0.03, "weightedAverageShsOut": 51572000, "weightedAverageShsOutDil": 51726000, "link": "https://www.sec.gov/Archives/edgar/data/1361538/000110465915034840/0001104659-15-034840-index.htm", "finalLink": "https://www.sec.gov/Archives/edgar/data/1361538/000110465915034840/a15-7127_110q.htm"}, {"date": "2014-12-31", "symbol": "PRIM", "reportedCurrency": "USD", "cik": "0001361538", "fillingDate": "2015-03-16", "acceptedDate": "2015-03-16 15:49:59", "calendarYear": "2014", "period": "Q4", "revenue": 487592000, "costOfRevenue": 437976000, "grossProfit": 49616000, "grossProfitRatio": 0.1017572068, "researchAndDevelopmentExpenses": 0, "generalAndAdministrativeExpenses": 33161000, "sellingAndMarketingExpenses": 0, "sellingGeneralAndAdministrativeExpenses": 33161000, "otherExpenses": -115000, "operatingExpenses": 33161000, "costAndExpenses": 471137000, "interestIncome": 8000, "interestExpense": 1791000, "depreciationAndAmortization": 15664000, "ebitda": 32312000, "ebitdaratio": 0.0662685196, "operatingIncome": 16455000, "operatingIncomeRatio": 0.0337474774, "totalOtherIncomeExpensesNet": -1598000, "incomeBeforeTax": 14857000, "incomeBeforeTaxRatio": 0.0304701472, "incomeTaxExpense": 5833000, "netIncome": 8930000, "netIncomeRatio": 0.0183144924, "eps": 0.17, "epsdiluted": 0.17, "weightedAverageShsOut": 51561000, "weightedAverageShsOutDil": 51710000, "link": "https://www.sec.gov/Archives/edgar/data/1361538/000110465915020037/0001104659-15-020037-index.htm", "finalLink": "https://www.sec.gov/Archives/edgar/data/1361538/000110465915020037/a14-26190_110k.htm"}, {"date": "2014-09-30", "symbol": "PRIM", "reportedCurrency": "USD", "cik": "0001361538", "fillingDate": "2014-11-07", "acceptedDate": "2014-11-07 15:53:47", "calendarYear": "2014", "period": "Q3", "revenue": 613237000, "costOfRevenue": 537764000, "grossProfit": 75473000, "grossProfitRatio": 0.1230731349, "researchAndDevelopmentExpenses": 0, "generalAndAdministrativeExpenses": 36162000, "sellingAndMarketingExpenses": 0, "sellingGeneralAndAdministrativeExpenses": 36162000, "otherExpenses": -201000, "operatingExpenses": 36162000, "costAndExpenses": 573926000, "interestIncome": 14000, "interestExpense": 1778000, "depreciationAndAmortization": 15130000, "ebitda": 59403000, "ebitdaratio": 0.096867932, "operatingIncome": 39311000, "operatingIncomeRatio": 0.0641040903, "totalOtherIncomeExpensesNet": 3184000, "incomeBeforeTax": 42495000, "incomeBeforeTaxRatio": 0.0692962101, "incomeTaxExpense": 15105000, "netIncome": 27390000, "netIncomeRatio": 0.044664624, "eps": 0.53, "epsdiluted": 0.53, "weightedAverageShsOut": 51606000, "weightedAverageShsOutDil": 51759000, "link": "https://www.sec.gov/Archives/edgar/data/1361538/000110465914078375/0001104659-14-078375-index.htm", "finalLink": "https://www.sec.gov/Archives/edgar/data/1361538/000110465914078375/a14-19808_110q.htm"}, {"date": "2014-06-30", "symbol": "PRIM", "reportedCurrency": "USD", "cik": "0001361538", "fillingDate": "2014-08-07", "acceptedDate": "2014-08-07 13:28:55", "calendarYear": "2014", "period": "Q2", "revenue": 515291000, "costOfRevenue": 454097000, "grossProfit": 61194000, "grossProfitRatio": 0.118756198, "researchAndDevelopmentExpenses": 0, "generalAndAdministrativeExpenses": 33213000, "sellingAndMarketingExpenses": 0, "sellingGeneralAndAdministrativeExpenses": 33213000, "otherExpenses": -327000, "operatingExpenses": 33213000, "costAndExpenses": 487310000, "interestIncome": 14000, "interestExpense": 1196000, "depreciationAndAmortization": 14076000, "ebitda": 41893000, "ebitdaratio": 0.0812996928, "operatingIncome": 27981000, "operatingIncomeRatio": 0.0543013559, "totalOtherIncomeExpensesNet": -1360000, "incomeBeforeTax": 26621000, "incomeBeforeTaxRatio": 0.0516620706, "incomeTaxExpense": 10618000, "netIncome": 16003000, "netIncomeRatio": 0.0310562381, "eps": 0.31, "epsdiluted": 0.31, "weightedAverageShsOut": 51655000, "weightedAverageShsOutDil": 51804000, "link": "https://www.sec.gov/Archives/edgar/data/1361538/000110465914058119/0001104659-14-058119-index.htm", "finalLink": "https://www.sec.gov/Archives/edgar/data/1361538/000110465914058119/a14-14096_110q.htm"}, {"date": "2014-03-31", "symbol": "PRIM", "reportedCurrency": "USD", "cik": "0001361538", "fillingDate": "2014-05-06", "acceptedDate": "2014-05-06 08:01:10", "calendarYear": "2014", "period": "Q1", "revenue": 470074000, "costOfRevenue": 420317000, "grossProfit": 49757000, "grossProfitRatio": 0.1058492918, "researchAndDevelopmentExpenses": 0, "generalAndAdministrativeExpenses": 29712000, "sellingAndMarketingExpenses": 0, "sellingGeneralAndAdministrativeExpenses": 29712000, "otherExpenses": -114000, "operatingExpenses": 29712000, "costAndExpenses": 450029000, "interestIncome": 52000, "interestExpense": 1668000, "depreciationAndAmortization": 13552000, "ebitda": 33575000, "ebitdaratio": 0.0714249246, "operatingIncome": 20045000, "operatingIncomeRatio": 0.0426422223, "totalOtherIncomeExpensesNet": -1690000, "incomeBeforeTax": 18355000, "incomeBeforeTaxRatio": 0.0390470437, "incomeTaxExpense": 7090000, "netIncome": 10833000, "netIncomeRatio": 0.0230453078, "eps": 0.21, "epsdiluted": 0.21, "weightedAverageShsOut": 51610000, "weightedAverageShsOutDil": 51714000, "link": "https://www.sec.gov/Archives/edgar/data/1361538/000110465914034915/0001104659-14-034915-index.htm", "finalLink": "https://www.sec.gov/Archives/edgar/data/1361538/000110465914034915/a14-9682_110q.htm"}, {"date": "2013-12-31", "symbol": "PRIM", "reportedCurrency": "USD", "cik": "0001361538", "fillingDate": "2014-03-03", "acceptedDate": "2014-03-03 06:06:15", "calendarYear": "2013", "period": "Q4", "revenue": 537879000, "costOfRevenue": 462962000, "grossProfit": 74917000, "grossProfitRatio": 0.1392822549, "researchAndDevelopmentExpenses": 0, "generalAndAdministrativeExpenses": 34121000, "sellingAndMarketingExpenses": 0, "sellingGeneralAndAdministrativeExpenses": 34121000, "otherExpenses": 0, "operatingExpenses": 34121000, "costAndExpenses": 497083000, "interestIncome": 15000, "interestExpense": 1391000, "depreciationAndAmortization": 13309000, "ebitda": 54878000, "ebitdaratio": 0.102026664, "operatingIncome": 40796000, "operatingIncomeRatio": 0.0758460546, "totalOtherIncomeExpensesNet": -618000, "incomeBeforeTax": 40178000, "incomeBeforeTaxRatio": 0.0746970973, "incomeTaxExpense": 14624000, "netIncome": 22481000, "netIncomeRatio": 0.0417956455, "eps": 0.44, "epsdiluted": 0.44, "weightedAverageShsOut": 51573000, "weightedAverageShsOutDil": 51610000, "link": "https://www.sec.gov/Archives/edgar/data/1361538/000110465914015115/0001104659-14-015115-index.htm", "finalLink": "https://www.sec.gov/Archives/edgar/data/1361538/000110465914015115/a13-26174_110k.htm"}, {"date": "2013-09-30", "symbol": "PRIM", "reportedCurrency": "USD", "cik": "0001361538", "fillingDate": "2013-11-05", "acceptedDate": "2013-11-05 08:16:50", "calendarYear": "2013", "period": "Q3", "revenue": 551333000, "costOfRevenue": 475868000, "grossProfit": 75465000, "grossProfitRatio": 0.13687735, "researchAndDevelopmentExpenses": 0, "generalAndAdministrativeExpenses": 36478000, "sellingAndMarketingExpenses": 0, "sellingGeneralAndAdministrativeExpenses": 36478000, "otherExpenses": 0, "operatingExpenses": 36478000, "costAndExpenses": 512346000, "interestIncome": 32000, "interestExpense": 1579000, "depreciationAndAmortization": 12982000, "ebitda": 51829000, "ebitdaratio": 0.0940067074, "operatingIncome": 38987000, "operatingIncomeRatio": 0.0707140694, "totalOtherIncomeExpensesNet": -1719000, "incomeBeforeTax": 37268000, "incomeBeforeTaxRatio": 0.0675961715, "incomeTaxExpense": 14075000, "netIncome": 21845000, "netIncomeRatio": 0.0396221521, "eps": 0.42, "epsdiluted": 0.42, "weightedAverageShsOut": 51568000, "weightedAverageShsOutDil": 51671000, "link": "https://www.sec.gov/Archives/edgar/data/1361538/000110465913080844/0001104659-13-080844-index.htm", "finalLink": "https://www.sec.gov/Archives/edgar/data/1361538/000110465913080844/a13-19694_110q.htm"}, {"date": "2013-06-30", "symbol": "PRIM", "reportedCurrency": "USD", "cik": "0001361538", "fillingDate": "2013-08-07", "acceptedDate": "2013-08-07 07:46:18", "calendarYear": "2013", "period": "Q2", "revenue": 445013000, "costOfRevenue": 385476000, "grossProfit": 59537000, "grossProfitRatio": 0.1337871028, "researchAndDevelopmentExpenses": 0, "generalAndAdministrativeExpenses": 31560000, "sellingAndMarketingExpenses": 0, "sellingGeneralAndAdministrativeExpenses": 31560000, "otherExpenses": 0, "operatingExpenses": 31560000, "costAndExpenses": 417036000, "interestIncome": 23000, "interestExpense": 1498000, "depreciationAndAmortization": 12313000, "ebitda": 39694000, "ebitdaratio": 0.0891973942, "operatingIncome": 27977000, "operatingIncomeRatio": 0.0628678263, "totalOtherIncomeExpensesNet": -2094000, "incomeBeforeTax": 25883000, "incomeBeforeTaxRatio": 0.0581623458, "incomeTaxExpense": 9990000, "netIncome": 15564000, "netIncomeRatio": 0.0349742592, "eps": 0.3, "epsdiluted": 0.3, "weightedAverageShsOut": 51562000, "weightedAverageShsOutDil": 51626000, "link": "https://www.sec.gov/Archives/edgar/data/1361538/000110465913060673/0001104659-13-060673-index.htm", "finalLink": "https://www.sec.gov/Archives/edgar/data/1361538/000110465913060673/a13-13839_110q.htm"}, {"date": "2013-03-31", "symbol": "PRIM", "reportedCurrency": "USD", "cik": "0001361538", "fillingDate": "2013-05-07", "acceptedDate": "2013-05-07 16:46:14", "calendarYear": "2013", "period": "Q1", "revenue": 409995000, "costOfRevenue": 363899000, "grossProfit": 46096000, "grossProfitRatio": 0.1124306394, "researchAndDevelopmentExpenses": 0, "generalAndAdministrativeExpenses": 28619000, "sellingAndMarketingExpenses": 0, "sellingGeneralAndAdministrativeExpenses": 28619000, "otherExpenses": -56000, "operatingExpenses": 28619000, "costAndExpenses": 392518000, "interestIncome": 40000, "interestExpense": 1424000, "depreciationAndAmortization": 11284000, "ebitda": 28955000, "ebitdaratio": 0.0706228125, "operatingIncome": 17477000, "operatingIncomeRatio": 0.0426273491, "totalOtherIncomeExpensesNet": -1230000, "incomeBeforeTax": 16247000, "incomeBeforeTaxRatio": 0.0396273125, "incomeTaxExpense": 6207000, "netIncome": 9770000, "netIncomeRatio": 0.0238295589, "eps": 0.19, "epsdiluted": 0.19, "weightedAverageShsOut": 51456000, "weightedAverageShsOutDil": 51467000, "link": "https://www.sec.gov/Archives/edgar/data/1361538/000110465913038270/0001104659-13-038270-index.htm", "finalLink": "https://www.sec.gov/Archives/edgar/data/1361538/000110465913038270/a13-8528_110q.htm"}, {"date": "2012-12-31", "symbol": "PRIM", "reportedCurrency": "USD", "cik": "0001361538", "fillingDate": "2013-03-07", "acceptedDate": "2013-03-07 15:55:35", "calendarYear": "2012", "period": "Q4", "revenue": 480883000, "costOfRevenue": 426064000, "grossProfit": 54819000, "grossProfitRatio": 0.1139965439, "researchAndDevelopmentExpenses": 0, "generalAndAdministrativeExpenses": 26740000, "sellingAndMarketingExpenses": 0, "sellingGeneralAndAdministrativeExpenses": 26740000, "otherExpenses": 0, "operatingExpenses": 26740000, "costAndExpenses": 452804000, "interestIncome": 14000, "interestExpense": 575000, "depreciationAndAmortization": 10235000, "ebitda": 37704000, "ebitdaratio": 0.0784057661, "operatingIncome": 28079000, "operatingIncomeRatio": 0.0583905025, "totalOtherIncomeExpensesNet": -1185000, "incomeBeforeTax": 26894000, "incomeBeforeTaxRatio": 0.0559262856, "incomeTaxExpense": 8962000, "netIncome": 17021000, "netIncomeRatio": 0.0353953041, "eps": 0.33, "epsdiluted": 0.33, "weightedAverageShsOut": 51403000, "weightedAverageShsOutDil": 51456000, "link": "https://www.sec.gov/Archives/edgar/data/1361538/000110465913018371/0001104659-13-018371-index.htm", "finalLink": "https://www.sec.gov/Archives/edgar/data/1361538/000110465913018371/a12-30186_110k.htm"}, {"date": "2012-09-30", "symbol": "PRIM", "reportedCurrency": "USD", "cik": "0001361538", "fillingDate": "2012-11-06", "acceptedDate": "2012-11-06 11:06:10", "calendarYear": "2012", "period": "Q3", "revenue": 431842000, "costOfRevenue": 375551000, "grossProfit": 56291000, "grossProfitRatio": 0.1303509154, "researchAndDevelopmentExpenses": 0, "generalAndAdministrativeExpenses": 26014000, "sellingAndMarketingExpenses": 0, "sellingGeneralAndAdministrativeExpenses": 26014000, "otherExpenses": 0, "operatingExpenses": 26014000, "costAndExpenses": 401565000, "interestIncome": 96000, "interestExpense": 937000, "depreciationAndAmortization": 8638000, "ebitda": 38488000, "ebitdaratio": 0.0891251893, "operatingIncome": 30277000, "operatingIncomeRatio": 0.0701112907, "totalOtherIncomeExpensesNet": -1364000, "incomeBeforeTax": 28913000, "incomeBeforeTaxRatio": 0.0669527281, "incomeTaxExpense": 10965000, "netIncome": 17516000, "netIncomeRatio": 0.0405611312, "eps": 0.34, "epsdiluted": 0.34, "weightedAverageShsOut": 51398000, "weightedAverageShsOutDil": 51404000, "link": "https://www.sec.gov/Archives/edgar/data/1361538/000110465912074537/0001104659-12-074537-index.htm", "finalLink": "https://www.sec.gov/Archives/edgar/data/1361538/000110465912074537/a12-20033_110q.htm"}, {"date": "2012-06-30", "symbol": "PRIM", "reportedCurrency": "USD", "cik": "0001361538", "fillingDate": "2012-08-08", "acceptedDate": "2012-08-08 13:14:49", "calendarYear": "2012", "period": "Q2", "revenue": 337436000, "costOfRevenue": 293432000, "grossProfit": 44004000, "grossProfitRatio": 0.1304069512, "researchAndDevelopmentExpenses": 0, "generalAndAdministrativeExpenses": 23396000, "sellingAndMarketingExpenses": 0, "sellingGeneralAndAdministrativeExpenses": 23396000, "otherExpenses": 0, "operatingExpenses": 23396000, "costAndExpenses": 316828000, "interestIncome": 25000, "interestExpense": 1006000, "depreciationAndAmortization": 8580000, "ebitda": 28789000, "ebitdaratio": 0.0853169194, "operatingIncome": 20608000, "operatingIncomeRatio": 0.0610723219, "totalOtherIncomeExpensesNet": -1405000, "incomeBeforeTax": 19079000, "incomeBeforeTaxRatio": 0.0565410922, "incomeTaxExpense": 7346000, "netIncome": 11733000, "netIncomeRatio": 0.0347710381, "eps": 0.23, "epsdiluted": 0.23, "weightedAverageShsOut": 51435000, "weightedAverageShsOutDil": 51435000, "link": "https://www.sec.gov/Archives/edgar/data/1361538/000110465912055756/0001104659-12-055756-index.htm", "finalLink": "https://www.sec.gov/Archives/edgar/data/1361538/000110465912055756/a12-13899_110q.htm"}, {"date": "2012-03-31", "symbol": "PRIM", "reportedCurrency": "USD", "cik": "0001361538", "fillingDate": "2012-05-09", "acceptedDate": "2012-05-09 09:31:00", "calendarYear": "2012", "period": "Q1", "revenue": 291573000, "costOfRevenue": 253977000, "grossProfit": 37596000, "grossProfitRatio": 0.1289419802, "researchAndDevelopmentExpenses": 0, "generalAndAdministrativeExpenses": 20274000, "sellingAndMarketingExpenses": 0, "sellingGeneralAndAdministrativeExpenses": 20274000, "otherExpenses": 0, "operatingExpenses": 20274000, "costAndExpenses": 274251000, "interestIncome": 22000, "interestExpense": 1101000, "depreciationAndAmortization": 8170000, "ebitda": 26365000, "ebitdaratio": 0.0904233245, "operatingIncome": 17322000, "operatingIncomeRatio": 0.059408793, "totalOtherIncomeExpensesNet": -228000, "incomeBeforeTax": 17050000, "incomeBeforeTaxRatio": 0.058475922, "incomeTaxExpense": 6564000, "netIncome": 10486000, "netIncomeRatio": 0.0359635494, "eps": 0.21, "epsdiluted": 0.2, "weightedAverageShsOut": 51096000, "weightedAverageShsOutDil": 51337000, "link": "https://www.sec.gov/Archives/edgar/data/1361538/000110465912034864/0001104659-12-034864-index.htm", "finalLink": "https://www.sec.gov/Archives/edgar/data/1361538/000110465912034864/a12-8741_110q.htm"}, {"date": "2011-12-31", "symbol": "PRIM", "reportedCurrency": "USD", "cik": "0001361538", "fillingDate": "2012-03-05", "acceptedDate": "2012-03-05 15:27:02", "calendarYear": "2011", "period": "Q4", "revenue": 373066000, "costOfRevenue": 322020000, "grossProfit": 51046000, "grossProfitRatio": 0.136828336, "researchAndDevelopmentExpenses": 0, "generalAndAdministrativeExpenses": 25779000, "sellingAndMarketingExpenses": 0, "sellingGeneralAndAdministrativeExpenses": 25779000, "otherExpenses": 0, "operatingExpenses": 25779000, "costAndExpenses": 347799000, "interestIncome": 34000, "interestExpense": 1191000, "depreciationAndAmortization": 8380000, "ebitda": 30377000, "ebitdaratio": 0.0814252706, "operatingIncome": 25267000, "operatingIncomeRatio": 0.0677279623, "totalOtherIncomeExpensesNet": -4461000, "incomeBeforeTax": 20806000, "incomeBeforeTaxRatio": 0.0557702927, "incomeTaxExpense": 8335000, "netIncome": 12471000, "netIncomeRatio": 0.0334284014, "eps": 0.24, "epsdiluted": 0.24, "weightedAverageShsOut": 51059000, "weightedAverageShsOutDil": 51292000, "link": "https://www.sec.gov/Archives/edgar/data/1361538/000110465912015638/0001104659-12-015638-index.htm", "finalLink": "https://www.sec.gov/Archives/edgar/data/1361538/000110465912015638/a12-1306_110k.htm"}, {"date": "2011-09-30", "symbol": "PRIM", "reportedCurrency": "USD", "cik": "0001361538", "fillingDate": "2011-11-08", "acceptedDate": "2011-11-08 10:00:29", "calendarYear": "2011", "period": "Q3", "revenue": 375483000, "costOfRevenue": 323362000, "grossProfit": 52121000, "grossProfitRatio": 0.1388105454, "researchAndDevelopmentExpenses": 0, "generalAndAdministrativeExpenses": 20103000, "sellingAndMarketingExpenses": 0, "sellingGeneralAndAdministrativeExpenses": 20103000, "otherExpenses": 0, "operatingExpenses": 20103000, "costAndExpenses": 343465000, "interestIncome": 39000, "interestExpense": 1516000, "depreciationAndAmortization": 7848000, "ebitda": 41456000, "ebitdaratio": 0.110407129, "operatingIncome": 32018000, "operatingIncomeRatio": 0.0852715036, "totalOtherIncomeExpensesNet": 74000, "incomeBeforeTax": 32092000, "incomeBeforeTaxRatio": 0.0854685831, "incomeTaxExpense": 12744000, "netIncome": 19348000, "netIncomeRatio": 0.0515282982, "eps": 0.38, "epsdiluted": 0.38, "weightedAverageShsOut": 51054000, "weightedAverageShsOutDil": 51054000, "link": "https://www.sec.gov/Archives/edgar/data/1361538/000110465911061911/0001104659-11-061911-index.htm", "finalLink": "https://www.sec.gov/Archives/edgar/data/1361538/000110465911061911/a11-25818_110q.htm"}, {"date": "2011-06-30", "symbol": "PRIM", "reportedCurrency": "USD", "cik": "0001361538", "fillingDate": "2011-08-05", "acceptedDate": "2011-08-05 15:22:01", "calendarYear": "2011", "period": "Q2", "revenue": 351956000, "costOfRevenue": 310550000, "grossProfit": 41406000, "grossProfitRatio": 0.1176453875, "researchAndDevelopmentExpenses": 0, "generalAndAdministrativeExpenses": 20477000, "sellingAndMarketingExpenses": 0, "sellingGeneralAndAdministrativeExpenses": 20477000, "otherExpenses": 0, "operatingExpenses": 20477000, "costAndExpenses": 331027000, "interestIncome": 100000, "interestExpense": 1353000, "depreciationAndAmortization": 8907000, "ebitda": 33958000, "ebitdaratio": 0.0964836514, "operatingIncome": 20929000, "operatingIncomeRatio": 0.0594648195, "totalOtherIncomeExpensesNet": 2769000, "incomeBeforeTax": 23698000, "incomeBeforeTaxRatio": 0.0673322802, "incomeTaxExpense": 9236000, "netIncome": 14462000, "netIncomeRatio": 0.0410903636, "eps": 0.28, "epsdiluted": 0.28, "weightedAverageShsOut": 51044000, "weightedAverageShsOutDil": 51154000, "link": "https://www.sec.gov/Archives/edgar/data/1361538/000110465911044236/0001104659-11-044236-index.htm", "finalLink": "https://www.sec.gov/Archives/edgar/data/1361538/000110465911044236/a11-14061_110q.htm"}, {"date": "2011-03-31", "symbol": "PRIM", "reportedCurrency": "USD", "cik": "0001361538", "fillingDate": "2011-05-10", "acceptedDate": "2011-05-10 13:55:21", "calendarYear": "2011", "period": "Q1", "revenue": 359645000, "costOfRevenue": 319015000, "grossProfit": 40630000, "grossProfitRatio": 0.1129725146, "researchAndDevelopmentExpenses": 0, "generalAndAdministrativeExpenses": 19845000, "sellingAndMarketingExpenses": 0, "sellingGeneralAndAdministrativeExpenses": 19845000, "otherExpenses": 0, "operatingExpenses": 19845000, "costAndExpenses": 338860000, "interestIncome": 158000, "interestExpense": 1371000, "depreciationAndAmortization": 8668000, "ebitda": 30176000, "ebitdaratio": 0.0839049618, "operatingIncome": 20785000, "operatingIncomeRatio": 0.0577931015, "totalOtherIncomeExpensesNet": -648000, "incomeBeforeTax": 20137000, "incomeBeforeTaxRatio": 0.0559913248, "incomeTaxExpense": 7859000, "netIncome": 12278000, "netIncomeRatio": 0.0341392206, "eps": 0.25, "epsdiluted": 0.24, "weightedAverageShsOut": 49675000, "weightedAverageShsOutDil": 51051000, "link": "https://www.sec.gov/Archives/edgar/data/1361538/000110465911027724/0001104659-11-027724-index.htm", "finalLink": "https://www.sec.gov/Archives/edgar/data/1361538/000110465911027724/a11-9472_110q.htm"}, {"date": "2010-12-31", "symbol": "PRIM", "reportedCurrency": "USD", "cik": "0001361538", "fillingDate": "2011-03-16", "acceptedDate": "2011-03-16 16:40:57", "calendarYear": "2010", "period": "Q4", "revenue": 333239000, "costOfRevenue": 289439000, "grossProfit": 43800000, "grossProfitRatio": 0.1314371967, "researchAndDevelopmentExpenses": 0, "generalAndAdministrativeExpenses": 21136000, "sellingAndMarketingExpenses": 0, "sellingGeneralAndAdministrativeExpenses": 21136000, "otherExpenses": 0, "operatingExpenses": 21136000, "costAndExpenses": 310575000, "interestIncome": 132000, "interestExpense": 2324000, "depreciationAndAmortization": 7618000, "ebitda": 30473000, "ebitdaratio": 0.0914448789, "operatingIncome": 22664000, "operatingIncomeRatio": 0.0680112472, "totalOtherIncomeExpensesNet": -2133000, "incomeBeforeTax": 20531000, "incomeBeforeTaxRatio": 0.0616104358, "incomeTaxExpense": 8277000, "netIncome": 12254000, "netIncomeRatio": 0.0367724066, "eps": 0.25, "epsdiluted": 0.25, "weightedAverageShsOut": 49279000, "weightedAverageShsOutDil": 49675000, "link": "https://www.sec.gov/Archives/edgar/data/1361538/000110465911014886/0001104659-11-014886-index.htm", "finalLink": "https://www.sec.gov/Archives/edgar/data/1361538/000110465911014886/a11-2372_110k.htm"}, {"date": "2010-09-30", "symbol": "PRIM", "reportedCurrency": "USD", "cik": "0001361538", "fillingDate": "2010-11-09", "acceptedDate": "2010-11-09 09:06:09", "calendarYear": "2010", "period": "Q3", "revenue": 230357000, "costOfRevenue": 202477000, "grossProfit": 27880000, "grossProfitRatio": 0.1210295324, "researchAndDevelopmentExpenses": 0, "generalAndAdministrativeExpenses": 14580000, "sellingAndMarketingExpenses": 0, "sellingGeneralAndAdministrativeExpenses": 14580000, "otherExpenses": 0, "operatingExpenses": 14580000, "costAndExpenses": 217057000, "interestIncome": 151000, "interestExpense": 1345000, "depreciationAndAmortization": 5686000, "ebitda": 20250000, "ebitdaratio": 0.0879070313, "operatingIncome": 13300000, "operatingIncomeRatio": 0.0577364699, "totalOtherIncomeExpensesNet": -81000, "incomeBeforeTax": 13219000, "incomeBeforeTaxRatio": 0.0573848418, "incomeTaxExpense": 5642000, "netIncome": 7577000, "netIncomeRatio": 0.0328924235, "eps": 0.17, "epsdiluted": 0.17, "weightedAverageShsOut": 44887000, "weightedAverageShsOutDil": 45528000, "link": "https://www.sec.gov/Archives/edgar/data/1361538/000110465910057108/0001104659-10-057108-index.htm", "finalLink": "https://www.sec.gov/Archives/edgar/data/1361538/000110465910057108/a10-17554_110q.htm"}]