[{"date": "2025-06-30", "symbol": "MNST", "reportedCurrency": "USD", "cik": "0000865752", "fillingDate": "2025-08-08", "acceptedDate": "2025-08-07 20:04:18", "calendarYear": "2025", "period": "Q2", "revenue": 2111593000, "costOfRevenue": 935180000, "grossProfit": 1176413000, "grossProfitRatio": 0.5571210929, "researchAndDevelopmentExpenses": 0, "generalAndAdministrativeExpenses": 0, "sellingAndMarketingExpenses": 0, "sellingGeneralAndAdministrativeExpenses": 0, "otherExpenses": 544791000, "operatingExpenses": 544791000, "costAndExpenses": 1479971000, "interestIncome": 18100000, "interestExpense": 1800000, "depreciationAndAmortization": 27557000, "ebitda": 676044000, "ebitdaratio": 0.3201582881, "operatingIncome": 631622000, "operatingIncomeRatio": 0.2991210901, "totalOtherIncomeExpensesNet": 15065000, "incomeBeforeTax": 646687000, "incomeBeforeTaxRatio": 0.3062555142, "incomeTaxExpense": 157893000, "netIncome": 488794000, "netIncomeRatio": 0.2314811614, "eps": 0.5, "epsdiluted": 0.5, "weightedAverageShsOut": 975749000, "weightedAverageShsOutDil": 983997000, "link": "https://www.sec.gov/Archives/edgar/data/865752/000141057825001620/0001410578-25-001620-index.htm", "finalLink": "https://www.sec.gov/Archives/edgar/data/865752/000141057825001620/mnst-20250630x10q.htm"}, {"date": "2025-03-31", "symbol": "MNST", "reportedCurrency": "USD", "cik": "0000865752", "fillingDate": "2025-05-09", "acceptedDate": "2025-05-08 21:04:07", "calendarYear": "2025", "period": "Q1", "revenue": 1854558000, "costOfRevenue": 806596000, "grossProfit": 1047962000, "grossProfitRatio": 0.5650737265, "researchAndDevelopmentExpenses": 0, "generalAndAdministrativeExpenses": 0, "sellingAndMarketingExpenses": 0, "sellingGeneralAndAdministrativeExpenses": 0, "otherExpenses": 478217000, "operatingExpenses": 478217000, "costAndExpenses": 1284813000, "interestIncome": 16800000, "interestExpense": 4000000, "depreciationAndAmortization": 24848000, "ebitda": 606865000, "ebitdaratio": 0.3272289138, "operatingIncome": 569745000, "operatingIncomeRatio": 0.307213363, "totalOtherIncomeExpensesNet": 8272000, "incomeBeforeTax": 578017000, "incomeBeforeTaxRatio": 0.311673725, "incomeTaxExpense": 135024000, "netIncome": 442993000, "netIncomeRatio": 0.2388671586, "eps": 0.46, "epsdiluted": 0.45, "weightedAverageShsOut": 973622000, "weightedAverageShsOutDil": 981282000, "link": "https://www.sec.gov/Archives/edgar/data/865752/000141057825001122/0001410578-25-001122-index.htm", "finalLink": "https://www.sec.gov/Archives/edgar/data/865752/000141057825001122/mnst-20250331x10q.htm"}, {"date": "2024-12-31", "symbol": "MNST", "reportedCurrency": "USD", "cik": "0000865752", "fillingDate": "2025-02-28", "acceptedDate": "2025-02-28 17:19:05", "calendarYear": "2024", "period": "Q4", "revenue": 1812041000, "costOfRevenue": 809596000, "grossProfit": 1002445000, "grossProfitRatio": 0.5532131999, "researchAndDevelopmentExpenses": 0, "generalAndAdministrativeExpenses": -285879000, "sellingAndMarketingExpenses": 780000000, "sellingGeneralAndAdministrativeExpenses": 494121000, "otherExpenses": 127100000, "operatingExpenses": 621221000, "costAndExpenses": 1430817000, "interestIncome": 17500000, "interestExpense": 10400000, "depreciationAndAmortization": 20612000, "ebitda": 401836000, "ebitdaratio": 0.2217587792, "operatingIncome": 381224000, "operatingIncomeRatio": 0.2103837606, "totalOtherIncomeExpensesNet": 4854000, "incomeBeforeTax": 386078000, "incomeBeforeTaxRatio": 0.213062508, "incomeTaxExpense": 115367000, "netIncome": 270711000, "netIncomeRatio": 0.1493956263, "eps": 0.28, "epsdiluted": 0.28, "weightedAverageShsOut": 972742000, "weightedAverageShsOutDil": 980942000, "link": "https://www.sec.gov/Archives/edgar/data/865752/000141057825000248/0001410578-25-000248-index.htm", "finalLink": "https://www.sec.gov/Archives/edgar/data/865752/000141057825000248/mnst-20241231x10k.htm"}, {"date": "2024-09-30", "symbol": "MNST", "reportedCurrency": "USD", "cik": "0000865752", "fillingDate": "2024-11-08", "acceptedDate": "2024-11-07 20:57:56", "calendarYear": "2024", "period": "Q3", "revenue": 1880973000, "costOfRevenue": 881174000, "grossProfit": 999799000, "grossProfitRatio": 0.5315328822, "researchAndDevelopmentExpenses": 0, "generalAndAdministrativeExpenses": 509983000, "sellingAndMarketingExpenses": 9900000, "sellingGeneralAndAdministrativeExpenses": 519883000, "otherExpenses": 0, "operatingExpenses": 519883000, "costAndExpenses": 1401057000, "interestIncome": 18100000, "interestExpense": 12500000, "depreciationAndAmortization": 19909000, "ebitda": 499825000, "ebitdaratio": 0.2657268339, "operatingIncome": 479916000, "operatingIncomeRatio": 0.2551424183, "totalOtherIncomeExpensesNet": -5820000, "incomeBeforeTax": 474096000, "incomeBeforeTaxRatio": 0.252048275, "incomeTaxExpense": 103177000, "netIncome": 370919000, "netIncomeRatio": 0.1971952814, "eps": 0.38, "epsdiluted": 0.38, "weightedAverageShsOut": 975841000, "weightedAverageShsOutDil": 983171000, "link": "https://www.sec.gov/Archives/edgar/data/865752/000141057824001818/0001410578-24-001818-index.htm", "finalLink": "https://www.sec.gov/Archives/edgar/data/865752/000141057824001818/mnst-20240930x10q.htm"}, {"date": "2024-06-30", "symbol": "MNST", "reportedCurrency": "USD", "cik": "0000865752", "fillingDate": "2024-08-08", "acceptedDate": "2024-08-08 16:38:31", "calendarYear": "2024", "period": "Q2", "revenue": 1900597000, "costOfRevenue": 881091000, "grossProfit": 1019506000, "grossProfitRatio": 0.5364135585, "researchAndDevelopmentExpenses": 0, "generalAndAdministrativeExpenses": 0, "sellingAndMarketingExpenses": 0, "sellingGeneralAndAdministrativeExpenses": 0, "otherExpenses": 492343000, "operatingExpenses": 492343000, "costAndExpenses": 1373434000, "interestIncome": 38200000, "interestExpense": 4900000, "depreciationAndAmortization": 19438000, "ebitda": 546601000, "ebitdaratio": 0.2875943717, "operatingIncome": 527163000, "operatingIncomeRatio": 0.2773670589, "totalOtherIncomeExpensesNet": 24376000, "incomeBeforeTax": 551539000, "incomeBeforeTaxRatio": 0.2901925027, "incomeTaxExpense": 126170000, "netIncome": 425369000, "netIncomeRatio": 0.2238080982, "eps": 0.41, "epsdiluted": 0.41, "weightedAverageShsOut": 1029268000, "weightedAverageShsOutDil": 1037377999, "link": "https://www.sec.gov/Archives/edgar/data/865752/000141057824001239/0001410578-24-001239-index.htm", "finalLink": "https://www.sec.gov/Archives/edgar/data/865752/000141057824001239/mnst-20240630x10q.htm"}, {"date": "2024-03-31", "symbol": "MNST", "reportedCurrency": "USD", "cik": "0000865752", "fillingDate": "2024-05-07", "acceptedDate": "2024-05-07 15:24:10", "calendarYear": "2024", "period": "Q1", "revenue": 1899098000, "costOfRevenue": 871969000, "grossProfit": 1027129000, "grossProfitRatio": 0.5408509724, "researchAndDevelopmentExpenses": 0, "generalAndAdministrativeExpenses": 0, "sellingAndMarketingExpenses": 0, "sellingGeneralAndAdministrativeExpenses": 0, "otherExpenses": 485138000, "operatingExpenses": 485138000, "costAndExpenses": 1357107000, "interestIncome": 41200000, "interestExpense": 0, "depreciationAndAmortization": 20475000, "ebitda": 598320000, "ebitdaratio": 0.3150548313, "operatingIncome": 541991000, "operatingIncomeRatio": 0.2853939081, "totalOtherIncomeExpensesNet": 35754000, "incomeBeforeTax": 577745000, "incomeBeforeTaxRatio": 0.3042207406, "incomeTaxExpense": 135696000, "netIncome": 442049000, "netIncomeRatio": 0.2327678719, "eps": 0.42, "epsdiluted": 0.42, "weightedAverageShsOut": 1041080999, "weightedAverageShsOutDil": 1051281999, "link": "https://www.sec.gov/Archives/edgar/data/865752/000141057824000605/0001410578-24-000605-index.htm", "finalLink": "https://www.sec.gov/Archives/edgar/data/865752/000141057824000605/mnst-20240331x10q.htm"}, {"date": "2023-12-31", "symbol": "MNST", "reportedCurrency": "USD", "cik": "0000865752", "fillingDate": "2024-02-29", "acceptedDate": "2024-02-29 16:55:57", "calendarYear": "2023", "period": "Q4", "revenue": 1730108000, "costOfRevenue": 791735000, "grossProfit": 938373000, "grossProfitRatio": 0.5423782793, "researchAndDevelopmentExpenses": 0, "generalAndAdministrativeExpenses": -245986000, "sellingAndMarketingExpenses": 726800000, "sellingGeneralAndAdministrativeExpenses": 480814000, "otherExpenses": 23600000, "operatingExpenses": 504414000, "costAndExpenses": 1296149000, "interestIncome": 37900000, "interestExpense": 0, "depreciationAndAmortization": 18534000, "ebitda": 452493000, "ebitdaratio": 0.26154032, "operatingIncome": 433959000, "operatingIncomeRatio": 0.250827694, "totalOtherIncomeExpensesNet": 16117000, "incomeBeforeTax": 450076000, "incomeBeforeTaxRatio": 0.2601432974, "incomeTaxExpense": 83097000, "netIncome": 366979000, "netIncomeRatio": 0.2121133478, "eps": 0.35, "epsdiluted": 0.35, "weightedAverageShsOut": 1040584000, "weightedAverageShsOutDil": 1052524000, "link": "https://www.sec.gov/Archives/edgar/data/865752/000110465924029425/0001104659-24-029425-index.htm", "finalLink": "https://www.sec.gov/Archives/edgar/data/865752/000110465924029425/mnst-20231231x10k.htm"}, {"date": "2023-09-30", "symbol": "MNST", "reportedCurrency": "USD", "cik": "0000865752", "fillingDate": "2023-11-06", "acceptedDate": "2023-11-06 16:46:23", "calendarYear": "2023", "period": "Q3", "revenue": 1856028000, "costOfRevenue": 872265000, "grossProfit": 983763000, "grossProfitRatio": 0.5300367236, "researchAndDevelopmentExpenses": 0, "generalAndAdministrativeExpenses": 456436000, "sellingAndMarketingExpenses": 8800000, "sellingGeneralAndAdministrativeExpenses": 465236000, "otherExpenses": 8000000, "operatingExpenses": 473236000, "costAndExpenses": 1345501000, "interestIncome": 39300000, "interestExpense": 0, "depreciationAndAmortization": 17980000, "ebitda": 528507000, "ebitdaratio": 0.2847516309, "operatingIncome": 510527000, "operatingIncomeRatio": 0.275064277, "totalOtherIncomeExpensesNet": 71357000, "incomeBeforeTax": 581884000, "incomeBeforeTaxRatio": 0.3135103565, "incomeTaxExpense": 129190000, "netIncome": 452694000, "netIncomeRatio": 0.2439047256, "eps": 0.43, "epsdiluted": 0.43, "weightedAverageShsOut": 1047015000, "weightedAverageShsOutDil": 1059966000, "link": "https://www.sec.gov/Archives/edgar/data/865752/000110465923114789/0001104659-23-114789-index.htm", "finalLink": "https://www.sec.gov/Archives/edgar/data/865752/000110465923114789/mnst-20230930x10q.htm"}, {"date": "2023-06-30", "symbol": "MNST", "reportedCurrency": "USD", "cik": "0000865752", "fillingDate": "2023-08-04", "acceptedDate": "2023-08-04 17:24:00", "calendarYear": "2023", "period": "Q2", "revenue": 1854961000, "costOfRevenue": 880739000, "grossProfit": 974222000, "grossProfitRatio": 0.5251981039, "researchAndDevelopmentExpenses": 0, "generalAndAdministrativeExpenses": 0, "sellingAndMarketingExpenses": 0, "sellingGeneralAndAdministrativeExpenses": 0, "otherExpenses": 450417000, "operatingExpenses": 450417000, "costAndExpenses": 1331156000, "interestIncome": 29400000, "interestExpense": 0, "depreciationAndAmortization": 15576000, "ebitda": 539381000, "ebitdaratio": 0.290777542, "operatingIncome": 523805000, "operatingIncomeRatio": 0.2823805999, "totalOtherIncomeExpensesNet": 15159000, "incomeBeforeTax": 538964000, "incomeBeforeTaxRatio": 0.2905527394, "incomeTaxExpense": 125093000, "netIncome": 413871000, "netIncomeRatio": 0.2231157421, "eps": 0.4, "epsdiluted": 0.39, "weightedAverageShsOut": 1047065000, "weightedAverageShsOutDil": 1060093000, "link": "https://www.sec.gov/Archives/edgar/data/865752/000110465923087927/0001104659-23-087927-index.htm", "finalLink": "https://www.sec.gov/Archives/edgar/data/865752/000110465923087927/mnst-20230630x10q.htm"}, {"date": "2023-03-31", "symbol": "MNST", "reportedCurrency": "USD", "cik": "0000865752", "fillingDate": "2023-05-05", "acceptedDate": "2023-05-05 16:01:23", "calendarYear": "2023", "period": "Q1", "revenue": 1698930000, "costOfRevenue": 801081000, "grossProfit": 897849000, "grossProfitRatio": 0.5284791016, "researchAndDevelopmentExpenses": 0, "generalAndAdministrativeExpenses": 0, "sellingAndMarketingExpenses": 0, "sellingGeneralAndAdministrativeExpenses": 0, "otherExpenses": 412785000, "operatingExpenses": 412785000, "costAndExpenses": 1213866000, "interestIncome": 23500000, "interestExpense": 0, "depreciationAndAmortization": 16808000, "ebitda": 501872000, "ebitdaratio": 0.2954047548, "operatingIncome": 485064000, "operatingIncomeRatio": 0.285511469, "totalOtherIncomeExpensesNet": 12496000, "incomeBeforeTax": 497560000, "incomeBeforeTaxRatio": 0.2928666867, "incomeTaxExpense": 100116000, "netIncome": 397444000, "netIncomeRatio": 0.2339378315, "eps": 0.38, "epsdiluted": 0.38, "weightedAverageShsOut": 1044909000, "weightedAverageShsOutDil": 1059069000, "link": "https://www.sec.gov/Archives/edgar/data/865752/000110465923056507/0001104659-23-056507-index.htm", "finalLink": "https://www.sec.gov/Archives/edgar/data/865752/000110465923056507/mnst-20230331x10q.htm"}, {"date": "2022-12-31", "symbol": "MNST", "reportedCurrency": "USD", "cik": "0000865752", "fillingDate": "2023-03-01", "acceptedDate": "2023-03-01 13:56:13", "calendarYear": "2022", "period": "Q4", "revenue": 1512931000, "costOfRevenue": 728616000, "grossProfit": 784315000, "grossProfitRatio": 0.5184076471, "researchAndDevelopmentExpenses": 0, "generalAndAdministrativeExpenses": 0, "sellingAndMarketingExpenses": 0, "sellingGeneralAndAdministrativeExpenses": 0, "otherExpenses": 389963000, "operatingExpenses": 389963000, "costAndExpenses": 1118579000, "interestIncome": 14900000, "interestExpense": 0, "depreciationAndAmortization": 15201000, "ebitda": 409553000, "ebitdaratio": 0.2707017042, "operatingIncome": 394352000, "operatingIncomeRatio": 0.2606543193, "totalOtherIncomeExpensesNet": -825000, "incomeBeforeTax": 393527000, "incomeBeforeTaxRatio": 0.2601090202, "incomeTaxExpense": 91853000, "netIncome": 301674000, "netIncomeRatio": 0.1993970644, "eps": 0.29, "epsdiluted": 0.29, "weightedAverageShsOut": 1044746000, "weightedAverageShsOutDil": 1058310000, "link": "https://www.sec.gov/Archives/edgar/data/865752/000110465923027245/0001104659-23-027245-index.htm", "finalLink": "https://www.sec.gov/Archives/edgar/data/865752/000110465923027245/mnst-20221231x10k.htm"}, {"date": "2022-09-30", "symbol": "MNST", "reportedCurrency": "USD", "cik": "0000865752", "fillingDate": "2022-11-04", "acceptedDate": "2022-11-04 15:01:33", "calendarYear": "2022", "period": "Q3", "revenue": 1624286000, "costOfRevenue": 790561000, "grossProfit": 833725000, "grossProfitRatio": 0.5132870689, "researchAndDevelopmentExpenses": 0, "generalAndAdministrativeExpenses": 0, "sellingAndMarketingExpenses": 0, "sellingGeneralAndAdministrativeExpenses": 0, "otherExpenses": 415795000, "operatingExpenses": 415795000, "costAndExpenses": 1206356000, "interestIncome": 9600000, "interestExpense": 0, "depreciationAndAmortization": 15608000, "ebitda": 433538000, "ebitdaratio": 0.2669098915, "operatingIncome": 417930000, "operatingIncomeRatio": 0.2573007463, "totalOtherIncomeExpensesNet": 2149000, "incomeBeforeTax": 420079000, "incomeBeforeTaxRatio": 0.2586237892, "incomeTaxExpense": 97692000, "netIncome": 322387000, "netIncomeRatio": 0.1984792087, "eps": 0.31, "epsdiluted": 0.3, "weightedAverageShsOut": 1053594000, "weightedAverageShsOutDil": 1066600000, "link": "https://www.sec.gov/Archives/edgar/data/865752/000110465922114849/0001104659-22-114849-index.htm", "finalLink": "https://www.sec.gov/Archives/edgar/data/865752/000110465922114849/mnst-20220930x10q.htm"}, {"date": "2022-06-30", "symbol": "MNST", "reportedCurrency": "USD", "cik": "0000865752", "fillingDate": "2022-08-05", "acceptedDate": "2022-08-05 16:44:49", "calendarYear": "2022", "period": "Q2", "revenue": 1655260000, "costOfRevenue": 875399000, "grossProfit": 779861000, "grossProfitRatio": 0.4711410896, "researchAndDevelopmentExpenses": 0, "generalAndAdministrativeExpenses": 0, "sellingAndMarketingExpenses": 0, "sellingGeneralAndAdministrativeExpenses": 0, "otherExpenses": 406910000, "operatingExpenses": 406910000, "costAndExpenses": 1282309000, "interestIncome": 3800000, "interestExpense": 0, "depreciationAndAmortization": 15833000, "ebitda": 388784000, "ebitdaratio": 0.2348779044, "operatingIncome": 372951000, "operatingIncomeRatio": 0.2253126397, "totalOtherIncomeExpensesNet": -6781000, "incomeBeforeTax": 366170000, "incomeBeforeTaxRatio": 0.2212160023, "incomeTaxExpense": 92810000, "netIncome": 273360000, "netIncomeRatio": 0.165146261, "eps": 0.26, "epsdiluted": 0.26, "weightedAverageShsOut": 1057233000, "weightedAverageShsOutDil": 1069622000, "link": "https://www.sec.gov/Archives/edgar/data/865752/000110465922086741/0001104659-22-086741-index.htm", "finalLink": "https://www.sec.gov/Archives/edgar/data/865752/000110465922086741/mnst-20220630x10q.htm"}, {"date": "2022-03-31", "symbol": "MNST", "reportedCurrency": "USD", "cik": "0000865752", "fillingDate": "2022-05-06", "acceptedDate": "2022-05-06 16:45:53", "calendarYear": "2022", "period": "Q1", "revenue": 1518574000, "costOfRevenue": 741907000, "grossProfit": 776667000, "grossProfitRatio": 0.5114449477, "researchAndDevelopmentExpenses": 0, "generalAndAdministrativeExpenses": 0, "sellingAndMarketingExpenses": 0, "sellingGeneralAndAdministrativeExpenses": 0, "otherExpenses": 377178000, "operatingExpenses": 377178000, "costAndExpenses": 1119085000, "interestIncome": 1500000, "interestExpense": 0, "depreciationAndAmortization": 14599000, "ebitda": 414088000, "ebitdaratio": 0.2726821347, "operatingIncome": 399489000, "operatingIncomeRatio": 0.2630685103, "totalOtherIncomeExpensesNet": -7300000, "incomeBeforeTax": 392189000, "incomeBeforeTaxRatio": 0.2582613689, "incomeTaxExpense": 97986000, "netIncome": 294203000, "netIncomeRatio": 0.1937363606, "eps": 0.28, "epsdiluted": 0.27, "weightedAverageShsOut": 1058810000, "weightedAverageShsOutDil": 1071108000, "link": "https://www.sec.gov/Archives/edgar/data/865752/000110465922057028/0001104659-22-057028-index.htm", "finalLink": "https://www.sec.gov/Archives/edgar/data/865752/000110465922057028/mnst-20220331x10q.htm"}, {"date": "2021-12-31", "symbol": "MNST", "reportedCurrency": "USD", "cik": "0000865752", "fillingDate": "2022-02-28", "acceptedDate": "2022-02-28 17:24:06", "calendarYear": "2021", "period": "Q4", "revenue": 1425044000, "costOfRevenue": 657464000, "grossProfit": 767580000, "grossProfitRatio": 0.538636, "researchAndDevelopmentExpenses": 0, "generalAndAdministrativeExpenses": 0, "sellingAndMarketingExpenses": 0, "sellingGeneralAndAdministrativeExpenses": 0, "otherExpenses": 354700000, "operatingExpenses": 354700000, "costAndExpenses": 1012164000, "interestIncome": 1100000, "interestExpense": 0, "depreciationAndAmortization": 9439000, "ebitda": 422319000, "ebitdaratio": 0.2963550599, "operatingIncome": 412880000, "operatingIncomeRatio": 0.2897314048, "totalOtherIncomeExpensesNet": 6131000, "incomeBeforeTax": 419011000, "incomeBeforeTaxRatio": 0.2940337281, "incomeTaxExpense": 97697000, "netIncome": 321314000, "netIncomeRatio": 0.2254765467, "eps": 0.3, "epsdiluted": 0.3, "weightedAverageShsOut": 1058386000, "weightedAverageShsOutDil": 1071494000, "link": "https://www.sec.gov/Archives/edgar/data/865752/000110465922028182/0001104659-22-028182-index.htm", "finalLink": "https://www.sec.gov/Archives/edgar/data/865752/000110465922028182/mnst-20211231x10k.htm"}, {"date": "2021-09-30", "symbol": "MNST", "reportedCurrency": "USD", "cik": "0000865752", "fillingDate": "2021-11-05", "acceptedDate": "2021-11-05 17:19:24", "calendarYear": "2021", "period": "Q3", "revenue": 1410557000, "costOfRevenue": 621399000, "grossProfit": 789158000, "grossProfitRatio": 0.5594655161, "researchAndDevelopmentExpenses": 0, "generalAndAdministrativeExpenses": 0, "sellingAndMarketingExpenses": 0, "sellingGeneralAndAdministrativeExpenses": 0, "otherExpenses": 344694000, "operatingExpenses": 344694000, "costAndExpenses": 966093000, "interestIncome": 800000, "interestExpense": 0, "depreciationAndAmortization": 12355000, "ebitda": 456819000, "ebitdaratio": 0.3238571713, "operatingIncome": 444464000, "operatingIncomeRatio": 0.3150982201, "totalOtherIncomeExpensesNet": -2290000, "incomeBeforeTax": 442174000, "incomeBeforeTaxRatio": 0.3134747479, "incomeTaxExpense": 104969000, "netIncome": 337205000, "netIncomeRatio": 0.2390580459, "eps": 0.32, "epsdiluted": 0.32, "weightedAverageShsOut": 1057994000, "weightedAverageShsOutDil": 1071830000, "link": "https://www.sec.gov/Archives/edgar/data/865752/000110465921135130/0001104659-21-135130-index.htm", "finalLink": "https://www.sec.gov/Archives/edgar/data/865752/000110465921135130/mnst-20210930x10q.htm"}, {"date": "2021-06-30", "symbol": "MNST", "reportedCurrency": "USD", "cik": "0000865752", "fillingDate": "2021-08-09", "acceptedDate": "2021-08-06 17:33:13", "calendarYear": "2021", "period": "Q2", "revenue": 1461934000, "costOfRevenue": 625096000, "grossProfit": 836838000, "grossProfitRatio": 0.5724184539, "researchAndDevelopmentExpenses": 0, "generalAndAdministrativeExpenses": 0, "sellingAndMarketingExpenses": 0, "sellingGeneralAndAdministrativeExpenses": 0, "otherExpenses": 310863000, "operatingExpenses": 310863000, "costAndExpenses": 935959000, "interestIncome": 1100000, "interestExpense": 0, "depreciationAndAmortization": 12674000, "ebitda": 538649000, "ebitdaratio": 0.3684496017, "operatingIncome": 525975000, "operatingIncomeRatio": 0.3597802637, "totalOtherIncomeExpensesNet": 872000, "incomeBeforeTax": 526847000, "incomeBeforeTaxRatio": 0.3603767338, "incomeTaxExpense": 123085000, "netIncome": 403762000, "netIncomeRatio": 0.2761834666, "eps": 0.38, "epsdiluted": 0.38, "weightedAverageShsOut": 1057306000, "weightedAverageShsOutDil": 1071114000, "link": "https://www.sec.gov/Archives/edgar/data/865752/000110465921101583/0001104659-21-101583-index.htm", "finalLink": "https://www.sec.gov/Archives/edgar/data/865752/000110465921101583/mnst-20210630x10q.htm"}, {"date": "2021-03-31", "symbol": "MNST", "reportedCurrency": "USD", "cik": "0000865752", "fillingDate": "2021-05-07", "acceptedDate": "2021-05-07 17:21:00", "calendarYear": "2021", "period": "Q1", "revenue": 1243816000, "costOfRevenue": 528881000, "grossProfit": 714935000, "grossProfitRatio": 0.574791609, "researchAndDevelopmentExpenses": 0, "generalAndAdministrativeExpenses": 0, "sellingAndMarketingExpenses": 0, "sellingGeneralAndAdministrativeExpenses": 0, "otherExpenses": 300789000, "operatingExpenses": 300789000, "costAndExpenses": 829670000, "interestIncome": 1100000, "interestExpense": 0, "depreciationAndAmortization": 12825000, "ebitda": 426971000, "ebitdaratio": 0.3432750503, "operatingIncome": 414146000, "operatingIncomeRatio": 0.3329640397, "totalOtherIncomeExpensesNet": -759000, "incomeBeforeTax": 413387000, "incomeBeforeTaxRatio": 0.3323538208, "incomeTaxExpense": 98193000, "netIncome": 315194000, "netIncomeRatio": 0.2534088643, "eps": 0.3, "epsdiluted": 0.3, "weightedAverageShsOut": 1056390000, "weightedAverageShsOutDil": 1069964000, "link": "https://www.sec.gov/Archives/edgar/data/865752/000110465921063189/0001104659-21-063189-index.htm", "finalLink": "https://www.sec.gov/Archives/edgar/data/865752/000110465921063189/mnst-20210331x10q.htm"}, {"date": "2020-12-31", "symbol": "MNST", "reportedCurrency": "USD", "cik": "0000865752", "fillingDate": "2021-03-01", "acceptedDate": "2021-03-01 15:46:40", "calendarYear": "2020", "period": "Q4", "revenue": 1196283000, "costOfRevenue": 505598000, "grossProfit": 690685000, "grossProfitRatio": 0.5773592035, "researchAndDevelopmentExpenses": 0, "generalAndAdministrativeExpenses": 0, "sellingAndMarketingExpenses": 0, "sellingGeneralAndAdministrativeExpenses": 0, "otherExpenses": 288384000, "operatingExpenses": 288384000, "costAndExpenses": 793982000, "interestIncome": 1200000, "interestExpense": 0, "depreciationAndAmortization": 15094000, "ebitda": 417395000, "ebitdaratio": 0.3489099151, "operatingIncome": 402301000, "operatingIncomeRatio": 0.3362924994, "totalOtherIncomeExpensesNet": -1505000, "incomeBeforeTax": 400796000, "incomeBeforeTaxRatio": 0.3350344358, "incomeTaxExpense": -70940000, "netIncome": 471736000, "netIncomeRatio": 0.3943347853, "eps": 0.45, "epsdiluted": 0.44, "weightedAverageShsOut": 1055972000, "weightedAverageShsOutDil": 1068398000, "link": "https://www.sec.gov/Archives/edgar/data/865752/000110465921029943/0001104659-21-029943-index.htm", "finalLink": "https://www.sec.gov/Archives/edgar/data/865752/000110465921029943/mnst-20201231x10k.htm"}, {"date": "2020-09-30", "symbol": "MNST", "reportedCurrency": "USD", "cik": "0000865752", "fillingDate": "2020-11-06", "acceptedDate": "2020-11-06 17:29:38", "calendarYear": "2020", "period": "Q3", "revenue": 1246362000, "costOfRevenue": 509831000, "grossProfit": 736531000, "grossProfitRatio": 0.5909446854, "researchAndDevelopmentExpenses": 0, "generalAndAdministrativeExpenses": 0, "sellingAndMarketingExpenses": 0, "sellingGeneralAndAdministrativeExpenses": 0, "otherExpenses": 277930000, "operatingExpenses": 277930000, "costAndExpenses": 787761000, "interestIncome": 1500000, "interestExpense": 0, "depreciationAndAmortization": 13822000, "ebitda": 472423000, "ebitdaratio": 0.3790415626, "operatingIncome": 458601000, "operatingIncomeRatio": 0.3679516866, "totalOtherIncomeExpensesNet": -4568000, "incomeBeforeTax": 454033000, "incomeBeforeTaxRatio": 0.3642866198, "incomeTaxExpense": 106379000, "netIncome": 347654000, "netIncomeRatio": 0.2789350125, "eps": 0.33, "epsdiluted": 0.33, "weightedAverageShsOut": 1055274000, "weightedAverageShsOutDil": 1066526000, "link": "https://www.sec.gov/Archives/edgar/data/865752/000110465920122598/0001104659-20-122598-index.htm", "finalLink": "https://www.sec.gov/Archives/edgar/data/865752/000110465920122598/mnst-20200930x10q.htm"}, {"date": "2020-06-30", "symbol": "MNST", "reportedCurrency": "USD", "cik": "0000865752", "fillingDate": "2020-08-06", "acceptedDate": "2020-08-06 15:17:30", "calendarYear": "2020", "period": "Q2", "revenue": 1093896000, "costOfRevenue": 434427000, "grossProfit": 659469000, "grossProfitRatio": 0.6028626122, "researchAndDevelopmentExpenses": 0, "generalAndAdministrativeExpenses": 0, "sellingAndMarketingExpenses": 0, "sellingGeneralAndAdministrativeExpenses": 0, "otherExpenses": 252205000, "operatingExpenses": 252205000, "costAndExpenses": 686632000, "interestIncome": 900000, "interestExpense": 0, "depreciationAndAmortization": 15511000, "ebitda": 422775000, "ebitdaratio": 0.3864855526, "operatingIncome": 407264000, "operatingIncomeRatio": 0.3723059596, "totalOtherIncomeExpensesNet": -1796000, "incomeBeforeTax": 405468000, "incomeBeforeTaxRatio": 0.3706641216, "incomeTaxExpense": 94099000, "netIncome": 311369000, "netIncomeRatio": 0.2846422329, "eps": 0.3, "epsdiluted": 0.3, "weightedAverageShsOut": 1053822000, "weightedAverageShsOutDil": 1062382000, "link": "https://www.sec.gov/Archives/edgar/data/865752/000110465920091376/0001104659-20-091376-index.htm", "finalLink": "https://www.sec.gov/Archives/edgar/data/865752/000110465920091376/mnst-20200630x10q.htm"}, {"date": "2020-03-31", "symbol": "MNST", "reportedCurrency": "USD", "cik": "0000865752", "fillingDate": "2020-05-11", "acceptedDate": "2020-05-08 18:16:17", "calendarYear": "2020", "period": "Q1", "revenue": 1062097000, "costOfRevenue": 424901000, "grossProfit": 637196000, "grossProfitRatio": 0.5999414366, "researchAndDevelopmentExpenses": 0, "generalAndAdministrativeExpenses": 0, "sellingAndMarketingExpenses": 0, "sellingGeneralAndAdministrativeExpenses": 0, "otherExpenses": 272208000, "operatingExpenses": 272208000, "costAndExpenses": 697109000, "interestIncome": 4500000, "interestExpense": 0, "depreciationAndAmortization": 16546000, "ebitda": 381534000, "ebitdaratio": 0.3592270762, "operatingIncome": 364988000, "operatingIncomeRatio": 0.3436484615, "totalOtherIncomeExpensesNet": 872000, "incomeBeforeTax": 365860000, "incomeBeforeTaxRatio": 0.3444694788, "incomeTaxExpense": 87025000, "netIncome": 278835000, "netIncomeRatio": 0.2625325182, "eps": 0.26, "epsdiluted": 0.26, "weightedAverageShsOut": 1072122000, "weightedAverageShsOutDil": 1081036000, "link": "https://www.sec.gov/Archives/edgar/data/865752/000110465920058939/0001104659-20-058939-index.htm", "finalLink": "https://www.sec.gov/Archives/edgar/data/865752/000110465920058939/mnst-20200331x10q.htm"}, {"date": "2019-12-31", "symbol": "MNST", "reportedCurrency": "USD", "cik": "0000865752", "fillingDate": "2020-02-28", "acceptedDate": "2020-02-28 17:05:10", "calendarYear": "2019", "period": "Q4", "revenue": 1017206000, "costOfRevenue": 406438000, "grossProfit": 610768000, "grossProfitRatio": 0.600436883, "researchAndDevelopmentExpenses": 0, "generalAndAdministrativeExpenses": 0, "sellingAndMarketingExpenses": 0, "sellingGeneralAndAdministrativeExpenses": 0, "otherExpenses": 293723000, "operatingExpenses": 293723000, "costAndExpenses": 700161000, "interestIncome": 4300000, "interestExpense": 0, "depreciationAndAmortization": 16971000, "ebitda": 334016000, "ebitdaratio": 0.3283661323, "operatingIncome": 317045000, "operatingIncomeRatio": 0.3116821961, "totalOtherIncomeExpensesNet": 4188000, "incomeBeforeTax": 321233000, "incomeBeforeTaxRatio": 0.3157993563, "incomeTaxExpense": 66279000, "netIncome": 254954000, "netIncomeRatio": 0.250641463, "eps": 0.24, "epsdiluted": 0.24, "weightedAverageShsOut": 1074806000, "weightedAverageShsOutDil": 1082490000, "link": "https://www.sec.gov/Archives/edgar/data/865752/000110465920027209/0001104659-20-027209-index.htm", "finalLink": "https://www.sec.gov/Archives/edgar/data/865752/000110465920027209/mnst-20191231x10kb9432b.htm"}, {"date": "2019-09-30", "symbol": "MNST", "reportedCurrency": "USD", "cik": "0000865752", "fillingDate": "2019-11-08", "acceptedDate": "2019-11-07 20:03:21", "calendarYear": "2019", "period": "Q3", "revenue": 1133577000, "costOfRevenue": 460575000, "grossProfit": 673002000, "grossProfitRatio": 0.5936976491, "researchAndDevelopmentExpenses": 0, "generalAndAdministrativeExpenses": 0, "sellingAndMarketingExpenses": 0, "sellingGeneralAndAdministrativeExpenses": 0, "otherExpenses": 277559000, "operatingExpenses": 277559000, "costAndExpenses": 738134000, "interestIncome": 6100000, "interestExpense": 0, "depreciationAndAmortization": 15399000, "ebitda": 410842000, "ebitdaratio": 0.3624297247, "operatingIncome": 395443000, "operatingIncomeRatio": 0.3488452924, "totalOtherIncomeExpensesNet": 3121000, "incomeBeforeTax": 398564000, "incomeBeforeTaxRatio": 0.351598524, "incomeTaxExpense": 99641000, "netIncome": 298923000, "netIncomeRatio": 0.263698893, "eps": 0.28, "epsdiluted": 0.28, "weightedAverageShsOut": 1088938000, "weightedAverageShsOutDil": 1096844000, "link": "https://www.sec.gov/Archives/edgar/data/865752/000110465919061273/0001104659-19-061273-index.htm", "finalLink": "https://www.sec.gov/Archives/edgar/data/865752/000110465919061273/mnst-20190930x10qd1f63d.htm"}, {"date": "2019-06-30", "symbol": "MNST", "reportedCurrency": "USD", "cik": "0000865752", "fillingDate": "2019-08-08", "acceptedDate": "2019-08-08 16:43:46", "calendarYear": "2019", "period": "Q2", "revenue": 1104045000, "costOfRevenue": 442762000, "grossProfit": 661283000, "grossProfitRatio": 0.5989638104, "researchAndDevelopmentExpenses": 0, "generalAndAdministrativeExpenses": 0, "sellingAndMarketingExpenses": 0, "sellingGeneralAndAdministrativeExpenses": 0, "otherExpenses": 282293000, "operatingExpenses": 282293000, "costAndExpenses": 725055000, "interestIncome": 4099999, "interestExpense": 0, "depreciationAndAmortization": 17574000, "ebitda": 396564000, "ebitdaratio": 0.3591918808, "operatingIncome": 378990000, "operatingIncomeRatio": 0.3432740513, "totalOtherIncomeExpensesNet": 2973000, "incomeBeforeTax": 381963000, "incomeBeforeTaxRatio": 0.3459668764, "incomeTaxExpense": 89490000, "netIncome": 292473000, "netIncomeRatio": 0.2649103977, "eps": 0.27, "epsdiluted": 0.27, "weightedAverageShsOut": 1088312000, "weightedAverageShsOutDil": 1096436000, "link": "https://www.sec.gov/Archives/edgar/data/865752/000141057819000733/0001410578-19-000733-index.htm", "finalLink": "https://www.sec.gov/Archives/edgar/data/865752/000141057819000733/mnst-20190630x10q.htm"}, {"date": "2019-03-31", "symbol": "MNST", "reportedCurrency": "USD", "cik": "0000865752", "fillingDate": "2019-05-03", "acceptedDate": "2019-05-03 14:49:55", "calendarYear": "2019", "period": "Q1", "revenue": 945991000, "costOfRevenue": 372459000, "grossProfit": 573532000, "grossProfitRatio": 0.6062763811, "researchAndDevelopmentExpenses": 0, "generalAndAdministrativeExpenses": 0, "sellingAndMarketingExpenses": 0, "sellingGeneralAndAdministrativeExpenses": 0, "otherExpenses": 262071000, "operatingExpenses": 262071000, "costAndExpenses": 634530000, "interestIncome": 3000000, "interestExpense": 0, "depreciationAndAmortization": 14870000, "ebitda": 326331000, "ebitdaratio": 0.3449620557, "operatingIncome": 311461000, "operatingIncomeRatio": 0.3292430901, "totalOtherIncomeExpensesNet": 2742000, "incomeBeforeTax": 314203000, "incomeBeforeTaxRatio": 0.3321416377, "incomeTaxExpense": 52718000, "netIncome": 261485000, "netIncomeRatio": 0.2764138348, "eps": 0.24, "epsdiluted": 0.24, "weightedAverageShsOut": 1085536000, "weightedAverageShsOutDil": 1096546000, "link": "https://www.sec.gov/Archives/edgar/data/865752/000110465919026789/0001104659-19-026789-index.htm", "finalLink": "https://www.sec.gov/Archives/edgar/data/865752/000110465919026789/a19-7742_110q.htm"}, {"date": "2018-12-31", "symbol": "MNST", "reportedCurrency": "USD", "cik": "0000865752", "fillingDate": "2019-02-28", "acceptedDate": "2019-02-28 16:47:15", "calendarYear": "2018", "period": "Q4", "revenue": 924230000, "costOfRevenue": 372028000, "grossProfit": 552202000, "grossProfitRatio": 0.5974724906, "researchAndDevelopmentExpenses": 0, "generalAndAdministrativeExpenses": 0, "sellingAndMarketingExpenses": 0, "sellingGeneralAndAdministrativeExpenses": 0, "otherExpenses": 245691000, "operatingExpenses": 245691000, "costAndExpenses": 617719000, "interestIncome": 4700000, "interestExpense": 0, "depreciationAndAmortization": 14510000, "ebitda": 321021000, "ebitdaratio": 0.3473388659, "operatingIncome": 306511000, "operatingIncomeRatio": 0.3316393106, "totalOtherIncomeExpensesNet": 4384000, "incomeBeforeTax": 310895000, "incomeBeforeTaxRatio": 0.3363827186, "incomeTaxExpense": 71788000, "netIncome": 239107000, "netIncomeRatio": 0.2587094122, "eps": 0.22, "epsdiluted": 0.22, "weightedAverageShsOut": 1100648000, "weightedAverageShsOutDil": 1113332000, "link": "https://www.sec.gov/Archives/edgar/data/865752/000110465919011581/0001104659-19-011581-index.htm", "finalLink": "https://www.sec.gov/Archives/edgar/data/865752/000110465919011581/a19-30117_110k.htm"}, {"date": "2018-09-30", "symbol": "MNST", "reportedCurrency": "USD", "cik": "0000865752", "fillingDate": "2018-11-08", "acceptedDate": "2018-11-08 14:21:06", "calendarYear": "2018", "period": "Q3", "revenue": 1016160000, "costOfRevenue": 408501000, "grossProfit": 607659000, "grossProfitRatio": 0.5979953944, "researchAndDevelopmentExpenses": 0, "generalAndAdministrativeExpenses": 0, "sellingAndMarketingExpenses": 0, "sellingGeneralAndAdministrativeExpenses": 0, "otherExpenses": 268086000, "operatingExpenses": 268086000, "costAndExpenses": 676587000, "interestIncome": 3400000, "interestExpense": 0, "depreciationAndAmortization": 14284000, "ebitda": 353857000, "ebitdaratio": 0.3482296095, "operatingIncome": 339573000, "operatingIncomeRatio": 0.3341727681, "totalOtherIncomeExpensesNet": 2988000, "incomeBeforeTax": 342561000, "incomeBeforeTaxRatio": 0.3371132499, "incomeTaxExpense": 74828000, "netIncome": 267733000, "netIncomeRatio": 0.2634752401, "eps": 0.24, "epsdiluted": 0.24, "weightedAverageShsOut": 1105388000, "weightedAverageShsOutDil": 1119910000, "link": "https://www.sec.gov/Archives/edgar/data/865752/000110465918066941/0001104659-18-066941-index.htm", "finalLink": "https://www.sec.gov/Archives/edgar/data/865752/000110465918066941/a18-19036_110q.htm"}, {"date": "2018-06-30", "symbol": "MNST", "reportedCurrency": "USD", "cik": "0000865752", "fillingDate": "2018-08-09", "acceptedDate": "2018-08-09 13:07:30", "calendarYear": "2018", "period": "Q2", "revenue": 1015873000, "costOfRevenue": 395615000, "grossProfit": 620258000, "grossProfitRatio": 0.6105664783, "researchAndDevelopmentExpenses": 0, "generalAndAdministrativeExpenses": 0, "sellingAndMarketingExpenses": 0, "sellingGeneralAndAdministrativeExpenses": 0, "otherExpenses": 262637000, "operatingExpenses": 262637000, "costAndExpenses": 658252000, "interestIncome": 2700000, "interestExpense": 0, "depreciationAndAmortization": 14194000, "ebitda": 371815000, "ebitdaratio": 0.3660053963, "operatingIncome": 357621000, "operatingIncomeRatio": 0.3520331774, "totalOtherIncomeExpensesNet": 476000, "incomeBeforeTax": 358097000, "incomeBeforeTaxRatio": 0.3525017399, "incomeTaxExpense": 87981000, "netIncome": 270116000, "netIncomeRatio": 0.2658954417, "eps": 0.24, "epsdiluted": 0.24, "weightedAverageShsOut": 1119734000, "weightedAverageShsOutDil": 1132704000, "link": "https://www.sec.gov/Archives/edgar/data/865752/000110465918050877/0001104659-18-050877-index.htm", "finalLink": "https://www.sec.gov/Archives/edgar/data/865752/000110465918050877/a18-14096_110q.htm"}, {"date": "2018-03-31", "symbol": "MNST", "reportedCurrency": "USD", "cik": "0000865752", "fillingDate": "2018-05-10", "acceptedDate": "2018-05-10 12:16:42", "calendarYear": "2018", "period": "Q1", "revenue": 850921000, "costOfRevenue": 335664000, "grossProfit": 515257000, "grossProfitRatio": 0.6055285978, "researchAndDevelopmentExpenses": 0, "generalAndAdministrativeExpenses": 0, "sellingAndMarketingExpenses": 0, "sellingGeneralAndAdministrativeExpenses": 0, "otherExpenses": 235342000, "operatingExpenses": 235342000, "costAndExpenses": 571006000, "interestIncome": 3000000, "interestExpense": 0, "depreciationAndAmortization": 13991000, "ebitda": 293906000, "ebitdaratio": 0.3453975163, "operatingIncome": 279915000, "operatingIncomeRatio": 0.3289553319, "totalOtherIncomeExpensesNet": 1805000, "incomeBeforeTax": 281720000, "incomeBeforeTaxRatio": 0.3310765629, "incomeTaxExpense": 65670000, "netIncome": 216050000, "netIncomeRatio": 0.253901361, "eps": 0.19, "epsdiluted": 0.19, "weightedAverageShsOut": 1132000000, "weightedAverageShsOutDil": 1148258000, "link": "https://www.sec.gov/Archives/edgar/data/865752/000110465918032034/0001104659-18-032034-index.htm", "finalLink": "https://www.sec.gov/Archives/edgar/data/865752/000110465918032034/a18-8672_110q.htm"}, {"date": "2017-12-31", "symbol": "MNST", "reportedCurrency": "USD", "cik": "0000865752", "fillingDate": "2018-03-01", "acceptedDate": "2018-03-01 15:20:56", "calendarYear": "2017", "period": "Q4", "revenue": 810355000, "costOfRevenue": 306745000, "grossProfit": 503610000, "grossProfitRatio": 0.6214683688, "researchAndDevelopmentExpenses": 0, "generalAndAdministrativeExpenses": 0, "sellingAndMarketingExpenses": 0, "sellingGeneralAndAdministrativeExpenses": 0, "otherExpenses": 236498000, "operatingExpenses": 236498000, "costAndExpenses": 543243000, "interestIncome": 1400000, "interestExpense": 0, "depreciationAndAmortization": 13783000, "ebitda": 280895000, "ebitdaratio": 0.3466320316, "operatingIncome": 267112000, "operatingIncomeRatio": 0.3296234366, "totalOtherIncomeExpensesNet": 733000, "incomeBeforeTax": 267845000, "incomeBeforeTaxRatio": 0.3305279785, "incomeTaxExpense": 66523000, "netIncome": 201322000, "netIncomeRatio": 0.2484367962, "eps": 0.18, "epsdiluted": 0.18, "weightedAverageShsOut": 1129000000, "weightedAverageShsOutDil": 1150072000, "link": "https://www.sec.gov/Archives/edgar/data/865752/000110465918014057/0001104659-18-014057-index.htm", "finalLink": "https://www.sec.gov/Archives/edgar/data/865752/000110465918014057/a18-1123_110k.htm"}, {"date": "2017-09-30", "symbol": "MNST", "reportedCurrency": "USD", "cik": "0000865752", "fillingDate": "2017-11-09", "acceptedDate": "2017-11-08 19:28:35", "calendarYear": "2017", "period": "Q3", "revenue": 909476000, "costOfRevenue": 339767000, "grossProfit": 569709000, "grossProfitRatio": 0.6264145508, "researchAndDevelopmentExpenses": 0, "generalAndAdministrativeExpenses": 0, "sellingAndMarketingExpenses": 0, "sellingGeneralAndAdministrativeExpenses": 252337000, "otherExpenses": 0, "operatingExpenses": 252337000, "costAndExpenses": 592104000, "interestIncome": 2300000, "interestExpense": 0, "depreciationAndAmortization": 12329000, "ebitda": 329701000, "ebitdaratio": 0.3625175376, "operatingIncome": 317372000, "operatingIncomeRatio": 0.34896138, "totalOtherIncomeExpensesNet": 3996000, "incomeBeforeTax": 321368000, "incomeBeforeTaxRatio": 0.3533551188, "incomeTaxExpense": 102624000, "netIncome": 218744000, "netIncomeRatio": 0.2405165172, "eps": 0.2, "epsdiluted": 0.19, "weightedAverageShsOut": 1135756000, "weightedAverageShsOutDil": 1156736000, "link": "https://www.sec.gov/Archives/edgar/data/865752/000110465917067073/0001104659-17-067073-index.htm", "finalLink": "https://www.sec.gov/Archives/edgar/data/865752/000110465917067073/a17-20652_110q.htm"}, {"date": "2017-06-30", "symbol": "MNST", "reportedCurrency": "USD", "cik": "0000865752", "fillingDate": "2017-08-09", "acceptedDate": "2017-08-08 18:12:30", "calendarYear": "2017", "period": "Q2", "revenue": 907068000, "costOfRevenue": 323571000, "grossProfit": 583497000, "grossProfitRatio": 0.6432781225, "researchAndDevelopmentExpenses": 0, "generalAndAdministrativeExpenses": 0, "sellingAndMarketingExpenses": 0, "sellingGeneralAndAdministrativeExpenses": 0, "otherExpenses": 233456000, "operatingExpenses": 233456000, "costAndExpenses": 557027000, "interestIncome": 1400000, "interestExpense": 0, "depreciationAndAmortization": 11592000, "ebitda": 361633000, "ebitdaratio": 0.3986834504, "operatingIncome": 350041000, "operatingIncomeRatio": 0.3859038132, "totalOtherIncomeExpensesNet": -2551000, "incomeBeforeTax": 347490000, "incomeBeforeTaxRatio": 0.3830914551, "incomeTaxExpense": 124857000, "netIncome": 222633000, "netIncomeRatio": 0.2454424586, "eps": 0.2, "epsdiluted": 0.2, "weightedAverageShsOut": 1135820000, "weightedAverageShsOutDil": 1156040000, "link": "https://www.sec.gov/Archives/edgar/data/865752/000110465917050342/0001104659-17-050342-index.htm", "finalLink": "https://www.sec.gov/Archives/edgar/data/865752/000110465917050342/a17-13376_110q.htm"}, {"date": "2017-03-31", "symbol": "MNST", "reportedCurrency": "USD", "cik": "0000865752", "fillingDate": "2017-05-08", "acceptedDate": "2017-05-05 18:38:09", "calendarYear": "2017", "period": "Q1", "revenue": 742146000, "costOfRevenue": 261272000, "grossProfit": 480874000, "grossProfitRatio": 0.6479506728, "researchAndDevelopmentExpenses": 0, "generalAndAdministrativeExpenses": 0, "sellingAndMarketingExpenses": 0, "sellingGeneralAndAdministrativeExpenses": 0, "otherExpenses": 216612000, "operatingExpenses": 216612000, "costAndExpenses": 477884000, "interestIncome": 800000, "interestExpense": 0, "depreciationAndAmortization": 11183000, "ebitda": 275445000, "ebitdaratio": 0.3711466477, "operatingIncome": 264262000, "operatingIncomeRatio": 0.3560781841, "totalOtherIncomeExpensesNet": 658000, "incomeBeforeTax": 264920000, "incomeBeforeTaxRatio": 0.3569648021, "incomeTaxExpense": 86940000, "netIncome": 177980000, "netIncomeRatio": 0.2398180412, "eps": 0.16, "epsdiluted": 0.16, "weightedAverageShsOut": 1143156000, "weightedAverageShsOutDil": 1164064000, "link": "https://www.sec.gov/Archives/edgar/data/865752/000110465917030369/0001104659-17-030369-index.htm", "finalLink": "https://www.sec.gov/Archives/edgar/data/865752/000110465917030369/a17-8936_110q.htm"}, {"date": "2016-12-31", "symbol": "MNST", "reportedCurrency": "USD", "cik": "0000865752", "fillingDate": "2017-03-01", "acceptedDate": "2017-03-01 16:19:57", "calendarYear": "2016", "period": "Q4", "revenue": 753765000, "costOfRevenue": 255652000, "grossProfit": 498113000, "grossProfitRatio": 0.6608332836, "researchAndDevelopmentExpenses": 0, "generalAndAdministrativeExpenses": 0, "sellingAndMarketingExpenses": 0, "sellingGeneralAndAdministrativeExpenses": 0, "otherExpenses": 246385000, "operatingExpenses": 246385000, "costAndExpenses": 502037000, "interestIncome": 500000, "interestExpense": 0, "depreciationAndAmortization": 10971000, "ebitda": 262699000, "ebitdaratio": 0.3485157841, "operatingIncome": 251728000, "operatingIncomeRatio": 0.3339608499, "totalOtherIncomeExpensesNet": -5002000, "incomeBeforeTax": 246726000, "incomeBeforeTaxRatio": 0.3273248294, "incomeTaxExpense": 73779000, "netIncome": 172947000, "netIncomeRatio": 0.2294441902, "eps": 0.15, "epsdiluted": 0.15, "weightedAverageShsOut": 1137950000, "weightedAverageShsOutDil": 1161038000, "link": "https://www.sec.gov/Archives/edgar/data/865752/000110465917013048/0001104659-17-013048-index.htm", "finalLink": "https://www.sec.gov/Archives/edgar/data/865752/000110465917013048/a17-4132_110k.htm"}, {"date": "2016-09-30", "symbol": "MNST", "reportedCurrency": "USD", "cik": "0000865752", "fillingDate": "2016-11-07", "acceptedDate": "2016-11-07 15:21:49", "calendarYear": "2016", "period": "Q3", "revenue": 787954000, "costOfRevenue": 284979000, "grossProfit": 502975000, "grossProfitRatio": 0.6383304102, "researchAndDevelopmentExpenses": 0, "generalAndAdministrativeExpenses": 0, "sellingAndMarketingExpenses": 0, "sellingGeneralAndAdministrativeExpenses": 0, "otherExpenses": 212600000, "operatingExpenses": 212600000, "costAndExpenses": 497579000, "interestIncome": 400000, "interestExpense": 0, "depreciationAndAmortization": 10545000, "ebitda": 300920000, "ebitdaratio": 0.3819004663, "operatingIncome": 290375000, "operatingIncomeRatio": 0.3685177053, "totalOtherIncomeExpensesNet": -1037000, "incomeBeforeTax": 289338000, "incomeBeforeTaxRatio": 0.3672016387, "incomeTaxExpense": 97695000, "netIncome": 191643000, "netIncomeRatio": 0.2432159745, "eps": 0.17, "epsdiluted": 0.17, "weightedAverageShsOut": 1142274000, "weightedAverageShsOutDil": 1166586000, "link": "https://www.sec.gov/Archives/edgar/data/865752/000110465916155163/0001104659-16-155163-index.htm", "finalLink": "https://www.sec.gov/Archives/edgar/data/865752/000110465916155163/a16-20895_110q.htm"}, {"date": "2016-06-30", "symbol": "MNST", "reportedCurrency": "USD", "cik": "0000865752", "fillingDate": "2016-08-05", "acceptedDate": "2016-08-05 13:44:20", "calendarYear": "2016", "period": "Q2", "revenue": 827488000, "costOfRevenue": 309674000, "grossProfit": 517814000, "grossProfitRatio": 0.6257661743, "researchAndDevelopmentExpenses": 0, "generalAndAdministrativeExpenses": 0, "sellingAndMarketingExpenses": 0, "sellingGeneralAndAdministrativeExpenses": 0, "otherExpenses": 229291000, "operatingExpenses": 229291000, "costAndExpenses": 538965000, "interestIncome": 0, "interestExpense": 0, "depreciationAndAmortization": 10305000, "ebitda": 298828000, "ebitdaratio": 0.361126687, "operatingIncome": 288523000, "operatingIncomeRatio": 0.3486733342, "totalOtherIncomeExpensesNet": -222000, "incomeBeforeTax": 288301000, "incomeBeforeTaxRatio": 0.3484050524, "incomeTaxExpense": 104082000, "netIncome": 184219000, "netIncomeRatio": 0.2226243764, "eps": 0.15, "epsdiluted": 0.15, "weightedAverageShsOut": 1205874000, "weightedAverageShsOutDil": 1229808000, "link": "https://www.sec.gov/Archives/edgar/data/865752/000110465916137481/0001104659-16-137481-index.htm", "finalLink": "https://www.sec.gov/Archives/edgar/data/865752/000110465916137481/a16-15122_110q.htm"}, {"date": "2016-03-31", "symbol": "MNST", "reportedCurrency": "USD", "cik": "0000865752", "fillingDate": "2016-05-02", "acceptedDate": "2016-04-29 21:59:25", "calendarYear": "2016", "period": "Q1", "revenue": 680186000, "costOfRevenue": 257088000, "grossProfit": 423098000, "grossProfitRatio": 0.6220327969, "researchAndDevelopmentExpenses": 0, "generalAndAdministrativeExpenses": 0, "sellingAndMarketingExpenses": 0, "sellingGeneralAndAdministrativeExpenses": 0, "otherExpenses": 168385000, "operatingExpenses": 168385000, "costAndExpenses": 425473000, "interestIncome": 608000, "interestExpense": 0, "depreciationAndAmortization": 9024000, "ebitda": 263737000, "ebitdaratio": 0.3877424704, "operatingIncome": 254713000, "operatingIncomeRatio": 0.3744755111, "totalOtherIncomeExpensesNet": 608000, "incomeBeforeTax": 255321000, "incomeBeforeTaxRatio": 0.3753693843, "incomeTaxExpense": 91444000, "netIncome": 163877000, "netIncomeRatio": 0.2409296869, "eps": 0.14, "epsdiluted": 0.13, "weightedAverageShsOut": 1217676000, "weightedAverageShsOutDil": 1241448000, "link": "https://www.sec.gov/Archives/edgar/data/865752/000110465916116437/0001104659-16-116437-index.htm", "finalLink": "https://www.sec.gov/Archives/edgar/data/865752/000110465916116437/a16-8977_110q.htm"}, {"date": "2015-12-31", "symbol": "MNST", "reportedCurrency": "USD", "cik": "0000865752", "fillingDate": "2016-02-29", "acceptedDate": "2016-02-29 15:09:11", "calendarYear": "2015", "period": "Q4", "revenue": 645433000, "costOfRevenue": 242072000, "grossProfit": 403361000, "grossProfitRatio": 0.6249463538, "researchAndDevelopmentExpenses": 0, "generalAndAdministrativeExpenses": 0, "sellingAndMarketingExpenses": 0, "sellingGeneralAndAdministrativeExpenses": 0, "otherExpenses": 174913000, "operatingExpenses": 174913000, "costAndExpenses": 416985000, "interestIncome": 1039000, "interestExpense": 0, "depreciationAndAmortization": 9103000, "ebitda": 237551000, "ebitdaratio": 0.3680490461, "operatingIncome": 228448000, "operatingIncomeRatio": 0.3539453359, "totalOtherIncomeExpensesNet": 1039000, "incomeBeforeTax": 229487000, "incomeBeforeTaxRatio": 0.355555108, "incomeTaxExpense": 90745000, "netIncome": 138742000, "netIncomeRatio": 0.2149595698, "eps": 0.11, "epsdiluted": 0.11, "weightedAverageShsOut": 1216896000, "weightedAverageShsOutDil": 1234788000, "link": "https://www.sec.gov/Archives/edgar/data/865752/000110465916100960/0001104659-16-100960-index.htm", "finalLink": "https://www.sec.gov/Archives/edgar/data/865752/000110465916100960/a15-23471_110k.htm"}, {"date": "2015-09-30", "symbol": "MNST", "reportedCurrency": "USD", "cik": "0000865752", "fillingDate": "2015-11-06", "acceptedDate": "2015-11-06 16:02:49", "calendarYear": "2015", "period": "Q3", "revenue": 756619000, "costOfRevenue": 291143000, "grossProfit": 465476000, "grossProfitRatio": 0.615205275, "researchAndDevelopmentExpenses": 0, "generalAndAdministrativeExpenses": 0, "sellingAndMarketingExpenses": 0, "sellingGeneralAndAdministrativeExpenses": 0, "otherExpenses": 174038000, "operatingExpenses": 174038000, "costAndExpenses": 465181000, "interestIncome": 0, "interestExpense": 0, "depreciationAndAmortization": 8508000, "ebitda": 299946000, "ebitdaratio": 0.3964293786, "operatingIncome": 291438000, "operatingIncomeRatio": 0.3851846174, "totalOtherIncomeExpensesNet": -3362000, "incomeBeforeTax": 288076000, "incomeBeforeTaxRatio": 0.3807411656, "incomeTaxExpense": 113502000, "netIncome": 174574000, "netIncomeRatio": 0.2307290724, "eps": 0.14, "epsdiluted": 0.14, "weightedAverageShsOut": 1230306000, "weightedAverageShsOutDil": 1248564000, "link": "https://www.sec.gov/Archives/edgar/data/865752/000110465915076694/0001104659-15-076694-index.htm", "finalLink": "https://www.sec.gov/Archives/edgar/data/865752/000110465915076694/a15-17885_110q.htm"}, {"date": "2015-06-30", "symbol": "MNST", "reportedCurrency": "USD", "cik": "0000865752", "fillingDate": "2015-08-10", "acceptedDate": "2015-08-10 16:04:56", "calendarYear": "2015", "period": "Q2", "revenue": 693722000, "costOfRevenue": 299214000, "grossProfit": 394508000, "grossProfitRatio": 0.5686831324, "researchAndDevelopmentExpenses": 0, "generalAndAdministrativeExpenses": 0, "sellingAndMarketingExpenses": 0, "sellingGeneralAndAdministrativeExpenses": 0, "otherExpenses": 28369000, "operatingExpenses": 28369000, "costAndExpenses": 327583000, "interestIncome": 0, "interestExpense": 0, "depreciationAndAmortization": 6779000, "ebitda": 211448000, "ebitdaratio": 0.3048022118, "operatingIncome": 366139000, "operatingIncomeRatio": 0.5277892297, "totalOtherIncomeExpensesNet": -1015000, "incomeBeforeTax": 365124000, "incomeBeforeTaxRatio": 0.5263261076, "incomeTaxExpense": 136120000, "netIncome": 229004000, "netIncomeRatio": 0.3301091792, "eps": 0.22, "epsdiluted": 0.21, "weightedAverageShsOut": 1061910000, "weightedAverageShsOutDil": 1088502000, "link": "https://www.sec.gov/Archives/edgar/data/865752/000110465915058216/0001104659-15-058216-index.htm", "finalLink": "https://www.sec.gov/Archives/edgar/data/865752/000110465915058216/a15-11963_110q.htm"}, {"date": "2015-03-31", "symbol": "MNST", "reportedCurrency": "USD", "cik": "0000865752", "fillingDate": "2015-05-11", "acceptedDate": "2015-05-11 15:55:39", "calendarYear": "2015", "period": "Q1", "revenue": 626791000, "costOfRevenue": 257834000, "grossProfit": 329196000, "grossProfitRatio": 0.5252085623, "researchAndDevelopmentExpenses": 0, "generalAndAdministrativeExpenses": 0, "sellingAndMarketingExpenses": 0, "sellingGeneralAndAdministrativeExpenses": 0, "otherExpenses": 361328000, "operatingExpenses": 361328000, "costAndExpenses": 619162000, "interestIncome": 1233000, "interestExpense": 0, "depreciationAndAmortization": 6470000, "ebitda": 14099000, "ebitdaratio": 0.0224939414, "operatingIncome": 7629000, "operatingIncomeRatio": 0.0121715213, "totalOtherIncomeExpensesNet": 1233000, "incomeBeforeTax": 8862000, "incomeBeforeTaxRatio": 0.0141386842, "incomeTaxExpense": 4448000, "netIncome": 4414000, "netIncomeRatio": 0.0070422198, "eps": 0.11, "epsdiluted": 0.1, "weightedAverageShsOut": 1019226000, "weightedAverageShsOutDil": 1042668000, "link": "https://www.sec.gov/Archives/edgar/data/865752/000110465915036794/0001104659-15-036794-index.htm", "finalLink": "https://www.sec.gov/Archives/edgar/data/865752/000110465915036794/a15-7180_110q.htm"}, {"date": "2014-12-31", "symbol": "MNST", "reportedCurrency": "USD", "cik": "0000865752", "fillingDate": "2015-03-02", "acceptedDate": "2015-03-02 14:30:36", "calendarYear": "2014", "period": "Q4", "revenue": 605566000, "costOfRevenue": 273783000, "grossProfit": 331783000, "grossProfitRatio": 0.5478890823, "researchAndDevelopmentExpenses": 0, "generalAndAdministrativeExpenses": 0, "sellingAndMarketingExpenses": 0, "sellingGeneralAndAdministrativeExpenses": 0, "otherExpenses": 138862000, "operatingExpenses": 138862000, "costAndExpenses": 412645000, "interestIncome": 0, "interestExpense": 0, "depreciationAndAmortization": 6527000, "ebitda": 199448000, "ebitdaratio": 0.3293579891, "operatingIncome": 192921000, "operatingIncomeRatio": 0.3185796428, "totalOtherIncomeExpensesNet": -1010000, "incomeBeforeTax": 191911000, "incomeBeforeTaxRatio": 0.3169117817, "incomeTaxExpense": 66580000, "netIncome": 125331000, "netIncomeRatio": 0.2069650542, "eps": 0.13, "epsdiluted": 0.12, "weightedAverageShsOut": 1006050000, "weightedAverageShsOutDil": 1049592000, "link": "https://www.sec.gov/Archives/edgar/data/865752/000110465915015731/0001104659-15-015731-index.htm", "finalLink": "https://www.sec.gov/Archives/edgar/data/865752/000110465915015731/a14-25746_110k.htm"}, {"date": "2014-09-30", "symbol": "MNST", "reportedCurrency": "USD", "cik": "0000865752", "fillingDate": "2014-11-07", "acceptedDate": "2014-11-07 16:44:57", "calendarYear": "2014", "period": "Q3", "revenue": 635972000, "costOfRevenue": 294052000, "grossProfit": 341920000, "grossProfitRatio": 0.5376337323, "researchAndDevelopmentExpenses": 0, "generalAndAdministrativeExpenses": 0, "sellingAndMarketingExpenses": 0, "sellingGeneralAndAdministrativeExpenses": 0, "otherExpenses": 152013000, "operatingExpenses": 152013000, "costAndExpenses": 446065000, "interestIncome": 0, "interestExpense": 0, "depreciationAndAmortization": 6129000, "ebitda": 196036000, "ebitdaratio": 0.308246275, "operatingIncome": 189907000, "operatingIncomeRatio": 0.2986090583, "totalOtherIncomeExpensesNet": -1038000, "incomeBeforeTax": 188869000, "incomeBeforeTaxRatio": 0.2969769109, "incomeTaxExpense": 67269000, "netIncome": 121600000, "netIncomeRatio": 0.1912033863, "eps": 0.12, "epsdiluted": 0.12, "weightedAverageShsOut": 1004076000, "weightedAverageShsOutDil": 1045620000, "link": "https://www.sec.gov/Archives/edgar/data/865752/000110465914078442/0001104659-14-078442-index.htm", "finalLink": "https://www.sec.gov/Archives/edgar/data/865752/000110465914078442/a14-19746_110q.htm"}, {"date": "2014-06-30", "symbol": "MNST", "reportedCurrency": "USD", "cik": "0000865752", "fillingDate": "2014-08-08", "acceptedDate": "2014-08-08 15:54:15", "calendarYear": "2014", "period": "Q2", "revenue": 687199000, "costOfRevenue": 307911000, "grossProfit": 379288000, "grossProfitRatio": 0.5519332828, "researchAndDevelopmentExpenses": 0, "generalAndAdministrativeExpenses": 0, "sellingAndMarketingExpenses": 0, "sellingGeneralAndAdministrativeExpenses": 0, "otherExpenses": 163475000, "operatingExpenses": 163475000, "costAndExpenses": 471386000, "interestIncome": 178000, "interestExpense": 0, "depreciationAndAmortization": 6542000, "ebitda": 222355000, "ebitdaratio": 0.3235671181, "operatingIncome": 215813000, "operatingIncomeRatio": 0.3140473138, "totalOtherIncomeExpensesNet": 178000, "incomeBeforeTax": 215991000, "incomeBeforeTaxRatio": 0.3143063363, "incomeTaxExpense": 74988000, "netIncome": 141003000, "netIncomeRatio": 0.2051851065, "eps": 0.14, "epsdiluted": 0.14, "weightedAverageShsOut": 1002588000, "weightedAverageShsOutDil": 1043784000, "link": "https://www.sec.gov/Archives/edgar/data/865752/000110465914058875/0001104659-14-058875-index.htm", "finalLink": "https://www.sec.gov/Archives/edgar/data/865752/000110465914058875/a14-14019_110q.htm"}, {"date": "2014-03-31", "symbol": "MNST", "reportedCurrency": "USD", "cik": "0000865752", "fillingDate": "2014-05-12", "acceptedDate": "2014-05-09 20:47:28", "calendarYear": "2014", "period": "Q1", "revenue": 536129000, "costOfRevenue": 249311000, "grossProfit": 286818000, "grossProfitRatio": 0.5349794546, "researchAndDevelopmentExpenses": 0, "generalAndAdministrativeExpenses": 0, "sellingAndMarketingExpenses": 0, "sellingGeneralAndAdministrativeExpenses": 0, "otherExpenses": 137955000, "operatingExpenses": 137955000, "costAndExpenses": 387266000, "interestIncome": 154000, "interestExpense": 0, "depreciationAndAmortization": 6453000, "ebitda": 155316000, "ebitdaratio": 0.2896989344, "operatingIncome": 148863000, "operatingIncomeRatio": 0.2776626521, "totalOtherIncomeExpensesNet": 154000, "incomeBeforeTax": 149017000, "incomeBeforeTaxRatio": 0.2779498964, "incomeTaxExpense": 53767000, "netIncome": 95250000, "netIncomeRatio": 0.1776624656, "eps": 0.095, "epsdiluted": 0.0917, "weightedAverageShsOut": 1001478000, "weightedAverageShsOutDil": 1042446000, "link": "https://www.sec.gov/Archives/edgar/data/865752/000110465914037192/0001104659-14-037192-index.htm", "finalLink": "https://www.sec.gov/Archives/edgar/data/865752/000110465914037192/a14-9556_110q.htm"}, {"date": "2013-12-31", "symbol": "MNST", "reportedCurrency": "USD", "cik": "0000865752", "fillingDate": "2014-03-03", "acceptedDate": "2014-03-03 15:11:28", "calendarYear": "2013", "period": "Q4", "revenue": 540849000, "costOfRevenue": 263688000, "grossProfit": 277161000, "grossProfitRatio": 0.5124554173, "researchAndDevelopmentExpenses": 0, "generalAndAdministrativeExpenses": 0, "sellingAndMarketingExpenses": 0, "sellingGeneralAndAdministrativeExpenses": 142405000, "otherExpenses": 0, "operatingExpenses": 142405000, "costAndExpenses": 406093000, "interestIncome": 0, "interestExpense": 0, "depreciationAndAmortization": 6318000, "ebitda": 141074000, "ebitdaratio": 0.2608380528, "operatingIncome": 134756000, "operatingIncomeRatio": 0.2491564189, "totalOtherIncomeExpensesNet": -3013000, "incomeBeforeTax": 131743000, "incomeBeforeTaxRatio": 0.2435855479, "incomeTaxExpense": 55637000, "netIncome": 76106000, "netIncomeRatio": 0.1407158005, "eps": 0.0767, "epsdiluted": 0.0733, "weightedAverageShsOut": 1003572000, "weightedAverageShsOutDil": 1040208000, "link": "https://www.sec.gov/Archives/edgar/data/865752/000110465914015320/0001104659-14-015320-index.htm", "finalLink": "https://www.sec.gov/Archives/edgar/data/865752/000110465914015320/a14-2841_110k.htm"}, {"date": "2013-09-30", "symbol": "MNST", "reportedCurrency": "USD", "cik": "0000865752", "fillingDate": "2013-11-12", "acceptedDate": "2013-11-08 19:28:22", "calendarYear": "2013", "period": "Q3", "revenue": 590422000, "costOfRevenue": 282952000, "grossProfit": 307470000, "grossProfitRatio": 0.5207631152, "researchAndDevelopmentExpenses": 0, "generalAndAdministrativeExpenses": 0, "sellingAndMarketingExpenses": 0, "sellingGeneralAndAdministrativeExpenses": 0, "otherExpenses": 156041000, "operatingExpenses": 156041000, "costAndExpenses": 438993000, "interestIncome": 0, "interestExpense": 0, "depreciationAndAmortization": 6107000, "ebitda": 157536000, "ebitdaratio": 0.2668193258, "operatingIncome": 151429000, "operatingIncomeRatio": 0.2564758766, "totalOtherIncomeExpensesNet": -706000, "incomeBeforeTax": 150723000, "incomeBeforeTaxRatio": 0.2552801217, "incomeTaxExpense": 58536000, "netIncome": 92187000, "netIncomeRatio": 0.1561374746, "eps": 0.0917, "epsdiluted": 0.0883, "weightedAverageShsOut": 1004742000, "weightedAverageShsOutDil": 1043688000, "link": "https://www.sec.gov/Archives/edgar/data/865752/000110465913082945/0001104659-13-082945-index.htm", "finalLink": "https://www.sec.gov/Archives/edgar/data/865752/000110465913082945/a13-18878_110q.htm"}, {"date": "2013-06-30", "symbol": "MNST", "reportedCurrency": "USD", "cik": "0000865752", "fillingDate": "2013-08-09", "acceptedDate": "2013-08-09 14:50:59", "calendarYear": "2013", "period": "Q2", "revenue": 630934000, "costOfRevenue": 294672000, "grossProfit": 336262000, "grossProfitRatio": 0.5329590734, "researchAndDevelopmentExpenses": 0, "generalAndAdministrativeExpenses": 0, "sellingAndMarketingExpenses": 0, "sellingGeneralAndAdministrativeExpenses": 0, "otherExpenses": 156835000, "operatingExpenses": 156835000, "costAndExpenses": 451507000, "interestIncome": 0, "interestExpense": 0, "depreciationAndAmortization": 5277000, "ebitda": 184704000, "ebitdaratio": 0.2927469434, "operatingIncome": 179427000, "operatingIncomeRatio": 0.2843831526, "totalOtherIncomeExpensesNet": -3402000, "incomeBeforeTax": 176025000, "incomeBeforeTaxRatio": 0.2789911465, "incomeTaxExpense": 69152000, "netIncome": 106873000, "netIncomeRatio": 0.1693885573, "eps": 0.11, "epsdiluted": 0.1, "weightedAverageShsOut": 998682000, "weightedAverageShsOutDil": 1040100000, "link": "https://www.sec.gov/Archives/edgar/data/865752/000110465913062263/0001104659-13-062263-index.htm", "finalLink": "https://www.sec.gov/Archives/edgar/data/865752/000110465913062263/a13-13793_110q.htm"}, {"date": "2013-03-31", "symbol": "MNST", "reportedCurrency": "USD", "cik": "0000865752", "fillingDate": "2013-05-10", "acceptedDate": "2013-05-10 13:48:19", "calendarYear": "2013", "period": "Q1", "revenue": 484223000, "costOfRevenue": 232184000, "grossProfit": 252039000, "grossProfitRatio": 0.5205019175, "researchAndDevelopmentExpenses": 0, "generalAndAdministrativeExpenses": 0, "sellingAndMarketingExpenses": 0, "sellingGeneralAndAdministrativeExpenses": 0, "otherExpenses": 144733000, "operatingExpenses": 144733000, "costAndExpenses": 376917000, "interestIncome": 0, "interestExpense": 0, "depreciationAndAmortization": 5060000, "ebitda": 112366000, "ebitdaratio": 0.2320542395, "operatingIncome": 107306000, "operatingIncomeRatio": 0.2216045087, "totalOtherIncomeExpensesNet": -1902000, "incomeBeforeTax": 105404000, "incomeBeforeTaxRatio": 0.2176765664, "incomeTaxExpense": 41908000, "netIncome": 63496000, "netIncomeRatio": 0.1311296655, "eps": 0.0633, "epsdiluted": 0.0617, "weightedAverageShsOut": 993150000, "weightedAverageShsOutDil": 1035354000, "link": "https://www.sec.gov/Archives/edgar/data/865752/000110465913040148/0001104659-13-040148-index.htm", "finalLink": "https://www.sec.gov/Archives/edgar/data/865752/000110465913040148/a13-8475_110q.htm"}, {"date": "2012-12-31", "symbol": "MNST", "reportedCurrency": "USD", "cik": "0000865752", "fillingDate": "2013-03-01", "acceptedDate": "2013-03-01 14:49:50", "calendarYear": "2012", "period": "Q4", "revenue": 471517000, "costOfRevenue": 227629000, "grossProfit": 243888000, "grossProfitRatio": 0.5172411599, "researchAndDevelopmentExpenses": 0, "generalAndAdministrativeExpenses": 0, "sellingAndMarketingExpenses": 0, "sellingGeneralAndAdministrativeExpenses": 0, "otherExpenses": 130007000, "operatingExpenses": 130007000, "costAndExpenses": 357636000, "interestIncome": 0, "interestExpense": 0, "depreciationAndAmortization": 5298000, "ebitda": 119179000, "ebitdaratio": 0.2527565284, "operatingIncome": 113881000, "operatingIncomeRatio": 0.2415204542, "totalOtherIncomeExpensesNet": -2309000, "incomeBeforeTax": 111572000, "incomeBeforeTaxRatio": 0.236623494, "incomeTaxExpense": 43589000, "netIncome": 67983000, "netIncomeRatio": 0.1441793191, "eps": 0.0667, "epsdiluted": 0.065, "weightedAverageShsOut": 1013076000, "weightedAverageShsOutDil": 1056672000, "link": "https://www.sec.gov/Archives/edgar/data/865752/000110465913016713/0001104659-13-016713-index.htm", "finalLink": "https://www.sec.gov/Archives/edgar/data/865752/000110465913016713/a12-27759_110k.htm"}, {"date": "2012-09-30", "symbol": "MNST", "reportedCurrency": "USD", "cik": "0000865752", "fillingDate": "2012-11-09", "acceptedDate": "2012-11-09 14:02:35", "calendarYear": "2012", "period": "Q3", "revenue": 541940000, "costOfRevenue": 268348000, "grossProfit": 273592000, "grossProfitRatio": 0.504838174, "researchAndDevelopmentExpenses": 0, "generalAndAdministrativeExpenses": 0, "sellingAndMarketingExpenses": 0, "sellingGeneralAndAdministrativeExpenses": 132907000, "otherExpenses": 0, "operatingExpenses": 132907000, "costAndExpenses": 401255000, "interestIncome": 331000, "interestExpense": 0, "depreciationAndAmortization": 5171000, "ebitda": 145856000, "ebitdaratio": 0.2691368048, "operatingIncome": 140685000, "operatingIncomeRatio": 0.2595951581, "totalOtherIncomeExpensesNet": 553000, "incomeBeforeTax": 141238000, "incomeBeforeTaxRatio": 0.2606155663, "incomeTaxExpense": 55096000, "netIncome": 86142000, "netIncomeRatio": 0.1589511754, "eps": 0.0817, "epsdiluted": 0.0783, "weightedAverageShsOut": 1050156000, "weightedAverageShsOutDil": 1103394000, "link": "https://www.sec.gov/Archives/edgar/data/865752/000110465912076535/0001104659-12-076535-index.htm", "finalLink": "https://www.sec.gov/Archives/edgar/data/865752/000110465912076535/a12-19968_110q.htm"}, {"date": "2012-06-30", "symbol": "MNST", "reportedCurrency": "USD", "cik": "0000865752", "fillingDate": "2012-08-09", "acceptedDate": "2012-08-09 16:22:35", "calendarYear": "2012", "period": "Q2", "revenue": 592640000, "costOfRevenue": 285632000, "grossProfit": 307008000, "grossProfitRatio": 0.5180345572, "researchAndDevelopmentExpenses": 0, "generalAndAdministrativeExpenses": 0, "sellingAndMarketingExpenses": 0, "sellingGeneralAndAdministrativeExpenses": 137235000, "otherExpenses": 0, "operatingExpenses": 137235000, "costAndExpenses": 422867000, "interestIncome": 0, "interestExpense": 0, "depreciationAndAmortization": 5125000, "ebitda": 174898000, "ebitdaratio": 0.2951167657, "operatingIncome": 169773000, "operatingIncomeRatio": 0.28646902, "totalOtherIncomeExpensesNet": -60000, "incomeBeforeTax": 169713000, "incomeBeforeTaxRatio": 0.2863677781, "incomeTaxExpense": 59918000, "netIncome": 109795000, "netIncomeRatio": 0.1852642414, "eps": 0.1, "epsdiluted": 0.0983, "weightedAverageShsOut": 1057116000, "weightedAverageShsOutDil": 1117704000, "link": "https://www.sec.gov/Archives/edgar/data/865752/000110465912056565/0001104659-12-056565-index.htm", "finalLink": "https://www.sec.gov/Archives/edgar/data/865752/000110465912056565/a12-13809_110q.htm"}, {"date": "2012-03-31", "symbol": "MNST", "reportedCurrency": "USD", "cik": "0000865752", "fillingDate": "2012-05-10", "acceptedDate": "2012-05-10 15:06:46", "calendarYear": "2012", "period": "Q1", "revenue": 454605000, "costOfRevenue": 213436000, "grossProfit": 241169000, "grossProfitRatio": 0.5305023042, "researchAndDevelopmentExpenses": 0, "generalAndAdministrativeExpenses": 0, "sellingAndMarketingExpenses": 0, "sellingGeneralAndAdministrativeExpenses": 114884000, "otherExpenses": 0, "operatingExpenses": 114884000, "costAndExpenses": 328320000, "interestIncome": 0, "interestExpense": 0, "depreciationAndAmortization": 4968000, "ebitda": 131253000, "ebitdaratio": 0.2887187778, "operatingIncome": 126285000, "operatingIncomeRatio": 0.2777906094, "totalOtherIncomeExpensesNet": 346000, "incomeBeforeTax": 126631000, "incomeBeforeTaxRatio": 0.2785517097, "incomeTaxExpense": 50532000, "netIncome": 76099000, "netIncomeRatio": 0.1673958711, "eps": 0.0733, "epsdiluted": 0.0683, "weightedAverageShsOut": 1048992000, "weightedAverageShsOutDil": 1111572000, "link": "https://www.sec.gov/Archives/edgar/data/865752/000110465912035867/0001104659-12-035867-index.htm", "finalLink": "https://www.sec.gov/Archives/edgar/data/865752/000110465912035867/a12-8615_110q.htm"}, {"date": "2011-12-31", "symbol": "MNST", "reportedCurrency": "USD", "cik": "0000865752", "fillingDate": "2012-02-29", "acceptedDate": "2012-02-29 16:12:19", "calendarYear": "2011", "period": "Q4", "revenue": 409957000, "costOfRevenue": 195713000, "grossProfit": 214244000, "grossProfitRatio": 0.5226011509, "researchAndDevelopmentExpenses": 0, "generalAndAdministrativeExpenses": 0, "sellingAndMarketingExpenses": 0, "sellingGeneralAndAdministrativeExpenses": 0, "otherExpenses": 110847000, "operatingExpenses": 110847000, "costAndExpenses": 306560000, "interestIncome": 0, "interestExpense": 0, "depreciationAndAmortization": 4893000, "ebitda": 108290000, "ebitdaratio": 0.2641496547, "operatingIncome": 103397000, "operatingIncomeRatio": 0.2522142566, "totalOtherIncomeExpensesNet": 1133000, "incomeBeforeTax": 104530000, "incomeBeforeTaxRatio": 0.2549779611, "incomeTaxExpense": 39994000, "netIncome": 64536000, "netIncomeRatio": 0.1574213881, "eps": 0.0308, "epsdiluted": 0.0308, "weightedAverageShsOut": 1057272000, "weightedAverageShsOutDil": 1120044000, "link": "https://www.sec.gov/Archives/edgar/data/865752/000110465912014573/0001104659-12-014573-index.htm", "finalLink": "https://www.sec.gov/Archives/edgar/data/865752/000110465912014573/a12-1309_110k.htm"}, {"date": "2011-09-30", "symbol": "MNST", "reportedCurrency": "USD", "cik": "0000865752", "fillingDate": "2011-11-09", "acceptedDate": "2011-11-09 12:25:53", "calendarYear": "2011", "period": "Q3", "revenue": 474709000, "costOfRevenue": 224402000, "grossProfit": 250307000, "grossProfitRatio": 0.5272851368, "researchAndDevelopmentExpenses": 0, "generalAndAdministrativeExpenses": 0, "sellingAndMarketingExpenses": 0, "sellingGeneralAndAdministrativeExpenses": 118217000, "otherExpenses": 0, "operatingExpenses": 118217000, "costAndExpenses": 342619000, "interestIncome": 0, "interestExpense": 0, "depreciationAndAmortization": 4496000, "ebitda": 136586000, "ebitdaratio": 0.2877257436, "operatingIncome": 132090000, "operatingIncomeRatio": 0.2782546781, "totalOtherIncomeExpensesNet": -862000, "incomeBeforeTax": 131228000, "incomeBeforeTaxRatio": 0.2764388288, "incomeTaxExpense": 48836000, "netIncome": 82392000, "netIncomeRatio": 0.1735631724, "eps": 0.0783, "epsdiluted": 0.0733, "weightedAverageShsOut": 1055712000, "weightedAverageShsOutDil": 1119840000, "link": "https://www.sec.gov/Archives/edgar/data/865752/000110465911062539/0001104659-11-062539-index.htm", "finalLink": "https://www.sec.gov/Archives/edgar/data/865752/000110465911062539/a11-25577_110q.htm"}, {"date": "2011-06-30", "symbol": "MNST", "reportedCurrency": "USD", "cik": "0000865752", "fillingDate": "2011-08-09", "acceptedDate": "2011-08-09 12:47:59", "calendarYear": "2011", "period": "Q2", "revenue": 462145000, "costOfRevenue": 217924000, "grossProfit": 244221000, "grossProfitRatio": 0.5284510273, "researchAndDevelopmentExpenses": 0, "generalAndAdministrativeExpenses": 0, "sellingAndMarketingExpenses": 0, "sellingGeneralAndAdministrativeExpenses": 111739000, "otherExpenses": 0, "operatingExpenses": 111739000, "costAndExpenses": 329663000, "interestIncome": 624000, "interestExpense": 0, "depreciationAndAmortization": 4102000, "ebitda": 136584000, "ebitdaratio": 0.2955436064, "operatingIncome": 132482000, "operatingIncomeRatio": 0.2866676043, "totalOtherIncomeExpensesNet": 274000, "incomeBeforeTax": 132756000, "incomeBeforeTaxRatio": 0.2872604918, "incomeTaxExpense": 48508000, "netIncome": 84248000, "netIncomeRatio": 0.1822977637, "eps": 0.0792, "epsdiluted": 0.075, "weightedAverageShsOut": 1061700000, "weightedAverageShsOutDil": 1123248000, "link": "https://www.sec.gov/Archives/edgar/data/865752/000110465911045251/0001104659-11-045251-index.htm", "finalLink": "https://www.sec.gov/Archives/edgar/data/865752/000110465911045251/a11-12791_110q.htm"}, {"date": "2011-03-31", "symbol": "MNST", "reportedCurrency": "USD", "cik": "0000865752", "fillingDate": "2011-05-10", "acceptedDate": "2011-05-10 14:36:45", "calendarYear": "2011", "period": "Q1", "revenue": 356419000, "costOfRevenue": 170882000, "grossProfit": 185537000, "grossProfitRatio": 0.5205586683, "researchAndDevelopmentExpenses": 0, "generalAndAdministrativeExpenses": 0, "sellingAndMarketingExpenses": 0, "sellingGeneralAndAdministrativeExpenses": 97082000, "otherExpenses": 0, "operatingExpenses": 97082000, "costAndExpenses": 267964000, "interestIncome": 4000, "interestExpense": 0, "depreciationAndAmortization": 3593000, "ebitda": 92048000, "ebitdaratio": 0.258257837, "operatingIncome": 88455000, "operatingIncomeRatio": 0.2481770052, "totalOtherIncomeExpensesNet": 301000, "incomeBeforeTax": 88756000, "incomeBeforeTaxRatio": 0.2490215168, "incomeTaxExpense": 33713000, "netIncome": 55043000, "netIncomeRatio": 0.1544334056, "eps": 0.0517, "epsdiluted": 0.0492, "weightedAverageShsOut": 1067148000, "weightedAverageShsOutDil": 1123488000, "link": "https://www.sec.gov/Archives/edgar/data/865752/000110465911027747/0001104659-11-027747-index.htm", "finalLink": "https://www.sec.gov/Archives/edgar/data/865752/000110465911027747/a11-8410_110q.htm"}, {"date": "2010-12-31", "symbol": "MNST", "reportedCurrency": "USD", "cik": "0000865752", "fillingDate": "2011-03-01", "acceptedDate": "2011-03-01 15:05:38", "calendarYear": "2010", "period": "Q4", "revenue": 318665000, "costOfRevenue": 154255000, "grossProfit": 164410000, "grossProfitRatio": 0.5159336607, "researchAndDevelopmentExpenses": 0, "generalAndAdministrativeExpenses": 0, "sellingAndMarketingExpenses": 0, "sellingGeneralAndAdministrativeExpenses": 0, "otherExpenses": 84613000, "operatingExpenses": 84613000, "costAndExpenses": 238868000, "interestIncome": 0, "interestExpense": 0, "depreciationAndAmortization": 3290000, "ebitda": 83087000, "ebitdaratio": 0.2607346273, "operatingIncome": 79797000, "operatingIncomeRatio": 0.2504103055, "totalOtherIncomeExpensesNet": 369000, "incomeBeforeTax": 80166000, "incomeBeforeTaxRatio": 0.2515682613, "incomeTaxExpense": 31034000, "netIncome": 49132000, "netIncomeRatio": 0.1541807227, "eps": 0.023, "epsdiluted": 0.023, "weightedAverageShsOut": 1062168000, "weightedAverageShsOutDil": 1116252000, "link": "https://www.sec.gov/Archives/edgar/data/865752/000110465911011438/0001104659-11-011438-index.htm", "finalLink": "https://www.sec.gov/Archives/edgar/data/865752/000110465911011438/a11-2375_110k.htm"}, {"date": "2010-09-30", "symbol": "MNST", "reportedCurrency": "USD", "cik": "0000865752", "fillingDate": "2010-11-09", "acceptedDate": "2010-11-09 14:39:43", "calendarYear": "2010", "period": "Q3", "revenue": 381466000, "costOfRevenue": 183540000, "grossProfit": 197926000, "grossProfitRatio": 0.5188562021, "researchAndDevelopmentExpenses": 0, "generalAndAdministrativeExpenses": 0, "sellingAndMarketingExpenses": 0, "sellingGeneralAndAdministrativeExpenses": 90371000, "otherExpenses": 0, "operatingExpenses": 90371000, "costAndExpenses": 273911000, "interestIncome": 0, "interestExpense": 0, "depreciationAndAmortization": 3012000, "ebitda": 110567000, "ebitdaratio": 0.289847588, "operatingIncome": 107555000, "operatingIncomeRatio": 0.2819517336, "totalOtherIncomeExpensesNet": -186000, "incomeBeforeTax": 107369000, "incomeBeforeTaxRatio": 0.281464141, "incomeTaxExpense": 40873000, "netIncome": 66496000, "netIncomeRatio": 0.1743169771, "eps": 0.0625, "epsdiluted": 0.06, "weightedAverageShsOut": 1060428000, "weightedAverageShsOutDil": 1114380000, "link": "https://www.sec.gov/Archives/edgar/data/865752/000110465910057238/0001104659-10-057238-index.htm", "finalLink": "https://www.sec.gov/Archives/edgar/data/865752/000110465910057238/a10-17255_110q.htm"}]