[{"date": "2025-06-30", "symbol": "CELH", "reportedCurrency": "USD", "cik": "0001341766", "fillingDate": "2025-08-07", "acceptedDate": "2025-08-07 06:02:35", "calendarYear": "2025", "period": "Q2", "revenue": 739259000, "costOfRevenue": 358408000, "grossProfit": 380851000, "grossProfitRatio": 0.5151793891, "researchAndDevelopmentExpenses": 0, "generalAndAdministrativeExpenses": 0, "sellingAndMarketingExpenses": 0, "sellingGeneralAndAdministrativeExpenses": 237886000, "otherExpenses": 0, "operatingExpenses": 237886000, "costAndExpenses": 596294000, "interestIncome": 4038000, "interestExpense": 18080000, "depreciationAndAmortization": 9119000, "ebitda": 152084000, "ebitdaratio": 0.2057249218, "operatingIncome": 142965000, "operatingIncomeRatio": 0.1933895969, "totalOtherIncomeExpensesNet": -13500000, "incomeBeforeTax": 129465000, "incomeBeforeTaxRatio": 0.1751280674, "incomeTaxExpense": 29610000, "netIncome": 99855000, "netIncomeRatio": 0.1350744462, "eps": 0.33, "epsdiluted": 0.33, "weightedAverageShsOut": 235191000, "weightedAverageShsOutDil": 237172000, "link": "https://www.sec.gov/Archives/edgar/data/1341766/000134176625000099/0001341766-25-000099-index.htm", "finalLink": "https://www.sec.gov/Archives/edgar/data/1341766/000134176625000099/ex9912q2025.htm"}, {"date": "2025-03-31", "symbol": "CELH", "reportedCurrency": "USD", "cik": "0001341766", "fillingDate": "2025-05-06", "acceptedDate": "2025-05-05 20:34:52", "calendarYear": "2025", "period": "Q1", "revenue": 329276000, "costOfRevenue": 156903000, "grossProfit": 172373000, "grossProfitRatio": 0.5234909316, "researchAndDevelopmentExpenses": 0, "generalAndAdministrativeExpenses": 0, "sellingAndMarketingExpenses": 0, "sellingGeneralAndAdministrativeExpenses": 120342000, "otherExpenses": 0, "operatingExpenses": 120342000, "costAndExpenses": 277245000, "interestIncome": 7846000, "interestExpense": 0, "depreciationAndAmortization": 2611000, "ebitda": 54642000, "ebitdaratio": 0.1659458934, "operatingIncome": 52031000, "operatingIncomeRatio": 0.1580163753, "totalOtherIncomeExpensesNet": 8962000, "incomeBeforeTax": 60993000, "incomeBeforeTaxRatio": 0.1852336642, "incomeTaxExpense": 16574000, "netIncome": 44419000, "netIncomeRatio": 0.1348989905, "eps": 0.15, "epsdiluted": 0.15, "weightedAverageShsOut": 235191000, "weightedAverageShsOutDil": 237172000, "link": "https://www.sec.gov/Archives/edgar/data/1341766/000134176625000080/0001341766-25-000080-index.htm", "finalLink": "https://www.sec.gov/Archives/edgar/data/1341766/000134176625000080/celh-20250331.htm"}, {"date": "2024-12-31", "symbol": "CELH", "reportedCurrency": "USD", "cik": "0001341766", "fillingDate": "2025-03-03", "acceptedDate": "2025-03-03 16:02:01", "calendarYear": "2024", "period": "Q4", "revenue": 332197000, "costOfRevenue": 165524000, "grossProfit": 166673000, "grossProfitRatio": 0.5017293955, "researchAndDevelopmentExpenses": 0, "generalAndAdministrativeExpenses": 0, "sellingAndMarketingExpenses": 0, "sellingGeneralAndAdministrativeExpenses": 185169000, "otherExpenses": 0, "operatingExpenses": 185169000, "costAndExpenses": 350693000, "interestIncome": 7864000, "interestExpense": 0, "depreciationAndAmortization": 2386000, "ebitda": -16110000, "ebitdaratio": -0.0484953205, "operatingIncome": -18496000, "operatingIncomeRatio": -0.0556778056, "totalOtherIncomeExpensesNet": 8279000, "incomeBeforeTax": -10217000, "incomeBeforeTaxRatio": -0.0307558467, "incomeTaxExpense": 8659000, "netIncome": -18876000, "netIncomeRatio": -0.0568217052, "eps": -0.14, "epsdiluted": -0.13, "weightedAverageShsOut": 188760000, "weightedAverageShsOutDil": 188760000, "link": "https://www.sec.gov/Archives/edgar/data/1341766/000134176625000024/0001341766-25-000024-index.htm", "finalLink": "https://www.sec.gov/Archives/edgar/data/1341766/000134176625000024/celh-20241231.htm"}, {"date": "2024-09-30", "symbol": "CELH", "reportedCurrency": "USD", "cik": "0001341766", "fillingDate": "2024-11-06", "acceptedDate": "2024-11-05 21:22:16", "calendarYear": "2024", "period": "Q3", "revenue": 265748000, "costOfRevenue": 143519000, "grossProfit": 122229000, "grossProfitRatio": 0.4599432545, "researchAndDevelopmentExpenses": 0, "generalAndAdministrativeExpenses": 0, "sellingAndMarketingExpenses": 0, "sellingGeneralAndAdministrativeExpenses": 125443000, "otherExpenses": 0, "operatingExpenses": 125443000, "costAndExpenses": 268962000, "interestIncome": 11112000, "interestExpense": 0, "depreciationAndAmortization": 2240000, "ebitda": -974000, "ebitdaratio": -0.0036651264, "operatingIncome": -3214000, "operatingIncomeRatio": -0.0120941644, "totalOtherIncomeExpensesNet": 11389000, "incomeBeforeTax": 8175000, "incomeBeforeTaxRatio": 0.0307622259, "incomeTaxExpense": 1819000, "netIncome": 6356000, "netIncomeRatio": 0.0239173954, "eps": -0.0024, "epsdiluted": -0.0024, "weightedAverageShsOut": 233696000, "weightedAverageShsOutDil": 233696000, "link": "https://www.sec.gov/Archives/edgar/data/1341766/000134176624000093/0001341766-24-000093-index.htm", "finalLink": "https://www.sec.gov/Archives/edgar/data/1341766/000134176624000093/celh-20240930.htm"}, {"date": "2024-06-30", "symbol": "CELH", "reportedCurrency": "USD", "cik": "0001341766", "fillingDate": "2024-08-06", "acceptedDate": "2024-08-05 19:30:30", "calendarYear": "2024", "period": "Q2", "revenue": 401977000, "costOfRevenue": 192879000, "grossProfit": 209098000, "grossProfitRatio": 0.5201740398, "researchAndDevelopmentExpenses": 0, "generalAndAdministrativeExpenses": 0, "sellingAndMarketingExpenses": 0, "sellingGeneralAndAdministrativeExpenses": 114850000, "otherExpenses": 0, "operatingExpenses": 114850000, "costAndExpenses": 307729000, "interestIncome": 10647000, "interestExpense": 0, "depreciationAndAmortization": 1419000, "ebitda": 95667000, "ebitdaratio": 0.2379912284, "operatingIncome": 94248000, "operatingIncomeRatio": 0.2344611756, "totalOtherIncomeExpensesNet": 10383000, "incomeBeforeTax": 104631000, "incomeBeforeTaxRatio": 0.2602910117, "incomeTaxExpense": 24848000, "netIncome": 79783000, "netIncomeRatio": 0.1984765298, "eps": 0.29, "epsdiluted": 0.28, "weightedAverageShsOut": 233197000, "weightedAverageShsOutDil": 237595000, "link": "https://www.sec.gov/Archives/edgar/data/1341766/000134176624000057/0001341766-24-000057-index.htm", "finalLink": "https://www.sec.gov/Archives/edgar/data/1341766/000134176624000057/celh-20240630.htm"}, {"date": "2024-03-31", "symbol": "CELH", "reportedCurrency": "USD", "cik": "0001341766", "fillingDate": "2024-05-07", "acceptedDate": "2024-05-06 19:28:22", "calendarYear": "2024", "period": "Q1", "revenue": 355708000, "costOfRevenue": 173501000, "grossProfit": 182207000, "grossProfitRatio": 0.5122375656, "researchAndDevelopmentExpenses": 0, "generalAndAdministrativeExpenses": 0, "sellingAndMarketingExpenses": 0, "sellingGeneralAndAdministrativeExpenses": 99017000, "otherExpenses": 0, "operatingExpenses": 99017000, "costAndExpenses": 272518000, "interestIncome": 9640000, "interestExpense": 0, "depreciationAndAmortization": 1229000, "ebitda": 84419000, "ebitdaratio": 0.2373266837, "operatingIncome": 83190000, "operatingIncomeRatio": 0.2338716026, "totalOtherIncomeExpensesNet": 9271000, "incomeBeforeTax": 92461000, "incomeBeforeTaxRatio": 0.2599351153, "incomeTaxExpense": 14650000, "netIncome": 77811000, "netIncomeRatio": 0.2187496486, "eps": 0.28, "epsdiluted": 0.27, "weightedAverageShsOut": 232780000, "weightedAverageShsOutDil": 237523000, "link": "https://www.sec.gov/Archives/edgar/data/1341766/000134176624000029/0001341766-24-000029-index.htm", "finalLink": "https://www.sec.gov/Archives/edgar/data/1341766/000134176624000029/celh-20240331.htm"}, {"date": "2023-12-31", "symbol": "CELH", "reportedCurrency": "USD", "cik": "0001341766", "fillingDate": "2024-02-29", "acceptedDate": "2024-02-28 20:59:46", "calendarYear": "2023", "period": "Q4", "revenue": 347435000, "costOfRevenue": 181190000, "grossProfit": 166245000, "grossProfitRatio": 0.4784923799, "researchAndDevelopmentExpenses": 0, "generalAndAdministrativeExpenses": 0, "sellingAndMarketingExpenses": 0, "sellingGeneralAndAdministrativeExpenses": 107302000, "otherExpenses": 0, "operatingExpenses": 107302000, "costAndExpenses": 288492000, "interestIncome": 8862000, "interestExpense": 0, "depreciationAndAmortization": 1105000, "ebitda": 60048000, "ebitdaratio": 0.1728323283, "operatingIncome": 58943000, "operatingIncomeRatio": 0.1696518773, "totalOtherIncomeExpensesNet": 8842000, "incomeBeforeTax": 67785000, "incomeBeforeTaxRatio": 0.195101242, "incomeTaxExpense": 17669000, "netIncome": 50116000, "netIncomeRatio": 0.1442456862, "eps": 0.17, "epsdiluted": 0.17, "weightedAverageShsOut": 231787482, "weightedAverageShsOutDil": 231787482, "link": "https://www.sec.gov/Archives/edgar/data/1341766/000134176624000015/0001341766-24-000015-index.htm", "finalLink": "https://www.sec.gov/Archives/edgar/data/1341766/000134176624000015/celh-20231231.htm"}, {"date": "2023-09-30", "symbol": "CELH", "reportedCurrency": "USD", "cik": "0001341766", "fillingDate": "2023-11-07", "acceptedDate": "2023-11-06 19:14:03", "calendarYear": "2023", "period": "Q3", "revenue": 384757000, "costOfRevenue": 190675000, "grossProfit": 194082000, "grossProfitRatio": 0.5044274698, "researchAndDevelopmentExpenses": 0, "generalAndAdministrativeExpenses": 0, "sellingAndMarketingExpenses": 0, "sellingGeneralAndAdministrativeExpenses": 96385000, "otherExpenses": 0, "operatingExpenses": 96385000, "costAndExpenses": 287060000, "interestIncome": 7225000, "interestExpense": 0, "depreciationAndAmortization": 874000, "ebitda": 98571000, "ebitdaratio": 0.2561902707, "operatingIncome": 97697000, "operatingIncomeRatio": 0.2539187071, "totalOtherIncomeExpensesNet": 7048000, "incomeBeforeTax": 104745000, "incomeBeforeTaxRatio": 0.2722367624, "incomeTaxExpense": 20796000, "netIncome": 83949000, "netIncomeRatio": 0.2181870635, "eps": 0.3, "epsdiluted": 0.3, "weightedAverageShsOut": 231006000, "weightedAverageShsOutDil": 237273000, "link": "https://www.sec.gov/Archives/edgar/data/1341766/000134176623000035/0001341766-23-000035-index.htm", "finalLink": "https://www.sec.gov/Archives/edgar/data/1341766/000134176623000035/celh-20230930.htm"}, {"date": "2023-06-30", "symbol": "CELH", "reportedCurrency": "USD", "cik": "0001341766", "fillingDate": "2023-08-08", "acceptedDate": "2023-08-08 16:07:22", "calendarYear": "2023", "period": "Q2", "revenue": 325883000, "costOfRevenue": 166889000, "grossProfit": 158994000, "grossProfitRatio": 0.4878867569, "researchAndDevelopmentExpenses": 0, "generalAndAdministrativeExpenses": 0, "sellingAndMarketingExpenses": 0, "sellingGeneralAndAdministrativeExpenses": 94181000, "otherExpenses": 0, "operatingExpenses": 94181000, "costAndExpenses": 261070000, "interestIncome": 5573000, "interestExpense": 0, "depreciationAndAmortization": 698000, "ebitda": 65511000, "ebitdaratio": 0.2010261351, "operatingIncome": 64813000, "operatingIncomeRatio": 0.1988842621, "totalOtherIncomeExpensesNet": 4642000, "incomeBeforeTax": 69455000, "incomeBeforeTaxRatio": 0.2131286382, "incomeTaxExpense": 17946000, "netIncome": 51509000, "netIncomeRatio": 0.1580597945, "eps": 0.18, "epsdiluted": 0.17, "weightedAverageShsOut": 230535000, "weightedAverageShsOutDil": 236832000, "link": "https://www.sec.gov/Archives/edgar/data/1341766/000134176623000013/0001341766-23-000013-index.htm", "finalLink": "https://www.sec.gov/Archives/edgar/data/1341766/000134176623000013/celh-20230630.htm"}, {"date": "2023-03-31", "symbol": "CELH", "reportedCurrency": "USD", "cik": "0001341766", "fillingDate": "2023-05-09", "acceptedDate": "2023-05-09 16:22:11", "calendarYear": "2023", "period": "Q1", "revenue": 259939000, "costOfRevenue": 146121000, "grossProfit": 113818000, "grossProfitRatio": 0.4378642682, "researchAndDevelopmentExpenses": 0, "generalAndAdministrativeExpenses": 0, "sellingAndMarketingExpenses": 68905000, "sellingGeneralAndAdministrativeExpenses": 68905000, "otherExpenses": 0, "operatingExpenses": 68905000, "costAndExpenses": 215026000, "interestIncome": 4969000, "interestExpense": 0, "depreciationAndAmortization": 549000, "ebitda": 45462000, "ebitdaratio": 0.1748948792, "operatingIncome": 44913000, "operatingIncomeRatio": 0.1727828452, "totalOtherIncomeExpensesNet": 4851000, "incomeBeforeTax": 49764000, "incomeBeforeTaxRatio": 0.1914449159, "incomeTaxExpense": 8537000, "netIncome": 41227000, "netIncomeRatio": 0.1586025952, "eps": 0.14, "epsdiluted": 0.17, "weightedAverageShsOut": 230019000, "weightedAverageShsOutDil": 236277000, "link": "https://www.sec.gov/Archives/edgar/data/1341766/000095017023019722/0000950170-23-019722-index.htm", "finalLink": "https://www.sec.gov/Archives/edgar/data/1341766/000095017023019722/celh-20230331.htm"}, {"date": "2022-12-31", "symbol": "CELH", "reportedCurrency": "USD", "cik": "0001341766", "fillingDate": "2023-04-19", "acceptedDate": "2023-04-18 20:39:33", "calendarYear": "2022", "period": "Q4", "revenue": 177964000, "costOfRevenue": 98957000, "grossProfit": 79007000, "grossProfitRatio": 0.4439493381, "researchAndDevelopmentExpenses": 0, "generalAndAdministrativeExpenses": 21768000, "sellingAndMarketingExpenses": 89985000, "sellingGeneralAndAdministrativeExpenses": 111753000, "otherExpenses": 0, "operatingExpenses": 111753000, "costAndExpenses": 210710000, "interestIncome": 3950000, "interestExpense": 0, "depreciationAndAmortization": 563000, "ebitda": -27046000, "ebitdaratio": -0.1519745567, "operatingIncome": -32746000, "operatingIncomeRatio": -0.1840035063, "totalOtherIncomeExpensesNet": 4488000, "incomeBeforeTax": -28258000, "incomeBeforeTaxRatio": -0.1587849228, "incomeTaxExpense": -7035000, "netIncome": -21223000, "netIncomeRatio": -0.119254456, "eps": -0.0929, "epsdiluted": -0.0916, "weightedAverageShsOut": 228483000, "weightedAverageShsOutDil": 231612000, "link": "https://www.sec.gov/Archives/edgar/data/1341766/000182912623002816/0001829126-23-002816-index.htm", "finalLink": "https://www.sec.gov/Archives/edgar/data/1341766/000182912623002816/celsiusholdings_10ka.htm"}, {"date": "2022-09-30", "symbol": "CELH", "reportedCurrency": "USD", "cik": "0001341766", "fillingDate": "2022-11-09", "acceptedDate": "2022-11-09 16:01:49", "calendarYear": "2022", "period": "Q3", "revenue": 188233000, "costOfRevenue": 109583000, "grossProfit": 78650000, "grossProfitRatio": 0.4178332173, "researchAndDevelopmentExpenses": 0, "generalAndAdministrativeExpenses": 27493000, "sellingAndMarketingExpenses": 198756000, "sellingGeneralAndAdministrativeExpenses": 226249000, "otherExpenses": 0, "operatingExpenses": 226249000, "costAndExpenses": 335832000, "interestIncome": 1449000, "interestExpense": 0, "depreciationAndAmortization": 523000, "ebitda": -147076000, "ebitdaratio": -0.7813507727, "operatingIncome": -147599000, "operatingIncomeRatio": -0.7841292441, "totalOtherIncomeExpensesNet": 1195000, "incomeBeforeTax": -146404000, "incomeBeforeTaxRatio": -0.7777807292, "incomeTaxExpense": 35492000, "netIncome": -181896000, "netIncomeRatio": -0.9663342772, "eps": -0.8, "epsdiluted": -0.8, "weightedAverageShsOut": 227388000, "weightedAverageShsOutDil": 227388000, "link": "https://www.sec.gov/Archives/edgar/data/1341766/000095017022023818/0000950170-22-023818-index.htm", "finalLink": "https://www.sec.gov/Archives/edgar/data/1341766/000095017022023818/celh-20220930.htm"}, {"date": "2022-06-30", "symbol": "CELH", "reportedCurrency": "USD", "cik": "0001341766", "fillingDate": "2022-08-09", "acceptedDate": "2022-08-09 16:06:37", "calendarYear": "2022", "period": "Q2", "revenue": 154020000, "costOfRevenue": 94701000, "grossProfit": 59319000, "grossProfitRatio": 0.3851382937, "researchAndDevelopmentExpenses": 0, "generalAndAdministrativeExpenses": 14414000, "sellingAndMarketingExpenses": 32475000, "sellingGeneralAndAdministrativeExpenses": 46889000, "otherExpenses": 0, "operatingExpenses": 46889000, "costAndExpenses": 141590000, "interestIncome": 55000, "interestExpense": 3000, "depreciationAndAmortization": 445000, "ebitda": 12416000, "ebitdaratio": 0.0806129074, "operatingIncome": 12430000, "operatingIncomeRatio": 0.0807038047, "totalOtherIncomeExpensesNet": -462000, "incomeBeforeTax": 11968000, "incomeBeforeTaxRatio": 0.0777041943, "incomeTaxExpense": 2810000, "netIncome": 9158000, "netIncomeRatio": 0.0594598104, "eps": 0.04, "epsdiluted": 0.04, "weightedAverageShsOut": 226353000, "weightedAverageShsOutDil": 235116000, "link": "https://www.sec.gov/Archives/edgar/data/1341766/000095017022016034/0000950170-22-016034-index.htm", "finalLink": "https://www.sec.gov/Archives/edgar/data/1341766/000095017022016034/celh-20220630.htm"}, {"date": "2022-03-31", "symbol": "CELH", "reportedCurrency": "USD", "cik": "0001341766", "fillingDate": "2022-05-10", "acceptedDate": "2022-05-10 16:03:16", "calendarYear": "2022", "period": "Q1", "revenue": 133388000, "costOfRevenue": 79494000, "grossProfit": 53894000, "grossProfitRatio": 0.4040393439, "researchAndDevelopmentExpenses": 0, "generalAndAdministrativeExpenses": 29278000, "sellingAndMarketingExpenses": 14500000, "sellingGeneralAndAdministrativeExpenses": 43778000, "otherExpenses": 0, "operatingExpenses": 43778000, "costAndExpenses": 123272000, "interestIncome": 78000, "interestExpense": 2000, "depreciationAndAmortization": 386000, "ebitda": 10418000, "ebitdaratio": 0.0781029778, "operatingIncome": 10116000, "operatingIncomeRatio": 0.075838906, "totalOtherIncomeExpensesNet": -86000, "incomeBeforeTax": 10030000, "incomeBeforeTaxRatio": 0.0751941704, "incomeTaxExpense": 3351000, "netIncome": 6679000, "netIncomeRatio": 0.0500719705, "eps": 0.03, "epsdiluted": 0.03, "weightedAverageShsOut": 225717000, "weightedAverageShsOutDil": 234867000, "link": "https://www.sec.gov/Archives/edgar/data/1341766/000095017022008947/0000950170-22-008947-index.htm", "finalLink": "https://www.sec.gov/Archives/edgar/data/1341766/000095017022008947/celh-20220331.htm"}, {"date": "2021-12-31", "symbol": "CELH", "reportedCurrency": "USD", "cik": "0001341766", "fillingDate": "2022-03-16", "acceptedDate": "2022-03-16 17:16:56", "calendarYear": "2021", "period": "Q4", "revenue": 104255000, "costOfRevenue": 62607000, "grossProfit": 41648000, "grossProfitRatio": 0.3994820392, "researchAndDevelopmentExpenses": 0, "generalAndAdministrativeExpenses": 14155745, "sellingAndMarketingExpenses": 24627295, "sellingGeneralAndAdministrativeExpenses": 38784000, "otherExpenses": 0, "operatingExpenses": 38784000, "costAndExpenses": 101391000, "interestIncome": 76000, "interestExpense": -96000, "depreciationAndAmortization": 193000, "ebitda": 3210000, "ebitdaratio": 0.0307898902, "operatingIncome": 2864000, "operatingIncomeRatio": 0.0274711045, "totalOtherIncomeExpensesNet": 249000, "incomeBeforeTax": 3113000, "incomeBeforeTaxRatio": 0.0298594792, "incomeTaxExpense": -8830000, "netIncome": 11943000, "netIncomeRatio": 0.1145556568, "eps": 0.0553, "epsdiluted": 0.0553, "weightedAverageShsOut": 221343000, "weightedAverageShsOutDil": 233067000, "link": "https://www.sec.gov/Archives/edgar/data/1341766/000095017022003965/0000950170-22-003965-index.htm", "finalLink": "https://www.sec.gov/Archives/edgar/data/1341766/000095017022003965/celh-20211231.htm"}, {"date": "2021-09-30", "symbol": "CELH", "reportedCurrency": "USD", "cik": "0001341766", "fillingDate": "2021-11-12", "acceptedDate": "2021-11-12 14:57:06", "calendarYear": "2021", "period": "Q3", "revenue": 94909000, "costOfRevenue": 57216000, "grossProfit": 37693000, "grossProfitRatio": 0.3971488478, "researchAndDevelopmentExpenses": 0, "generalAndAdministrativeExpenses": 23257000, "sellingAndMarketingExpenses": 22621000, "sellingGeneralAndAdministrativeExpenses": 45878000, "otherExpenses": 0, "operatingExpenses": 45878000, "costAndExpenses": 103094000, "interestIncome": 76000, "interestExpense": 101000, "depreciationAndAmortization": 518000, "ebitda": -7918000, "ebitdaratio": -0.083427283, "operatingIncome": -8185000, "operatingIncomeRatio": -0.0862405041, "totalOtherIncomeExpensesNet": -352000, "incomeBeforeTax": -8537000, "incomeBeforeTaxRatio": -0.0899493199, "incomeTaxExpense": 834000, "netIncome": -9371000, "netIncomeRatio": -0.0987366846, "eps": -0.0419, "epsdiluted": -0.0419, "weightedAverageShsOut": 223827000, "weightedAverageShsOutDil": 223827000, "link": "https://www.sec.gov/Archives/edgar/data/1341766/000182912621014180/0001829126-21-014180-index.htm", "finalLink": "https://www.sec.gov/Archives/edgar/data/1341766/000182912621014180/celsiusholdings_10q.htm"}, {"date": "2021-06-30", "symbol": "CELH", "reportedCurrency": "USD", "cik": "0001341766", "fillingDate": "2021-08-12", "acceptedDate": "2021-08-12 08:17:39", "calendarYear": "2021", "period": "Q2", "revenue": 65073000, "costOfRevenue": 36824000, "grossProfit": 28249000, "grossProfitRatio": 0.4341124583, "researchAndDevelopmentExpenses": 0, "generalAndAdministrativeExpenses": 12300000, "sellingAndMarketingExpenses": 15531000, "sellingGeneralAndAdministrativeExpenses": 27831000, "otherExpenses": 0, "operatingExpenses": 27831000, "costAndExpenses": 64655000, "interestIncome": 76000, "interestExpense": 1000, "depreciationAndAmortization": 257000, "ebitda": 1038000, "ebitdaratio": 0.0159513162, "operatingIncome": 418000, "operatingIncomeRatio": 0.0064235551, "totalOtherIncomeExpensesNet": 362000, "incomeBeforeTax": 780000, "incomeBeforeTaxRatio": 0.0119865382, "incomeTaxExpense": 0, "netIncome": 780000, "netIncomeRatio": 0.0119865382, "eps": 0.0033, "epsdiluted": 0.0033, "weightedAverageShsOut": 219477000, "weightedAverageShsOutDil": 231714000, "link": "https://www.sec.gov/Archives/edgar/data/1341766/000182912621007909/0001829126-21-007909-index.htm", "finalLink": "https://www.sec.gov/Archives/edgar/data/1341766/000182912621007909/celsiusholdings_10q.htm"}, {"date": "2021-03-31", "symbol": "CELH", "reportedCurrency": "USD", "cik": "0001341766", "fillingDate": "2021-05-13", "acceptedDate": "2021-05-13 08:15:49", "calendarYear": "2021", "period": "Q1", "revenue": 50035000, "costOfRevenue": 29456000, "grossProfit": 20579000, "grossProfitRatio": 0.4112920955, "researchAndDevelopmentExpenses": 0, "generalAndAdministrativeExpenses": 7807000, "sellingAndMarketingExpenses": 11959000, "sellingGeneralAndAdministrativeExpenses": 19766000, "otherExpenses": 0, "operatingExpenses": 19766000, "costAndExpenses": 49222000, "interestIncome": 87000, "interestExpense": 2000, "depreciationAndAmortization": 296000, "ebitda": 883000, "ebitdaratio": 0.0176476466, "operatingIncome": 813000, "operatingIncomeRatio": 0.016248626, "totalOtherIncomeExpensesNet": -228000, "incomeBeforeTax": 585000, "incomeBeforeTaxRatio": 0.0116918157, "incomeTaxExpense": 0, "netIncome": 585000, "netIncomeRatio": 0.0116918157, "eps": 0.0033, "epsdiluted": 0.0033, "weightedAverageShsOut": 217548000, "weightedAverageShsOutDil": 230775000, "link": "https://www.sec.gov/Archives/edgar/data/1341766/000182912621003804/0001829126-21-003804-index.htm", "finalLink": "https://www.sec.gov/Archives/edgar/data/1341766/000182912621003804/celsiusholdings_10q.htm"}, {"date": "2020-12-31", "symbol": "CELH", "reportedCurrency": "USD", "cik": "0001341766", "fillingDate": "2021-03-11", "acceptedDate": "2021-03-11 08:40:05", "calendarYear": "2020", "period": "Q4", "revenue": 35664512, "costOfRevenue": 18239498, "grossProfit": 17425014, "grossProfitRatio": 0.4885813102, "researchAndDevelopmentExpenses": 0, "generalAndAdministrativeExpenses": 5727397, "sellingAndMarketingExpenses": 11234425, "sellingGeneralAndAdministrativeExpenses": 16961822, "otherExpenses": 0, "operatingExpenses": 16961822, "costAndExpenses": 35201320, "interestIncome": 87112, "interestExpense": 113274, "depreciationAndAmortization": 431965, "ebitda": 2038000, "ebitdaratio": 0.057143639, "operatingIncome": 463192, "operatingIncomeRatio": 0.0129874762, "totalOtherIncomeExpensesNet": 1318846, "incomeBeforeTax": 1782038, "incomeBeforeTaxRatio": 0.0499667008, "incomeTaxExpense": 116177, "netIncome": 1665861, "netIncomeRatio": 0.0467092049, "eps": 0.0078, "epsdiluted": 0.0073, "weightedAverageShsOut": 214066500, "weightedAverageShsOutDil": 227053500, "link": "https://www.sec.gov/Archives/edgar/data/1341766/000182912621001412/0001829126-21-001412-index.htm", "finalLink": "https://www.sec.gov/Archives/edgar/data/1341766/000182912621001412/celsiusholdings_10k.htm"}, {"date": "2020-09-30", "symbol": "CELH", "reportedCurrency": "USD", "cik": "0001341766", "fillingDate": "2020-11-12", "acceptedDate": "2020-11-12 08:27:41", "calendarYear": "2020", "period": "Q3", "revenue": 36839149, "costOfRevenue": 19305416, "grossProfit": 17533733, "grossProfitRatio": 0.4759538012, "researchAndDevelopmentExpenses": 0, "generalAndAdministrativeExpenses": 4752428, "sellingAndMarketingExpenses": 8267996, "sellingGeneralAndAdministrativeExpenses": 13020424, "otherExpenses": 0, "operatingExpenses": 13020424, "costAndExpenses": 32325840, "interestIncome": 78690, "interestExpense": 326089, "depreciationAndAmortization": 405468, "ebitda": 5485160, "ebitdaratio": 0.1488948618, "operatingIncome": 4513309, "operatingIncomeRatio": 0.1225139321, "totalOtherIncomeExpensesNet": 240294, "incomeBeforeTax": 4753603, "incomeBeforeTaxRatio": 0.1290367212, "incomeTaxExpense": 0, "netIncome": 4753603, "netIncomeRatio": 0.1290367212, "eps": 0.0233, "epsdiluted": 0.02, "weightedAverageShsOut": 211420053, "weightedAverageShsOutDil": 224544717, "link": "https://www.sec.gov/Archives/edgar/data/1341766/000121390020036371/0001213900-20-036371-index.htm", "finalLink": "https://www.sec.gov/Archives/edgar/data/1341766/000121390020036371/f10q0920_celsiusholdings.htm"}, {"date": "2020-06-30", "symbol": "CELH", "reportedCurrency": "USD", "cik": "0001341766", "fillingDate": "2020-08-06", "acceptedDate": "2020-08-06 08:30:45", "calendarYear": "2020", "period": "Q2", "revenue": 30037227, "costOfRevenue": 17024412, "grossProfit": 13012815, "grossProfitRatio": 0.4332229137, "researchAndDevelopmentExpenses": 0, "generalAndAdministrativeExpenses": 3897619, "sellingAndMarketingExpenses": 7866871, "sellingGeneralAndAdministrativeExpenses": 11764490, "otherExpenses": 0, "operatingExpenses": 11764490, "costAndExpenses": 28788902, "interestIncome": 92485, "interestExpense": 282782, "depreciationAndAmortization": 466860, "ebitda": 2307976, "ebitdaratio": 0.0768371861, "operatingIncome": 1248325, "operatingIncomeRatio": 0.0415592624, "totalOtherIncomeExpensesNet": 310009, "incomeBeforeTax": 1558334, "incomeBeforeTaxRatio": 0.0518800887, "incomeTaxExpense": 0, "netIncome": 1558334, "netIncomeRatio": 0.0518800887, "eps": 0.0067, "epsdiluted": 0.0067, "weightedAverageShsOut": 208189131, "weightedAverageShsOutDil": 214419195, "link": "https://www.sec.gov/Archives/edgar/data/1341766/000121390020020515/0001213900-20-020515-index.htm", "finalLink": "https://www.sec.gov/Archives/edgar/data/1341766/000121390020020515/f10q0620_celsiusholding.htm"}, {"date": "2020-03-31", "symbol": "CELH", "reportedCurrency": "USD", "cik": "0001341766", "fillingDate": "2020-05-12", "acceptedDate": "2020-05-12 10:47:23", "calendarYear": "2020", "period": "Q1", "revenue": 28184889, "costOfRevenue": 15182706, "grossProfit": 13002183, "grossProfitRatio": 0.4613175166, "researchAndDevelopmentExpenses": 0, "generalAndAdministrativeExpenses": 4528546, "sellingAndMarketingExpenses": 7506047, "sellingGeneralAndAdministrativeExpenses": 12034593, "otherExpenses": 0, "operatingExpenses": 12034593, "costAndExpenses": 27217299, "interestIncome": 97534, "interestExpense": 305683, "depreciationAndAmortization": 434536, "ebitda": 1286270, "ebitdaratio": 0.0456368659, "operatingIncome": 967590, "operatingIncomeRatio": 0.0343300979, "totalOtherIncomeExpensesNet": -421539, "incomeBeforeTax": 546051, "incomeBeforeTaxRatio": 0.0193738922, "incomeTaxExpense": 0, "netIncome": 546051, "netIncomeRatio": 0.0193738922, "eps": 0.0033, "epsdiluted": 0.0033, "weightedAverageShsOut": 207852921, "weightedAverageShsOutDil": 211018248, "link": "https://www.sec.gov/Archives/edgar/data/1341766/000121390020011763/0001213900-20-011763-index.htm", "finalLink": "https://www.sec.gov/Archives/edgar/data/1341766/000121390020011763/f10q0320_celsiusholdings.htm"}, {"date": "2019-12-31", "symbol": "CELH", "reportedCurrency": "USD", "cik": "0001341766", "fillingDate": "2020-03-12", "acceptedDate": "2020-03-12 08:33:46", "calendarYear": "2019", "period": "Q4", "revenue": 24115120, "costOfRevenue": 14022765, "grossProfit": 10092355, "grossProfitRatio": 0.4185073514, "researchAndDevelopmentExpenses": 0, "generalAndAdministrativeExpenses": 4371156, "sellingAndMarketingExpenses": 7042812, "sellingGeneralAndAdministrativeExpenses": 11413968, "otherExpenses": 0, "operatingExpenses": 11413968, "costAndExpenses": 25436733, "interestIncome": 93658, "interestExpense": 325664, "depreciationAndAmortization": 131764, "ebitda": -715654, "ebitdaratio": -0.0296765681, "operatingIncome": -1321613, "operatingIncomeRatio": -0.0548043302, "totalOtherIncomeExpensesNet": 148531, "incomeBeforeTax": -1173082, "incomeBeforeTaxRatio": -0.0486450824, "incomeTaxExpense": 0, "netIncome": -1173082, "netIncomeRatio": -0.0486450824, "eps": -0.0057, "epsdiluted": -0.0054, "weightedAverageShsOut": 206791482, "weightedAverageShsOutDil": 217686966, "link": "https://www.sec.gov/Archives/edgar/data/1341766/000121390020006069/0001213900-20-006069-index.htm", "finalLink": "https://www.sec.gov/Archives/edgar/data/1341766/000121390020006069/f10k2019_celsiusholdingsinc.htm"}, {"date": "2019-09-30", "symbol": "CELH", "reportedCurrency": "USD", "cik": "0001341766", "fillingDate": "2019-11-07", "acceptedDate": "2019-11-07 08:31:59", "calendarYear": "2019", "period": "Q3", "revenue": 20423847, "costOfRevenue": 11801478, "grossProfit": 8622369, "grossProfitRatio": 0.4221716408, "researchAndDevelopmentExpenses": 0, "generalAndAdministrativeExpenses": 2194530, "sellingAndMarketingExpenses": 4923968, "sellingGeneralAndAdministrativeExpenses": 7118498, "otherExpenses": 0, "operatingExpenses": 7118498, "costAndExpenses": 18919976, "interestIncome": 96300, "interestExpense": 637241, "depreciationAndAmortization": 543353, "ebitda": 2141636, "ebitdaratio": 0.1048595791, "operatingIncome": 1503871, "operatingIncomeRatio": 0.0736330917, "totalOtherIncomeExpensesNet": -542829, "incomeBeforeTax": 961042, "incomeBeforeTaxRatio": 0.0470548962, "incomeTaxExpense": 0, "netIncome": 961042, "netIncomeRatio": 0.0470548962, "eps": 0.0067, "epsdiluted": 0.0067, "weightedAverageShsOut": 177922212, "weightedAverageShsOutDil": 187597530, "link": "https://www.sec.gov/Archives/edgar/data/1341766/000121390019022270/0001213900-19-022270-index.htm", "finalLink": "https://www.sec.gov/Archives/edgar/data/1341766/000121390019022270/f10q0919_celsiusholdings.htm"}, {"date": "2019-06-30", "symbol": "CELH", "reportedCurrency": "USD", "cik": "0001341766", "fillingDate": "2019-08-08", "acceptedDate": "2019-08-08 08:31:37", "calendarYear": "2019", "period": "Q2", "revenue": 16121929, "costOfRevenue": 9255898, "grossProfit": 6866031, "grossProfitRatio": 0.4258814811, "researchAndDevelopmentExpenses": 0, "generalAndAdministrativeExpenses": 2432746, "sellingAndMarketingExpenses": 5561939, "sellingGeneralAndAdministrativeExpenses": 7994685, "otherExpenses": 0, "operatingExpenses": 7994685, "costAndExpenses": 17250583, "interestIncome": 95377, "interestExpense": 219614, "depreciationAndAmortization": 108311, "ebitda": -1145370, "ebitdaratio": -0.071044228, "operatingIncome": -1128654, "operatingIncomeRatio": -0.0700073794, "totalOtherIncomeExpensesNet": -344641, "incomeBeforeTax": -1473295, "incomeBeforeTaxRatio": -0.0913845359, "incomeTaxExpense": 0, "netIncome": -1473295, "netIncomeRatio": -0.0913845359, "eps": -0.0086, "epsdiluted": -0.0086, "weightedAverageShsOut": 172008351, "weightedAverageShsOutDil": 172008351, "link": "https://www.sec.gov/Archives/edgar/data/1341766/000121390019014875/0001213900-19-014875-index.htm", "finalLink": "https://www.sec.gov/Archives/edgar/data/1341766/000121390019014875/f10q0619_celsiusholdings.htm"}, {"date": "2019-03-31", "symbol": "CELH", "reportedCurrency": "USD", "cik": "0001341766", "fillingDate": "2019-05-09", "acceptedDate": "2019-05-09 08:32:21", "calendarYear": "2019", "period": "Q1", "revenue": 14485650, "costOfRevenue": 8764592, "grossProfit": 5721058, "grossProfitRatio": 0.3949465851, "researchAndDevelopmentExpenses": 0, "generalAndAdministrativeExpenses": 2622102, "sellingAndMarketingExpenses": 3601003, "sellingGeneralAndAdministrativeExpenses": 6223105, "otherExpenses": 0, "operatingExpenses": 6223105, "costAndExpenses": 14987697, "interestIncome": 0, "interestExpense": 114572, "depreciationAndAmortization": 109985, "ebitda": 11881151, "ebitdaratio": 0.8202014407, "operatingIncome": -502047, "operatingIncomeRatio": -0.0346582307, "totalOtherIncomeExpensesNet": 12158641, "incomeBeforeTax": 11656594, "incomeBeforeTaxRatio": 0.8046994094, "incomeTaxExpense": 0, "netIncome": 11656594, "netIncomeRatio": 0.8046994094, "eps": 0.0667, "epsdiluted": 0.0633, "weightedAverageShsOut": 171466335, "weightedAverageShsOutDil": 185062227, "link": "https://www.sec.gov/Archives/edgar/data/1341766/000161577419007328/0001615774-19-007328-index.htm", "finalLink": "https://www.sec.gov/Archives/edgar/data/1341766/000161577419007328/s118043_10q.htm"}, {"date": "2018-12-31", "symbol": "CELH", "reportedCurrency": "USD", "cik": "0001341766", "fillingDate": "2019-03-14", "acceptedDate": "2019-03-14 08:56:08", "calendarYear": "2018", "period": "Q4", "revenue": 14680367, "costOfRevenue": 9235873, "grossProfit": 5444494, "grossProfitRatio": 0.3708690661, "researchAndDevelopmentExpenses": 0, "generalAndAdministrativeExpenses": 3057012, "sellingAndMarketingExpenses": 2794294, "sellingGeneralAndAdministrativeExpenses": 5851306, "otherExpenses": 0, "operatingExpenses": 5851306, "costAndExpenses": 15087179, "interestIncome": 0, "interestExpense": 65912, "depreciationAndAmortization": 37542, "ebitda": -746318, "ebitdaratio": -0.0508378299, "operatingIncome": -406812, "operatingIncomeRatio": -0.0277112963, "totalOtherIncomeExpensesNet": -442960, "incomeBeforeTax": -849772, "incomeBeforeTaxRatio": -0.0578849289, "incomeTaxExpense": 0, "netIncome": -849772, "netIncomeRatio": -0.0578849289, "eps": -0.0055, "epsdiluted": -0.0055, "weightedAverageShsOut": 153491046, "weightedAverageShsOutDil": 153491046, "link": "https://www.sec.gov/Archives/edgar/data/1341766/000161577419004030/0001615774-19-004030-index.htm", "finalLink": "https://www.sec.gov/Archives/edgar/data/1341766/000161577419004030/s116616_10k.htm"}, {"date": "2018-09-30", "symbol": "CELH", "reportedCurrency": "USD", "cik": "0001341766", "fillingDate": "2018-11-08", "acceptedDate": "2018-11-08 16:02:27", "calendarYear": "2018", "period": "Q3", "revenue": 16565316, "costOfRevenue": 9694932, "grossProfit": 6870384, "grossProfitRatio": 0.4147451217, "researchAndDevelopmentExpenses": 0, "generalAndAdministrativeExpenses": 2287374, "sellingAndMarketingExpenses": 8671792, "sellingGeneralAndAdministrativeExpenses": 10959166, "otherExpenses": 0, "operatingExpenses": 10959166, "costAndExpenses": 20654098, "interestIncome": 0, "interestExpense": 42932, "depreciationAndAmortization": 14972, "ebitda": -4073810, "ebitdaratio": -0.2459240741, "operatingIncome": -4088782, "operatingIncomeRatio": -0.2468278903, "totalOtherIncomeExpensesNet": -42932, "incomeBeforeTax": -4131714, "incomeBeforeTaxRatio": -0.2494195704, "incomeTaxExpense": 0, "netIncome": -4131714, "netIncomeRatio": -0.2494195704, "eps": -0.027, "epsdiluted": -0.027, "weightedAverageShsOut": 153295725, "weightedAverageShsOutDil": 153295725, "link": "https://www.sec.gov/Archives/edgar/data/1341766/000161577418012306/0001615774-18-012306-index.htm", "finalLink": "https://www.sec.gov/Archives/edgar/data/1341766/000161577418012306/s113852_10q.htm"}, {"date": "2018-06-30", "symbol": "CELH", "reportedCurrency": "USD", "cik": "0001341766", "fillingDate": "2018-08-09", "acceptedDate": "2018-08-09 16:03:22", "calendarYear": "2018", "period": "Q2", "revenue": 9298327, "costOfRevenue": 5316508, "grossProfit": 3981819, "grossProfitRatio": 0.4282296159, "researchAndDevelopmentExpenses": 0, "generalAndAdministrativeExpenses": 3140551, "sellingAndMarketingExpenses": 4148173, "sellingGeneralAndAdministrativeExpenses": 7288724, "otherExpenses": 0, "operatingExpenses": 7288724, "costAndExpenses": 12605232, "interestIncome": 2482, "interestExpense": 44235, "depreciationAndAmortization": 11695, "ebitda": -3292728, "ebitdaratio": -0.3541204778, "operatingIncome": -3306905, "operatingIncomeRatio": -0.3556451607, "totalOtherIncomeExpensesNet": -41753, "incomeBeforeTax": -3348658, "incomeBeforeTaxRatio": -0.3601355384, "incomeTaxExpense": 0, "netIncome": -3348658, "netIncomeRatio": -0.3601355384, "eps": -0.0219, "epsdiluted": -0.0219, "weightedAverageShsOut": 153011409, "weightedAverageShsOutDil": 153011409, "link": "https://www.sec.gov/Archives/edgar/data/1341766/000161577418007796/0001615774-18-007796-index.htm", "finalLink": "https://www.sec.gov/Archives/edgar/data/1341766/000161577418007796/s111924_10q.htm"}, {"date": "2018-03-31", "symbol": "CELH", "reportedCurrency": "USD", "cik": "0001341766", "fillingDate": "2018-05-10", "acceptedDate": "2018-05-10 16:02:35", "calendarYear": "2018", "period": "Q1", "revenue": 12059976, "costOfRevenue": 7296295, "grossProfit": 4763681, "grossProfitRatio": 0.3949992106, "researchAndDevelopmentExpenses": 0, "generalAndAdministrativeExpenses": 2002655, "sellingAndMarketingExpenses": 5599271, "sellingGeneralAndAdministrativeExpenses": 7601926, "otherExpenses": 0, "operatingExpenses": 7601926, "costAndExpenses": 14898221, "interestIncome": 0, "interestExpense": 38259, "depreciationAndAmortization": 7953, "ebitda": -2830292, "ebitdaratio": -0.2346847125, "operatingIncome": -2838245, "operatingIncomeRatio": -0.2353441665, "totalOtherIncomeExpensesNet": -38259, "incomeBeforeTax": -2876504, "incomeBeforeTaxRatio": -0.2385165609, "incomeTaxExpense": 0, "netIncome": -2876504, "netIncomeRatio": -0.2385165609, "eps": -0.0202, "epsdiluted": -0.0202, "weightedAverageShsOut": 142348659, "weightedAverageShsOutDil": 142348659, "link": "https://www.sec.gov/Archives/edgar/data/1341766/000161577418003564/0001615774-18-003564-index.htm", "finalLink": "https://www.sec.gov/Archives/edgar/data/1341766/000161577418003564/s110007_10q.htm"}, {"date": "2017-12-31", "symbol": "CELH", "reportedCurrency": "USD", "cik": "0001341766", "fillingDate": "2018-03-08", "acceptedDate": "2018-03-08 16:02:58", "calendarYear": "2017", "period": "Q4", "revenue": 9140941, "costOfRevenue": 5334589, "grossProfit": 3806352, "grossProfitRatio": 0.4164070198, "researchAndDevelopmentExpenses": 0, "generalAndAdministrativeExpenses": 1637581, "sellingAndMarketingExpenses": 7338162, "sellingGeneralAndAdministrativeExpenses": 8975743, "otherExpenses": 0, "operatingExpenses": 8975743, "costAndExpenses": 14310332, "interestIncome": 0, "interestExpense": 38421, "depreciationAndAmortization": 6133, "ebitda": -5163258, "ebitdaratio": -0.5648497239, "operatingIncome": -5169391, "operatingIncomeRatio": -0.5655206614, "totalOtherIncomeExpensesNet": -38421, "incomeBeforeTax": -5207812, "incomeBeforeTaxRatio": -0.5697238392, "incomeTaxExpense": 0, "netIncome": -5207812, "netIncomeRatio": -0.5697238392, "eps": -0.0378, "epsdiluted": -0.0378, "weightedAverageShsOut": 137607732, "weightedAverageShsOutDil": 137607732, "link": "https://www.sec.gov/Archives/edgar/data/1341766/000161577418001689/0001615774-18-001689-index.htm", "finalLink": "https://www.sec.gov/Archives/edgar/data/1341766/000161577418001689/s109237_10k.htm"}, {"date": "2017-09-30", "symbol": "CELH", "reportedCurrency": "USD", "cik": "0001341766", "fillingDate": "2017-11-08", "acceptedDate": "2017-11-08 16:03:10", "calendarYear": "2017", "period": "Q3", "revenue": 10785796, "costOfRevenue": 6110898, "grossProfit": 4674898, "grossProfitRatio": 0.4334309679, "researchAndDevelopmentExpenses": 0, "generalAndAdministrativeExpenses": 1559173, "sellingAndMarketingExpenses": 4702308, "sellingGeneralAndAdministrativeExpenses": 6261481, "otherExpenses": 0, "operatingExpenses": 6261481, "costAndExpenses": 12372379, "interestIncome": 0, "interestExpense": 35661, "depreciationAndAmortization": 5618, "ebitda": -1580965, "ebitdaratio": -0.1465784259, "operatingIncome": -1586583, "operatingIncomeRatio": -0.1470992961, "totalOtherIncomeExpensesNet": -35661, "incomeBeforeTax": -1622244, "incomeBeforeTaxRatio": -0.150405589, "incomeTaxExpense": 0, "netIncome": -1622244, "netIncomeRatio": -0.150405589, "eps": -0.0119, "epsdiluted": -0.0119, "weightedAverageShsOut": 136463724, "weightedAverageShsOutDil": 136463724, "link": "https://www.sec.gov/Archives/edgar/data/1341766/000161577417006346/0001615774-17-006346-index.htm", "finalLink": "https://www.sec.gov/Archives/edgar/data/1341766/000161577417006346/s108003_10q.htm"}, {"date": "2017-06-30", "symbol": "CELH", "reportedCurrency": "USD", "cik": "0001341766", "fillingDate": "2017-08-09", "acceptedDate": "2017-08-09 16:02:32", "calendarYear": "2017", "period": "Q2", "revenue": 10236898, "costOfRevenue": 5670277, "grossProfit": 4566621, "grossProfitRatio": 0.4460942172, "researchAndDevelopmentExpenses": 0, "generalAndAdministrativeExpenses": 1639558, "sellingAndMarketingExpenses": 2417812, "sellingGeneralAndAdministrativeExpenses": 4057370, "otherExpenses": 0, "operatingExpenses": 4057370, "costAndExpenses": 9727647, "interestIncome": 0, "interestExpense": 38478, "depreciationAndAmortization": 4440, "ebitda": 513691, "ebitdaratio": 0.0501803378, "operatingIncome": 509251, "operatingIncomeRatio": 0.0497466127, "totalOtherIncomeExpensesNet": -38478, "incomeBeforeTax": 470773, "incomeBeforeTaxRatio": 0.0459878569, "incomeTaxExpense": 0, "netIncome": 470773, "netIncomeRatio": 0.0459878569, "eps": 0.0033, "epsdiluted": 0.0033, "weightedAverageShsOut": 133950156, "weightedAverageShsOutDil": 170632848, "link": "https://www.sec.gov/Archives/edgar/data/1341766/000161577417004181/0001615774-17-004181-index.htm", "finalLink": "https://www.sec.gov/Archives/edgar/data/1341766/000161577417004181/s107069_10q.htm"}, {"date": "2017-03-31", "symbol": "CELH", "reportedCurrency": "USD", "cik": "0001341766", "fillingDate": "2017-05-11", "acceptedDate": "2017-05-11 16:02:27", "calendarYear": "2017", "period": "Q1", "revenue": 6000429, "costOfRevenue": 3617623, "grossProfit": 2382806, "grossProfitRatio": 0.3971059403, "researchAndDevelopmentExpenses": 0, "generalAndAdministrativeExpenses": 2062963, "sellingAndMarketingExpenses": 2153087, "sellingGeneralAndAdministrativeExpenses": 4216050, "otherExpenses": 0, "operatingExpenses": 4216050, "costAndExpenses": 7833673, "interestIncome": 0, "interestExpense": 48056, "depreciationAndAmortization": 4234, "ebitda": -1829010, "ebitdaratio": -0.3048132059, "operatingIncome": -1833244, "operatingIncomeRatio": -0.3055188221, "totalOtherIncomeExpensesNet": -48056, "incomeBeforeTax": -1881300, "incomeBeforeTaxRatio": -0.3135275828, "incomeTaxExpense": 0, "netIncome": -1881300, "netIncomeRatio": -0.3135275828, "eps": -0.015, "epsdiluted": -0.015, "weightedAverageShsOut": 125351559, "weightedAverageShsOutDil": 125351559, "link": "https://www.sec.gov/Archives/edgar/data/1341766/000161577417002240/0001615774-17-002240-index.htm", "finalLink": "https://www.sec.gov/Archives/edgar/data/1341766/000161577417002240/s106122_10q.htm"}, {"date": "2016-12-31", "symbol": "CELH", "reportedCurrency": "USD", "cik": "0001341766", "fillingDate": "2017-03-30", "acceptedDate": "2017-03-30 16:02:20", "calendarYear": "2016", "period": "Q4", "revenue": 6252890, "costOfRevenue": 3691851, "grossProfit": 2561039, "grossProfitRatio": 0.4095768517, "researchAndDevelopmentExpenses": 0, "generalAndAdministrativeExpenses": 962758, "sellingAndMarketingExpenses": 1966418, "sellingGeneralAndAdministrativeExpenses": 2929176, "otherExpenses": 0, "operatingExpenses": 2929176, "costAndExpenses": 6621027, "interestIncome": 0, "interestExpense": 57500, "depreciationAndAmortization": 4605, "ebitda": -357437, "ebitdaratio": -0.0571634876, "operatingIncome": -368137, "operatingIncomeRatio": -0.0588746963, "totalOtherIncomeExpensesNet": -51405, "incomeBeforeTax": -419542, "incomeBeforeTaxRatio": -0.067095695, "incomeTaxExpense": 0, "netIncome": -419542, "netIncomeRatio": -0.067095695, "eps": -0.0036, "epsdiluted": -0.0036, "weightedAverageShsOut": 116042832, "weightedAverageShsOutDil": 116042832, "link": "https://www.sec.gov/Archives/edgar/data/1341766/000161577417001341/0001615774-17-001341-index.htm", "finalLink": "https://www.sec.gov/Archives/edgar/data/1341766/000161577417001341/s105632_10k.htm"}, {"date": "2016-09-30", "symbol": "CELH", "reportedCurrency": "USD", "cik": "0001341766", "fillingDate": "2016-11-10", "acceptedDate": "2016-11-10 16:16:22", "calendarYear": "2016", "period": "Q3", "revenue": 6657700, "costOfRevenue": 3772948, "grossProfit": 2884752, "grossProfitRatio": 0.4332955826, "researchAndDevelopmentExpenses": 0, "generalAndAdministrativeExpenses": 1081273, "sellingAndMarketingExpenses": 1736029, "sellingGeneralAndAdministrativeExpenses": 2817302, "otherExpenses": 0, "operatingExpenses": 2817302, "costAndExpenses": 6590250, "interestIncome": 0, "interestExpense": 57500, "depreciationAndAmortization": 4978, "ebitda": 72428, "ebitdaratio": 0.010878832, "operatingIncome": 67450, "operatingIncomeRatio": 0.0101311264, "totalOtherIncomeExpensesNet": -57500, "incomeBeforeTax": 9950, "incomeBeforeTaxRatio": 0.0014945101, "incomeTaxExpense": 0, "netIncome": 9950, "netIncomeRatio": 0.0014945101, "eps": 0.0001, "epsdiluted": 0.0001, "weightedAverageShsOut": 115999353, "weightedAverageShsOutDil": 115999353, "link": "https://www.sec.gov/Archives/edgar/data/1341766/000161577416008159/0001615774-16-008159-index.htm", "finalLink": "https://www.sec.gov/Archives/edgar/data/1341766/000161577416008159/s104563_10q.htm"}, {"date": "2016-06-30", "symbol": "CELH", "reportedCurrency": "USD", "cik": "0001341766", "fillingDate": "2016-06-30", "acceptedDate": "2016-06-30 00:00:00", "calendarYear": "2016", "period": "Q2", "revenue": 6171791, "costOfRevenue": 3407612, "grossProfit": 2764179, "grossProfitRatio": 0.4478730728, "researchAndDevelopmentExpenses": 0, "generalAndAdministrativeExpenses": 979722, "sellingAndMarketingExpenses": 3185048, "sellingGeneralAndAdministrativeExpenses": 4164770, "otherExpenses": 0, "operatingExpenses": 4164770, "costAndExpenses": 7572382, "interestIncome": 0, "interestExpense": 56875, "depreciationAndAmortization": 3974, "ebitda": -1396617, "ebitdaratio": -0.2262903912, "operatingIncome": -1400591, "operatingIncomeRatio": -0.2269342886, "totalOtherIncomeExpensesNet": -56875, "incomeBeforeTax": -1457466, "incomeBeforeTaxRatio": -0.2361496039, "incomeTaxExpense": 0, "netIncome": -1457466, "netIncomeRatio": -0.2361496039, "eps": -0.0126, "epsdiluted": -0.0126, "weightedAverageShsOut": 115626768, "weightedAverageShsOutDil": 115626768, "link": null, "finalLink": null}, {"date": "2016-03-31", "symbol": "CELH", "reportedCurrency": "USD", "cik": "0001341766", "fillingDate": "2016-03-31", "acceptedDate": "2016-03-31 00:00:00", "calendarYear": "2016", "period": "Q1", "revenue": 3678606, "costOfRevenue": 2158742, "grossProfit": 1519864, "grossProfitRatio": 0.4131630297, "researchAndDevelopmentExpenses": 0, "generalAndAdministrativeExpenses": 875278, "sellingAndMarketingExpenses": 1788268, "sellingGeneralAndAdministrativeExpenses": 2663546, "otherExpenses": 0, "operatingExpenses": 2663546, "costAndExpenses": 4822288, "interestIncome": 0, "interestExpense": 56875, "depreciationAndAmortization": 3394, "ebitda": -1140288, "ebitdaratio": -0.3099782907, "operatingIncome": -1143682, "operatingIncomeRatio": -0.3109009228, "totalOtherIncomeExpensesNet": -56875, "incomeBeforeTax": -1200557, "incomeBeforeTaxRatio": -0.3263619425, "incomeTaxExpense": 0, "netIncome": -1200557, "netIncomeRatio": -0.3263619425, "eps": -0.0104, "epsdiluted": -0.0104, "weightedAverageShsOut": 115141140, "weightedAverageShsOutDil": 115141140, "link": null, "finalLink": null}, {"date": "2015-12-31", "symbol": "CELH", "reportedCurrency": "USD", "cik": "0001341766", "fillingDate": "2015-12-31", "acceptedDate": "2015-12-31 00:00:00", "calendarYear": "2015", "period": "Q4", "revenue": 4260610, "costOfRevenue": 2596089, "grossProfit": 1664521, "grossProfitRatio": 0.3906766871, "researchAndDevelopmentExpenses": 0, "generalAndAdministrativeExpenses": 657485, "sellingAndMarketingExpenses": 2015249, "sellingGeneralAndAdministrativeExpenses": 2672734, "otherExpenses": 0, "operatingExpenses": 2672734, "costAndExpenses": 5268823, "interestIncome": 0, "interestExpense": 57623, "depreciationAndAmortization": 6522, "ebitda": -1001691, "ebitdaratio": -0.2351050671, "operatingIncome": -1008213, "operatingIncomeRatio": -0.2366358338, "totalOtherIncomeExpensesNet": -57623, "incomeBeforeTax": -1065836, "incomeBeforeTaxRatio": -0.250160423, "incomeTaxExpense": 0, "netIncome": -1065836, "netIncomeRatio": -0.250160423, "eps": -0.0099, "epsdiluted": -0.0099, "weightedAverageShsOut": 107334309, "weightedAverageShsOutDil": 107334309, "link": null, "finalLink": null}, {"date": "2015-09-30", "symbol": "CELH", "reportedCurrency": "USD", "cik": "0001341766", "fillingDate": "2015-09-30", "acceptedDate": "2015-09-30 00:00:00", "calendarYear": "2015", "period": "Q3", "revenue": 3652424, "costOfRevenue": 2143676, "grossProfit": 1508748, "grossProfitRatio": 0.4130812852, "researchAndDevelopmentExpenses": 0, "generalAndAdministrativeExpenses": 616703, "sellingAndMarketingExpenses": 1644090, "sellingGeneralAndAdministrativeExpenses": 2260793, "otherExpenses": 0, "operatingExpenses": 2260793, "costAndExpenses": 4404469, "interestIncome": 0, "interestExpense": 57988, "depreciationAndAmortization": 8670, "ebitda": -743375, "ebitdaratio": -0.2035292179, "operatingIncome": -752045, "operatingIncomeRatio": -0.2059029839, "totalOtherIncomeExpensesNet": -57988, "incomeBeforeTax": -810033, "incomeBeforeTaxRatio": -0.2217795634, "incomeTaxExpense": 0, "netIncome": -810033, "netIncomeRatio": -0.2217795634, "eps": -0.007, "epsdiluted": -0.007, "weightedAverageShsOut": 115141146, "weightedAverageShsOutDil": 115141146, "link": null, "finalLink": null}, {"date": "2015-06-30", "symbol": "CELH", "reportedCurrency": "USD", "cik": "0001341766", "fillingDate": "2015-06-30", "acceptedDate": "2015-06-30 00:00:00", "calendarYear": "2015", "period": "Q2", "revenue": 4655884, "costOfRevenue": 2627796, "grossProfit": 2028088, "grossProfitRatio": 0.4355967631, "researchAndDevelopmentExpenses": 0, "generalAndAdministrativeExpenses": 1329150, "sellingAndMarketingExpenses": 1140003, "sellingGeneralAndAdministrativeExpenses": 2469153, "otherExpenses": 4013, "operatingExpenses": 2473166, "costAndExpenses": 5100962, "interestIncome": 0, "interestExpense": 74564, "depreciationAndAmortization": 8733, "ebitda": -432332, "ebitdaratio": -0.0928571244, "operatingIncome": -445078, "operatingIncomeRatio": -0.0955947356, "totalOtherIncomeExpensesNet": -70551, "incomeBeforeTax": -515629, "incomeBeforeTaxRatio": -0.1107478193, "incomeTaxExpense": 0, "netIncome": -519642, "netIncomeRatio": -0.1116097394, "eps": -0.0049, "epsdiluted": -0.0049, "weightedAverageShsOut": 105688125, "weightedAverageShsOutDil": 105688125, "link": null, "finalLink": null}, {"date": "2015-03-31", "symbol": "CELH", "reportedCurrency": "USD", "cik": "0001341766", "fillingDate": "2015-03-31", "acceptedDate": "2015-03-31 00:00:00", "calendarYear": "2015", "period": "Q1", "revenue": 4649026, "costOfRevenue": 2810425, "grossProfit": 1838601, "grossProfitRatio": 0.3954809029, "researchAndDevelopmentExpenses": 0, "generalAndAdministrativeExpenses": 562235, "sellingAndMarketingExpenses": 898490, "sellingGeneralAndAdministrativeExpenses": 1460725, "otherExpenses": 0, "operatingExpenses": 1460725, "costAndExpenses": 4271150, "interestIncome": 0, "interestExpense": 132169, "depreciationAndAmortization": 9118, "ebitda": 386994, "ebitdaratio": 0.0832419522, "operatingIncome": 377876, "operatingIncomeRatio": 0.0812806812, "totalOtherIncomeExpensesNet": -132169, "incomeBeforeTax": 245707, "incomeBeforeTaxRatio": 0.0528512854, "incomeTaxExpense": 0, "netIncome": 245707, "netIncomeRatio": 0.0528512854, "eps": 0.0033, "epsdiluted": 0.0033, "weightedAverageShsOut": 61377096, "weightedAverageShsOutDil": 94708233, "link": null, "finalLink": null}, {"date": "2014-12-31", "symbol": "CELH", "reportedCurrency": "USD", "cik": "0001341766", "fillingDate": "2014-12-31", "acceptedDate": "2014-12-30 19:00:00", "calendarYear": "2014", "period": "Q4", "revenue": 4590000, "costOfRevenue": 2770000, "grossProfit": 1820000, "grossProfitRatio": 0.3965141612, "researchAndDevelopmentExpenses": 0, "generalAndAdministrativeExpenses": 1520000, "sellingAndMarketingExpenses": 0, "sellingGeneralAndAdministrativeExpenses": 1520000, "otherExpenses": 0, "operatingExpenses": 1520000, "costAndExpenses": 4290000, "interestIncome": 0, "interestExpense": 138336, "depreciationAndAmortization": 10000, "ebitda": 308209, "ebitdaratio": 0.0671479303, "operatingIncome": 20000, "operatingIncomeRatio": 0.0043572985, "totalOtherIncomeExpensesNet": -138895, "incomeBeforeTax": 160000, "incomeBeforeTaxRatio": 0.0348583878, "incomeTaxExpense": -140000, "netIncome": 300000, "netIncomeRatio": 0.0653594771, "eps": 0.0049, "epsdiluted": 0.0032, "weightedAverageShsOut": 61255917, "weightedAverageShsOutDil": 92370721, "link": "", "finalLink": ""}, {"date": "2014-09-30", "symbol": "CELH", "reportedCurrency": "USD", "cik": "0001341766", "fillingDate": "2014-09-30", "acceptedDate": "2014-09-29 20:00:00", "calendarYear": "2014", "period": "Q3", "revenue": 3420000, "costOfRevenue": 2100000, "grossProfit": 1320000, "grossProfitRatio": 0.3859649123, "researchAndDevelopmentExpenses": 0, "generalAndAdministrativeExpenses": 1990000, "sellingAndMarketingExpenses": 0, "sellingGeneralAndAdministrativeExpenses": 1990000, "otherExpenses": 0, "operatingExpenses": 1990000, "costAndExpenses": 4090000, "interestIncome": 0, "interestExpense": 126263, "depreciationAndAmortization": 9999.999999999998, "ebitda": -910000, "ebitdaratio": -0.2660818713, "operatingIncome": -920000, "operatingIncomeRatio": -0.269005848, "totalOtherIncomeExpensesNet": -121520, "incomeBeforeTax": -790000, "incomeBeforeTaxRatio": -0.230994152, "incomeTaxExpense": -130000, "netIncome": -660000, "netIncomeRatio": -0.1929824561, "eps": -0.0108, "epsdiluted": -0.0108, "weightedAverageShsOut": 61334052, "weightedAverageShsOutDil": 61336936, "link": "", "finalLink": ""}, {"date": "2014-06-30", "symbol": "CELH", "reportedCurrency": "USD", "cik": "0001341766", "fillingDate": "2014-06-30", "acceptedDate": "2014-06-29 20:00:00", "calendarYear": "2014", "period": "Q2", "revenue": 2730000, "costOfRevenue": 1660000, "grossProfit": 1070000, "grossProfitRatio": 0.3919413919, "researchAndDevelopmentExpenses": 0, "generalAndAdministrativeExpenses": 1680000, "sellingAndMarketingExpenses": -9999.999999999767, "sellingGeneralAndAdministrativeExpenses": 1670000, "otherExpenses": 0, "operatingExpenses": 1670000, "costAndExpenses": 3330000, "interestIncome": 0, "interestExpense": 119863, "depreciationAndAmortization": 10000, "ebitda": -830000, "ebitdaratio": -0.304029304, "operatingIncome": -840000, "operatingIncomeRatio": -0.3076923077, "totalOtherIncomeExpensesNet": -117171, "incomeBeforeTax": -720000, "incomeBeforeTaxRatio": -0.2637362637, "incomeTaxExpense": -120000, "netIncome": -600000, "netIncomeRatio": -0.2197802198, "eps": -0.0098, "epsdiluted": -0.0098, "weightedAverageShsOut": 61287096, "weightedAverageShsOutDil": 61288829, "link": "", "finalLink": ""}, {"date": "2014-03-31", "symbol": "CELH", "reportedCurrency": "USD", "cik": "0001341766", "fillingDate": "2014-03-31", "acceptedDate": "2014-03-30 20:00:00", "calendarYear": "2014", "period": "Q1", "revenue": 3870000, "costOfRevenue": 2480000, "grossProfit": 1390000, "grossProfitRatio": 0.3591731266, "researchAndDevelopmentExpenses": 0, "generalAndAdministrativeExpenses": 1940000, "sellingAndMarketingExpenses": 9999.999999999767, "sellingGeneralAndAdministrativeExpenses": 1950000, "otherExpenses": 0, "operatingExpenses": 1950000, "costAndExpenses": 4430000, "interestIncome": 0, "interestExpense": 145741, "depreciationAndAmortization": -220000, "ebitda": -780000, "ebitdaratio": -0.2015503876, "operatingIncome": -560000, "operatingIncomeRatio": -0.1447028424, "totalOtherIncomeExpensesNet": -110000, "incomeBeforeTax": -670000, "incomeBeforeTaxRatio": -0.173126615, "incomeTaxExpense": 220000, "netIncome": -890000, "netIncomeRatio": -0.2299741602, "eps": -0.0147, "epsdiluted": -0.0147, "weightedAverageShsOut": 60712095, "weightedAverageShsOutDil": 60714840, "link": "", "finalLink": ""}, {"date": "2013-12-31", "symbol": "CELH", "reportedCurrency": "USD", "cik": "0001341766", "fillingDate": "2013-12-31", "acceptedDate": "2013-12-30 19:00:00", "calendarYear": "2013", "period": "Q4", "revenue": 2920000, "costOfRevenue": 1810000, "grossProfit": 1110000, "grossProfitRatio": 0.3801369863, "researchAndDevelopmentExpenses": 0, "generalAndAdministrativeExpenses": 1530000, "sellingAndMarketingExpenses": 0, "sellingGeneralAndAdministrativeExpenses": 1530000, "otherExpenses": 0, "operatingExpenses": 1530000, "costAndExpenses": 3340000, "interestIncome": 0, "interestExpense": 153178, "depreciationAndAmortization": -60000, "ebitda": -480000, "ebitdaratio": -0.1643835616, "operatingIncome": -420000, "operatingIncomeRatio": -0.1438356164, "totalOtherIncomeExpensesNet": -30000, "incomeBeforeTax": -450000, "incomeBeforeTaxRatio": -0.154109589, "incomeTaxExpense": 60000, "netIncome": -510000, "netIncomeRatio": -0.1746575342, "eps": -0.0084, "epsdiluted": -0.0084, "weightedAverageShsOut": 60537096, "weightedAverageShsOutDil": 60539507, "link": "", "finalLink": ""}, {"date": "2013-09-30", "symbol": "CELH", "reportedCurrency": "USD", "cik": "0001341766", "fillingDate": "2013-09-30", "acceptedDate": "2013-09-30 00:00:00", "calendarYear": "2013", "period": "Q3", "revenue": 2331771, "costOfRevenue": 1426186, "grossProfit": 905585, "grossProfitRatio": 0.3883678972, "researchAndDevelopmentExpenses": 0, "generalAndAdministrativeExpenses": -733763, "sellingAndMarketingExpenses": 2225421, "sellingGeneralAndAdministrativeExpenses": 1491658, "otherExpenses": 0, "operatingExpenses": 1491658, "costAndExpenses": 2917844, "interestIncome": -217562, "interestExpense": -153178, "depreciationAndAmortization": -314673, "ebitda": -683184, "ebitdaratio": -0.2929893201, "operatingIncome": -586073, "operatingIncomeRatio": -0.2513424346, "totalOtherIncomeExpensesNet": -109548, "incomeBeforeTax": -695621, "incomeBeforeTaxRatio": -0.2983230343, "incomeTaxExpense": 157562, "netIncome": -635621, "netIncomeRatio": -0.2725915195, "eps": -0.010499999999999999, "epsdiluted": -0.010499999999999999, "weightedAverageShsOut": 60537096, "weightedAverageShsOutDil": 60539507, "link": null, "finalLink": null}, {"date": "2013-06-30", "symbol": "CELH", "reportedCurrency": "USD", "cik": "0001341766", "fillingDate": "2013-06-30", "acceptedDate": "2013-06-29 20:00:00", "calendarYear": "2013", "period": "Q2", "revenue": 3018758, "costOfRevenue": 1830873, "grossProfit": 1187885, "grossProfitRatio": 0.3935012346, "researchAndDevelopmentExpenses": 0, "generalAndAdministrativeExpenses": 450502, "sellingAndMarketingExpenses": 851837, "sellingGeneralAndAdministrativeExpenses": 1302339, "otherExpenses": 0, "operatingExpenses": 1302339, "costAndExpenses": 3133212, "interestIncome": 113894, "interestExpense": 0, "depreciationAndAmortization": 114454, "ebitda": -113894, "ebitdaratio": -0.0377287613, "operatingIncome": -114454, "operatingIncomeRatio": -0.0379142681, "totalOtherIncomeExpensesNet": -113894, "incomeBeforeTax": -228348, "incomeBeforeTaxRatio": -0.0756430294, "incomeTaxExpense": 0, "netIncome": -228348, "netIncomeRatio": -0.0756430294, "eps": -0.0038, "epsdiluted": -0.0038, "weightedAverageShsOut": 60544224, "weightedAverageShsOutDil": 60544224, "link": null, "finalLink": null}, {"date": "2013-03-31", "symbol": "CELH", "reportedCurrency": "USD", "cik": "0001341766", "fillingDate": "2013-03-31", "acceptedDate": "2013-03-30 20:00:00", "calendarYear": "2013", "period": "Q1", "revenue": 2342371, "costOfRevenue": 1472735, "grossProfit": 869636, "grossProfitRatio": 0.3712631347, "researchAndDevelopmentExpenses": 0, "generalAndAdministrativeExpenses": 301008, "sellingAndMarketingExpenses": 870360, "sellingGeneralAndAdministrativeExpenses": 1171368, "otherExpenses": 0, "operatingExpenses": 1171368, "costAndExpenses": 2644103, "interestIncome": 103668, "interestExpense": 0, "depreciationAndAmortization": 301732, "ebitda": -103668, "ebitdaratio": -0.0442577201, "operatingIncome": -301732, "operatingIncomeRatio": -0.1288147778, "totalOtherIncomeExpensesNet": -103668, "incomeBeforeTax": -405400, "incomeBeforeTaxRatio": -0.1730724979, "incomeTaxExpense": 0, "netIncome": -405400, "netIncomeRatio": -0.1730724979, "eps": -0.0067, "epsdiluted": -0.0067, "weightedAverageShsOut": 60537096, "weightedAverageShsOutDil": 60537096, "link": null, "finalLink": null}, {"date": "2012-12-31", "symbol": "CELH", "reportedCurrency": "USD", "cik": "0001341766", "fillingDate": "2012-12-31", "acceptedDate": "2012-12-30 19:00:00", "calendarYear": "2012", "period": "Q4", "revenue": 1933225, "costOfRevenue": 1299016, "grossProfit": 634209, "grossProfitRatio": 0.3280575205, "researchAndDevelopmentExpenses": 0, "generalAndAdministrativeExpenses": 234335, "sellingAndMarketingExpenses": 634094, "sellingGeneralAndAdministrativeExpenses": 868429, "otherExpenses": 0, "operatingExpenses": 868429, "costAndExpenses": 2167445, "interestIncome": 94519, "interestExpense": 0, "depreciationAndAmortization": 234220, "ebitda": -94519, "ebitdaratio": -0.0488918776, "operatingIncome": -234220, "operatingIncomeRatio": -0.1211550647, "totalOtherIncomeExpensesNet": -94519, "incomeBeforeTax": -328739, "incomeBeforeTaxRatio": -0.1700469423, "incomeTaxExpense": 0, "netIncome": -328739, "netIncomeRatio": -0.1700469423, "eps": -0.0054, "epsdiluted": -0.0054, "weightedAverageShsOut": 60546306, "weightedAverageShsOutDil": 60546306, "link": null, "finalLink": null}, {"date": "2012-09-30", "symbol": "CELH", "reportedCurrency": "USD", "cik": "0001341766", "fillingDate": "2012-09-30", "acceptedDate": "2012-09-29 20:00:00", "calendarYear": "2012", "period": "Q3", "revenue": 1442196, "costOfRevenue": 1012980, "grossProfit": 429216, "grossProfitRatio": 0.2976128071, "researchAndDevelopmentExpenses": 0, "generalAndAdministrativeExpenses": 405399, "sellingAndMarketingExpenses": 703178, "sellingGeneralAndAdministrativeExpenses": 1108577, "otherExpenses": 0, "operatingExpenses": 1108577, "costAndExpenses": -95597, "interestIncome": 0, "interestExpense": 84309, "depreciationAndAmortization": 679361, "ebitda": -168618, "ebitdaratio": -0.1169175341, "operatingIncome": -679361, "operatingIncomeRatio": -0.4710601056, "totalOtherIncomeExpensesNet": -84309, "incomeBeforeTax": -763670, "incomeBeforeTaxRatio": -0.5295188726, "incomeTaxExpense": 0, "netIncome": -763670, "netIncomeRatio": -0.5295188726, "eps": -0.013, "epsdiluted": -0.013, "weightedAverageShsOut": 58675430, "weightedAverageShsOutDil": 58675430, "link": null, "finalLink": null}, {"date": "2011-03-31", "symbol": "CELH", "reportedCurrency": "USD", "cik": "0001341766", "fillingDate": "2011-05-10", "acceptedDate": "2011-05-10 16:14:32", "calendarYear": "2011", "period": "Q1", "revenue": 2205897, "costOfRevenue": 1399366, "grossProfit": 806531, "grossProfitRatio": 0.3656249589, "researchAndDevelopmentExpenses": 0, "generalAndAdministrativeExpenses": 387483, "sellingAndMarketingExpenses": 817396, "sellingGeneralAndAdministrativeExpenses": 1204879, "otherExpenses": 0, "operatingExpenses": 1204879, "costAndExpenses": 2604245, "interestIncome": 538, "interestExpense": 61822, "depreciationAndAmortization": 7112, "ebitda": -391236, "ebitdaratio": -0.1773591423, "operatingIncome": -398348, "operatingIncomeRatio": -0.1805832276, "totalOtherIncomeExpensesNet": 398348, "incomeBeforeTax": 0, "incomeBeforeTaxRatio": 0, "incomeTaxExpense": 0, "netIncome": -459632, "netIncomeRatio": -0.2083651231, "eps": -0.0083, "epsdiluted": -0.0083, "weightedAverageShsOut": 55546725, "weightedAverageShsOutDil": 55546725, "link": "https://www.sec.gov/Archives/edgar/data/1341766/000121390011002440/0001213900-11-002440-index.htm", "finalLink": "https://www.sec.gov/Archives/edgar/data/1341766/000121390011002440/f10q0311_celsius.htm"}, {"date": "2010-12-31", "symbol": "CELH", "reportedCurrency": "USD", "cik": "0001341766", "fillingDate": "2011-03-31", "acceptedDate": "2011-03-31 08:00:31", "calendarYear": "2010", "period": "Q4", "revenue": 103328, "costOfRevenue": 1733826, "grossProfit": -1630498, "grossProfitRatio": -15.7798273459, "researchAndDevelopmentExpenses": 0, "generalAndAdministrativeExpenses": 1642577, "sellingAndMarketingExpenses": 2256102, "sellingGeneralAndAdministrativeExpenses": 3898679, "otherExpenses": 0, "operatingExpenses": 3898679, "costAndExpenses": 5632505, "interestIncome": 18412, "interestExpense": 37581, "depreciationAndAmortization": 11019, "ebitda": -5822102, "ebitdaratio": -56.3458307526, "operatingIncome": -5529177, "operatingIncomeRatio": -53.5109263704, "totalOtherIncomeExpensesNet": 5529177, "incomeBeforeTax": 0, "incomeBeforeTaxRatio": 0, "incomeTaxExpense": 0, "netIncome": -5581748, "netIncomeRatio": -54.0197042428, "eps": -0.1, "epsdiluted": -0.1, "weightedAverageShsOut": 53960858, "weightedAverageShsOutDil": 53960858, "link": "https://www.sec.gov/Archives/edgar/data/1341766/000121390011001621/0001213900-11-001621-index.htm", "finalLink": "https://www.sec.gov/Archives/edgar/data/1341766/000121390011001621/f10k2010_celsius.htm"}, {"date": "2010-09-30", "symbol": "CELH", "reportedCurrency": "USD", "cik": "0001341766", "fillingDate": "2010-11-10", "acceptedDate": "2010-11-10 16:55:49", "calendarYear": "2010", "period": "Q3", "revenue": 1769322, "costOfRevenue": 1741847, "grossProfit": 27475, "grossProfitRatio": 0.0155285471, "researchAndDevelopmentExpenses": 0, "generalAndAdministrativeExpenses": 772486, "sellingAndMarketingExpenses": 4255134, "sellingGeneralAndAdministrativeExpenses": 5027620, "otherExpenses": 0, "operatingExpenses": 5027620, "costAndExpenses": 6769467, "interestIncome": 0, "interestExpense": 44605, "depreciationAndAmortization": 12298, "ebitda": -4987847, "ebitdaratio": -2.8190725035, "operatingIncome": -5000145, "operatingIncomeRatio": -2.8260231885, "totalOtherIncomeExpensesNet": 5000145, "incomeBeforeTax": 0, "incomeBeforeTaxRatio": 0, "incomeTaxExpense": 0, "netIncome": -5036886, "netIncomeRatio": -2.8467887699, "eps": -0.091, "epsdiluted": -0.091, "weightedAverageShsOut": 55345659, "weightedAverageShsOutDil": 55345659, "link": "https://www.sec.gov/Archives/edgar/data/1341766/000121390010004578/0001213900-10-004578-index.htm", "finalLink": "https://www.sec.gov/Archives/edgar/data/1341766/000121390010004578/f10q0910_celsius.htm"}, {"date": "2010-06-30", "symbol": "CELH", "reportedCurrency": "USD", "cik": "0001341766", "fillingDate": "2010-08-12", "acceptedDate": "2010-08-12 12:01:21", "calendarYear": "2010", "period": "Q2", "revenue": 4103426, "costOfRevenue": 2241365, "grossProfit": 1862061, "grossProfitRatio": 0.4537820348, "researchAndDevelopmentExpenses": 0, "generalAndAdministrativeExpenses": 936152, "sellingAndMarketingExpenses": 3920811, "sellingGeneralAndAdministrativeExpenses": 4856963, "otherExpenses": 0, "operatingExpenses": 4856963, "costAndExpenses": 7098328, "interestIncome": 7732, "interestExpense": 39114, "depreciationAndAmortization": 13821, "ebitda": -2981081, "ebitdaratio": -0.7264858682, "operatingIncome": -2994902, "operatingIncomeRatio": -0.7298540293, "totalOtherIncomeExpensesNet": 2994902, "incomeBeforeTax": 0, "incomeBeforeTaxRatio": 0, "incomeTaxExpense": 0, "netIncome": -3026284, "netIncomeRatio": -0.7375017851, "eps": -0.0548, "epsdiluted": -0.0548, "weightedAverageShsOut": 55219296, "weightedAverageShsOutDil": 55219296, "link": "https://www.sec.gov/Archives/edgar/data/1341766/000121390010003157/0001213900-10-003157-index.htm", "finalLink": "https://www.sec.gov/Archives/edgar/data/1341766/000121390010003157/f10q0610_celsius.htm"}, {"date": "2010-03-31", "symbol": "CELH", "reportedCurrency": "USD", "cik": "0001341766", "fillingDate": "2010-05-13", "acceptedDate": "2010-05-13 12:21:11", "calendarYear": "2010", "period": "Q1", "revenue": 2336884, "costOfRevenue": 1500563, "grossProfit": 836321, "grossProfitRatio": 0.3578786966, "researchAndDevelopmentExpenses": 0, "generalAndAdministrativeExpenses": 1354178, "sellingAndMarketingExpenses": 4755452, "sellingGeneralAndAdministrativeExpenses": 6109630, "otherExpenses": 0, "operatingExpenses": 6109630, "costAndExpenses": 7610193, "interestIncome": 5037, "interestExpense": 261856, "depreciationAndAmortization": 13091, "ebitda": -5260218, "ebitdaratio": -2.2509538343, "operatingIncome": -5273309, "operatingIncomeRatio": -2.2565557383, "totalOtherIncomeExpensesNet": 5273309, "incomeBeforeTax": 0, "incomeBeforeTaxRatio": 0, "incomeTaxExpense": 0, "netIncome": -5852484, "netIncomeRatio": -2.5043964527, "eps": -0.13, "epsdiluted": -0.13, "weightedAverageShsOut": 44086536, "weightedAverageShsOutDil": 44086536, "link": "https://www.sec.gov/Archives/edgar/data/1341766/000121390010001832/0001213900-10-001832-index.htm", "finalLink": "https://www.sec.gov/Archives/edgar/data/1341766/000121390010001832/f10q0310_celsius.htm"}, {"date": "2009-12-31", "symbol": "CELH", "reportedCurrency": "USD", "cik": "0001341766", "fillingDate": "2010-03-10", "acceptedDate": "2010-03-10 15:47:11", "calendarYear": "2009", "period": "Q4", "revenue": 2387420, "costOfRevenue": 1075753, "grossProfit": 1311667, "grossProfitRatio": 0.5494077288, "researchAndDevelopmentExpenses": 0, "generalAndAdministrativeExpenses": 829053, "sellingAndMarketingExpenses": 2706314, "sellingGeneralAndAdministrativeExpenses": 3535367, "otherExpenses": 0, "operatingExpenses": 3535367, "costAndExpenses": 4611120, "interestIncome": 0, "interestExpense": 215837, "depreciationAndAmortization": 15068, "ebitda": -2208632, "ebitdaratio": -0.9251124645, "operatingIncome": -2223700, "operatingIncomeRatio": -0.9314238802, "totalOtherIncomeExpensesNet": 2223700, "incomeBeforeTax": 0, "incomeBeforeTaxRatio": 0, "incomeTaxExpense": 0, "netIncome": -2423200, "netIncomeRatio": -1.0149868896, "eps": -0.0724, "epsdiluted": -0.0724, "weightedAverageShsOut": 33484343, "weightedAverageShsOutDil": 33484343, "link": "https://www.sec.gov/Archives/edgar/data/1341766/000121390010000848/0001213900-10-000848-index.htm", "finalLink": "https://www.sec.gov/Archives/edgar/data/1341766/000121390010000848/f10k2009_celsius.htm"}, {"date": "2009-09-30", "symbol": "CELH", "reportedCurrency": "USD", "cik": "0001341766", "fillingDate": "2009-11-09", "acceptedDate": "2009-11-06 18:07:19", "calendarYear": "2009", "period": "Q3", "revenue": 1343002, "costOfRevenue": 766553, "grossProfit": 576449, "grossProfitRatio": 0.4292242305, "researchAndDevelopmentExpenses": 0, "generalAndAdministrativeExpenses": 624007, "sellingAndMarketingExpenses": 2620103, "sellingGeneralAndAdministrativeExpenses": 3244110, "otherExpenses": 0, "operatingExpenses": 3244110, "costAndExpenses": 4010663, "interestIncome": 18861, "interestExpense": 31383, "depreciationAndAmortization": 14133, "ebitda": -2653528, "ebitdaratio": -1.9758183532, "operatingIncome": -2667661, "operatingIncomeRatio": -1.9863417925, "totalOtherIncomeExpensesNet": 2667661, "incomeBeforeTax": 0, "incomeBeforeTaxRatio": 0, "incomeTaxExpense": 0, "netIncome": -2717905, "netIncomeRatio": -2.0237535015, "eps": -0.12, "epsdiluted": -0.12, "weightedAverageShsOut": 22626387, "weightedAverageShsOutDil": 22626387, "link": "https://www.sec.gov/Archives/edgar/data/1341766/000121390009003042/0001213900-09-003042-index.htm", "finalLink": "https://www.sec.gov/Archives/edgar/data/1341766/000121390009003042/f10q0909_celsius.htm"}, {"date": "2009-06-30", "symbol": "CELH", "reportedCurrency": "USD", "cik": "0001341766", "fillingDate": "2009-08-05", "acceptedDate": "2009-08-05 17:01:03", "calendarYear": "2009", "period": "Q2", "revenue": 1166062, "costOfRevenue": 676312, "grossProfit": 489750, "grossProfitRatio": 0.420003396, "researchAndDevelopmentExpenses": 0, "generalAndAdministrativeExpenses": 448965, "sellingAndMarketingExpenses": 1454235, "sellingGeneralAndAdministrativeExpenses": 1903200, "otherExpenses": 0, "operatingExpenses": 1903200, "costAndExpenses": 2579512, "interestIncome": 0, "interestExpense": 26544, "depreciationAndAmortization": 13274, "ebitda": -1400176, "ebitdaratio": -1.2007732007, "operatingIncome": -1413450, "operatingIncomeRatio": -1.212156815, "totalOtherIncomeExpensesNet": 1413450, "incomeBeforeTax": 0, "incomeBeforeTaxRatio": 0, "incomeTaxExpense": 0, "netIncome": -1439994, "netIncomeRatio": -1.2349206131, "eps": -0.0642, "epsdiluted": -0.0642, "weightedAverageShsOut": 22441986, "weightedAverageShsOutDil": 22441986, "link": "https://www.sec.gov/Archives/edgar/data/1341766/000121390009001928/0001213900-09-001928-index.htm", "finalLink": "https://www.sec.gov/Archives/edgar/data/1341766/000121390009001928/f10q0609_celsius.htm"}]