[{"date": "2025-06-30", "symbol": "CBRE", "reportedCurrency": "USD", "cik": "0001138118", "fillingDate": "2025-07-29", "acceptedDate": "2025-07-29 16:59:15", "calendarYear": "2025", "period": "Q2", "revenue": 9753000000, "costOfRevenue": 618000000, "grossProfit": 9135000000, "grossProfitRatio": 0.9366348816, "researchAndDevelopmentExpenses": 0, "generalAndAdministrativeExpenses": 1275000000, "sellingAndMarketingExpenses": 0, "sellingGeneralAndAdministrativeExpenses": 1275000000, "otherExpenses": 7506000000, "operatingExpenses": 8781000000, "costAndExpenses": 9380000000, "interestIncome": 0, "interestExpense": 58000000, "depreciationAndAmortization": 182000000, "ebitda": 537000000, "ebitdaratio": 0.0550599815, "operatingIncome": 374000000, "operatingIncomeRatio": 0.0383471752, "totalOtherIncomeExpensesNet": -74000000, "incomeBeforeTax": 300000000, "incomeBeforeTaxRatio": 0.0307597662, "incomeTaxExpense": 61000000, "netIncome": 215000000, "netIncomeRatio": 0.0220444991, "eps": 0.72, "epsdiluted": 0.72, "weightedAverageShsOut": 305859000, "weightedAverageShsOutDil": 302915000, "link": "https://www.sec.gov/Archives/edgar/data/1138118/000113811825000019/0001138118-25-000019-index.htm", "finalLink": "https://www.sec.gov/Archives/edgar/data/1138118/000113811825000019/cbre-20250630.htm"}, {"date": "2025-03-31", "symbol": "CBRE", "reportedCurrency": "USD", "cik": "0001138118", "fillingDate": "2025-04-24", "acceptedDate": "2025-04-24 16:32:57", "calendarYear": "2025", "period": "Q1", "revenue": 8910000000, "costOfRevenue": 7265000000, "grossProfit": 1645000000, "grossProfitRatio": 0.184624018, "researchAndDevelopmentExpenses": 0, "generalAndAdministrativeExpenses": 0, "sellingAndMarketingExpenses": 0, "sellingGeneralAndAdministrativeExpenses": 1192000000, "otherExpenses": 177000000, "operatingExpenses": 1369000000, "costAndExpenses": 8634000000, "interestIncome": 0, "interestExpense": 50000000, "depreciationAndAmortization": 225000000, "ebitda": 501000000, "ebitdaratio": 0.0562289562, "operatingIncome": 276000000, "operatingIncomeRatio": 0.030976431, "totalOtherIncomeExpensesNet": -33000000, "incomeBeforeTax": 243000000, "incomeBeforeTaxRatio": 0.0272727273, "incomeTaxExpense": 52000000, "netIncome": 163000000, "netIncomeRatio": 0.0182940516, "eps": 0.54, "epsdiluted": 0.54, "weightedAverageShsOut": 305859000, "weightedAverageShsOutDil": 302915000, "link": "https://www.sec.gov/Archives/edgar/data/1138118/000113811825000010/0001138118-25-000010-index.htm", "finalLink": "https://www.sec.gov/Archives/edgar/data/1138118/000113811825000010/cbre-20250331.htm"}, {"date": "2024-12-31", "symbol": "CBRE", "reportedCurrency": "USD", "cik": "0001138118", "fillingDate": "2025-02-14", "acceptedDate": "2025-02-14 17:13:12", "calendarYear": "2024", "period": "Q4", "revenue": 10404000000, "costOfRevenue": 8255000000, "grossProfit": 2149000000, "grossProfitRatio": 0.2065551711, "researchAndDevelopmentExpenses": 0, "generalAndAdministrativeExpenses": 1389000000, "sellingAndMarketingExpenses": 82000000, "sellingGeneralAndAdministrativeExpenses": 1471000000, "otherExpenses": 84000000, "operatingExpenses": 1555000000, "costAndExpenses": 9810000000, "interestIncome": 0, "interestExpense": 52000000, "depreciationAndAmortization": 204000000, "ebitda": 705000000, "ebitdaratio": 0.0677623991, "operatingIncome": 594000000, "operatingIncomeRatio": 0.0570934256, "totalOtherIncomeExpensesNet": 19000000, "incomeBeforeTax": 613000000, "incomeBeforeTaxRatio": 0.0589196463, "incomeTaxExpense": 112000000, "netIncome": 487000000, "netIncomeRatio": 0.0468089196, "eps": 1.59, "epsdiluted": 1.58, "weightedAverageShsOut": 306254000, "weightedAverageShsOutDil": 308305000, "link": "https://www.sec.gov/Archives/edgar/data/1138118/000113811825000005/0001138118-25-000005-index.htm", "finalLink": "https://www.sec.gov/Archives/edgar/data/1138118/000113811825000005/cbre-20241231.htm"}, {"date": "2024-09-30", "symbol": "CBRE", "reportedCurrency": "USD", "cik": "0001138118", "fillingDate": "2024-10-24", "acceptedDate": "2024-10-24 07:21:44", "calendarYear": "2024", "period": "Q3", "revenue": 9036000000, "costOfRevenue": 7252000000, "grossProfit": 1784000000, "grossProfitRatio": 0.1974324923, "researchAndDevelopmentExpenses": 0, "generalAndAdministrativeExpenses": 0, "sellingAndMarketingExpenses": 0, "sellingGeneralAndAdministrativeExpenses": 1215000000, "otherExpenses": 201000000, "operatingExpenses": 1416000000, "costAndExpenses": 8668000000, "interestIncome": 0, "interestExpense": 64000000, "depreciationAndAmortization": 178000000, "ebitda": 569000000, "ebitdaratio": 0.0629703409, "operatingIncome": 368000000, "operatingIncomeRatio": 0.0407259849, "totalOtherIncomeExpensesNet": -56000000, "incomeBeforeTax": 312000000, "incomeBeforeTaxRatio": 0.0345285525, "incomeTaxExpense": 67000000, "netIncome": 225000000, "netIncomeRatio": 0.0249003984, "eps": 0.73, "epsdiluted": 0.73, "weightedAverageShsOut": 306254000, "weightedAverageShsOutDil": 308305000, "link": "https://www.sec.gov/Archives/edgar/data/1138118/000113811824000029/0001138118-24-000029-index.htm", "finalLink": "https://www.sec.gov/Archives/edgar/data/1138118/000113811824000029/cbre-20240930.htm"}, {"date": "2024-06-30", "symbol": "CBRE", "reportedCurrency": "USD", "cik": "0001138118", "fillingDate": "2024-07-25", "acceptedDate": "2024-07-25 06:56:58", "calendarYear": "2024", "period": "Q2", "revenue": 8391000000, "costOfRevenue": 6793000000, "grossProfit": 1598000000, "grossProfitRatio": 0.1904421404, "researchAndDevelopmentExpenses": 0, "generalAndAdministrativeExpenses": 0, "sellingAndMarketingExpenses": 0, "sellingGeneralAndAdministrativeExpenses": 1191000000, "otherExpenses": 161000000, "operatingExpenses": 1352000000, "costAndExpenses": 8145000000, "interestIncome": 0, "interestExpense": 63000000, "depreciationAndAmortization": 161000000, "ebitda": 407000000, "ebitdaratio": 0.0485043499, "operatingIncome": 246000000, "operatingIncomeRatio": 0.0293171255, "totalOtherIncomeExpensesNet": -72000000, "incomeBeforeTax": 174000000, "incomeBeforeTaxRatio": 0.0207365034, "incomeTaxExpense": 32000000, "netIncome": 130000000, "netIncomeRatio": 0.0154927899, "eps": 0.42, "epsdiluted": 0.42, "weightedAverageShsOut": 306745116, "weightedAverageShsOutDil": 308035211, "link": "https://www.sec.gov/Archives/edgar/data/1138118/000113811824000023/0001138118-24-000023-index.htm", "finalLink": "https://www.sec.gov/Archives/edgar/data/1138118/000113811824000023/cbre-20240630.htm"}, {"date": "2024-03-31", "symbol": "CBRE", "reportedCurrency": "USD", "cik": "0001138118", "fillingDate": "2024-05-03", "acceptedDate": "2024-05-03 16:19:03", "calendarYear": "2024", "period": "Q1", "revenue": 7935000000, "costOfRevenue": 6475000000, "grossProfit": 1460000000, "grossProfitRatio": 0.183994959, "researchAndDevelopmentExpenses": 0, "generalAndAdministrativeExpenses": 0, "sellingAndMarketingExpenses": 0, "sellingGeneralAndAdministrativeExpenses": 1111000000, "otherExpenses": 145000000, "operatingExpenses": 1256000000, "costAndExpenses": 7731000000, "interestIncome": 0, "interestExpense": 36000000, "depreciationAndAmortization": 205000000, "ebitda": 396000000, "ebitdaratio": 0.049905482, "operatingIncome": 204000000, "operatingIncomeRatio": 0.0257088847, "totalOtherIncomeExpensesNet": -85000000, "incomeBeforeTax": 119000000, "incomeBeforeTaxRatio": 0.0149968494, "incomeTaxExpense": -29000000, "netIncome": 126000000, "netIncomeRatio": 0.015879017, "eps": 0.41, "epsdiluted": 0.41, "weightedAverageShsOut": 305808212, "weightedAverageShsOutDil": 308502456, "link": "https://www.sec.gov/Archives/edgar/data/1138118/000113811824000014/0001138118-24-000014-index.htm", "finalLink": "https://www.sec.gov/Archives/edgar/data/1138118/000113811824000014/cbre-20240331.htm"}, {"date": "2023-12-31", "symbol": "CBRE", "reportedCurrency": "USD", "cik": "0001138118", "fillingDate": "2024-02-20", "acceptedDate": "2024-02-20 06:09:11", "calendarYear": "2023", "period": "Q4", "revenue": 8950000000, "costOfRevenue": 7067000000, "grossProfit": 1883000000, "grossProfitRatio": 0.2103910615, "researchAndDevelopmentExpenses": 0, "generalAndAdministrativeExpenses": 1135000000, "sellingAndMarketingExpenses": 74000000, "sellingGeneralAndAdministrativeExpenses": 1209000000, "otherExpenses": 170000000, "operatingExpenses": 1379000000, "costAndExpenses": 8446000000, "interestIncome": 0, "interestExpense": 39397000, "depreciationAndAmortization": 182000000, "ebitda": 708000000, "ebitdaratio": 0.0791061453, "operatingIncome": 504000000, "operatingIncomeRatio": 0.0563128492, "totalOtherIncomeExpensesNet": 127000000, "incomeBeforeTax": 631000000, "incomeBeforeTaxRatio": 0.0705027933, "incomeTaxExpense": 136000000, "netIncome": 477151000, "netIncomeRatio": 0.0533129609, "eps": 1.57, "epsdiluted": 1.55, "weightedAverageShsOut": 304728400, "weightedAverageShsOutDil": 308526651, "link": "https://www.sec.gov/Archives/edgar/data/1138118/000113811824000006/0001138118-24-000006-index.htm", "finalLink": "https://www.sec.gov/Archives/edgar/data/1138118/000113811824000006/cbre-20231231.htm"}, {"date": "2023-09-30", "symbol": "CBRE", "reportedCurrency": "USD", "cik": "0001138118", "fillingDate": "2023-10-27", "acceptedDate": "2023-10-27 06:50:17", "calendarYear": "2023", "period": "Q3", "revenue": 7868000000, "costOfRevenue": 6397000000, "grossProfit": 1471000000, "grossProfitRatio": 0.1869598373, "researchAndDevelopmentExpenses": 0, "generalAndAdministrativeExpenses": 0, "sellingAndMarketingExpenses": 0, "sellingGeneralAndAdministrativeExpenses": 1053000000, "otherExpenses": 149000000, "operatingExpenses": 1202000000, "costAndExpenses": 7599000000, "interestIncome": 0, "interestExpense": 38206000, "depreciationAndAmortization": 149000000, "ebitda": 418000000, "ebitdaratio": 0.0531265887, "operatingIncome": 269000000, "operatingIncomeRatio": 0.0341891205, "totalOtherIncomeExpensesNet": -37000000, "incomeBeforeTax": 232000000, "incomeBeforeTaxRatio": 0.0294865277, "incomeTaxExpense": 31000000, "netIncome": 190553000, "netIncomeRatio": 0.0242187341, "eps": 0.62, "epsdiluted": 0.61, "weightedAverageShsOut": 307854518, "weightedAverageShsOutDil": 312221133, "link": "https://www.sec.gov/Archives/edgar/data/1138118/000162828023035353/0001628280-23-035353-index.htm", "finalLink": "https://www.sec.gov/Archives/edgar/data/1138118/000162828023035353/cbre-20230930.htm"}, {"date": "2023-06-30", "symbol": "CBRE", "reportedCurrency": "USD", "cik": "0001138118", "fillingDate": "2023-07-27", "acceptedDate": "2023-07-27 16:31:25", "calendarYear": "2023", "period": "Q2", "revenue": 7720000000, "costOfRevenue": 6179000000, "grossProfit": 1541000000, "grossProfitRatio": 0.199611399, "researchAndDevelopmentExpenses": 0, "generalAndAdministrativeExpenses": 0, "sellingAndMarketingExpenses": 0, "sellingGeneralAndAdministrativeExpenses": 1089000000, "otherExpenses": 146000000, "operatingExpenses": 1235000000, "costAndExpenses": 7414000000, "interestIncome": 0, "interestExpense": 42982000, "depreciationAndAmortization": 154000000, "ebitda": 451000000, "ebitdaratio": 0.0584196891, "operatingIncome": 306000000, "operatingIncomeRatio": 0.0396373057, "totalOtherIncomeExpensesNet": -45000000, "incomeBeforeTax": 261000000, "incomeBeforeTaxRatio": 0.0338082902, "incomeTaxExpense": 55000000, "netIncome": 201000000, "netIncomeRatio": 0.0260362694, "eps": 0.65, "epsdiluted": 0.64, "weightedAverageShsOut": 310857203, "weightedAverageShsOutDil": 314282247, "link": "https://www.sec.gov/Archives/edgar/data/1138118/000113811823000025/0001138118-23-000025-index.htm", "finalLink": "https://www.sec.gov/Archives/edgar/data/1138118/000113811823000025/cbre-20230630.htm"}, {"date": "2023-03-31", "symbol": "CBRE", "reportedCurrency": "USD", "cik": "0001138118", "fillingDate": "2023-04-27", "acceptedDate": "2023-04-27 16:10:56", "calendarYear": "2023", "period": "Q1", "revenue": 7411000000, "costOfRevenue": 6006000000, "grossProfit": 1405000000, "grossProfitRatio": 0.1895830522, "researchAndDevelopmentExpenses": 0, "generalAndAdministrativeExpenses": 0, "sellingAndMarketingExpenses": 0, "sellingGeneralAndAdministrativeExpenses": 1070000000, "otherExpenses": 298000000, "operatingExpenses": 1368000000, "costAndExpenses": 7374000000, "interestIncome": 414000, "interestExpense": 28414000, "depreciationAndAmortization": 162000000, "ebitda": 335000000, "ebitdaratio": 0.0452030765, "operatingIncome": 37000000, "operatingIncomeRatio": 0.0049925786, "totalOtherIncomeExpensesNet": 116000000, "incomeBeforeTax": 153000000, "incomeBeforeTaxRatio": 0.0206449872, "incomeTaxExpense": 28000000, "netIncome": 117000000, "netIncomeRatio": 0.0157873431, "eps": 0.38, "epsdiluted": 0.37, "weightedAverageShsOut": 310464609, "weightedAverageShsOutDil": 315358147, "link": "https://www.sec.gov/Archives/edgar/data/1138118/000113811823000015/0001138118-23-000015-index.htm", "finalLink": "https://www.sec.gov/Archives/edgar/data/1138118/000113811823000015/cbre-20230331.htm"}, {"date": "2022-12-31", "symbol": "CBRE", "reportedCurrency": "USD", "cik": "0001138118", "fillingDate": "2023-02-27", "acceptedDate": "2023-02-24 18:34:13", "calendarYear": "2022", "period": "Q4", "revenue": 8194243000, "costOfRevenue": 6464932000, "grossProfit": 1729311000, "grossProfitRatio": 0.2110397507, "researchAndDevelopmentExpenses": 0, "generalAndAdministrativeExpenses": 1200458000, "sellingAndMarketingExpenses": 85100000, "sellingGeneralAndAdministrativeExpenses": 1285558000, "otherExpenses": 199992000, "operatingExpenses": 1485550000, "costAndExpenses": 7950482000, "interestIncome": 0, "interestExpense": 17698000, "depreciationAndAmortization": 177873000, "ebitda": 470153000, "ebitdaratio": 0.0573760139, "operatingIncome": 243761000, "operatingIncomeRatio": 0.0297478364, "totalOtherIncomeExpensesNet": -183319000, "incomeBeforeTax": 60442000, "incomeBeforeTaxRatio": 0.0073761542, "incomeTaxExpense": -25691000, "netIncome": 81112000, "netIncomeRatio": 0.0098986569, "eps": 0.26, "epsdiluted": 0.25, "weightedAverageShsOut": 314248642, "weightedAverageShsOutDil": 319221283, "link": "https://www.sec.gov/Archives/edgar/data/1138118/000113811823000009/0001138118-23-000009-index.htm", "finalLink": "https://www.sec.gov/Archives/edgar/data/1138118/000113811823000009/cbre-20221231.htm"}, {"date": "2022-09-30", "symbol": "CBRE", "reportedCurrency": "USD", "cik": "0001138118", "fillingDate": "2022-10-27", "acceptedDate": "2022-10-27 16:31:50", "calendarYear": "2022", "period": "Q3", "revenue": 7529546000, "costOfRevenue": 5934490000, "grossProfit": 1595056000, "grossProfitRatio": 0.2118395983, "researchAndDevelopmentExpenses": 0, "generalAndAdministrativeExpenses": 0, "sellingAndMarketingExpenses": 0, "sellingGeneralAndAdministrativeExpenses": 1052778000, "otherExpenses": 167928000, "operatingExpenses": 1220706000, "costAndExpenses": 7155196000, "interestIncome": 0, "interestExpense": 19957000, "depreciationAndAmortization": 142136000, "ebitda": 542278000, "ebitdaratio": 0.0720200129, "operatingIncome": 374350000, "operatingIncomeRatio": 0.049717473, "totalOtherIncomeExpensesNet": 219997000, "incomeBeforeTax": 594347000, "incomeBeforeTaxRatio": 0.0789353037, "incomeTaxExpense": 142667000, "netIncome": 446639000, "netIncomeRatio": 0.0593181847, "eps": 1.4, "epsdiluted": 1.38, "weightedAverageShsOut": 319827769, "weightedAverageShsOutDil": 324742584, "link": "https://www.sec.gov/Archives/edgar/data/1138118/000113811822000033/0001138118-22-000033-index.htm", "finalLink": "https://www.sec.gov/Archives/edgar/data/1138118/000113811822000033/cbre-20220930.htm"}, {"date": "2022-06-30", "symbol": "CBRE", "reportedCurrency": "USD", "cik": "0001138118", "fillingDate": "2022-08-05", "acceptedDate": "2022-08-04 17:57:10", "calendarYear": "2022", "period": "Q2", "revenue": 7771278000, "costOfRevenue": 6053984000, "grossProfit": 1717294000, "grossProfitRatio": 0.2209796124, "researchAndDevelopmentExpenses": 0, "generalAndAdministrativeExpenses": 0, "sellingAndMarketingExpenses": 0, "sellingGeneralAndAdministrativeExpenses": 1170365000, "otherExpenses": 29992000, "operatingExpenses": 1200357000, "costAndExpenses": 7254341000, "interestIncome": 0, "interestExpense": 18518000, "depreciationAndAmortization": 162359000, "ebitda": 546929000, "ebitdaratio": 0.070378257, "operatingIncome": 516937000, "operatingIncomeRatio": 0.0665189175, "totalOtherIncomeExpensesNet": 93741000, "incomeBeforeTax": 610678000, "incomeBeforeTaxRatio": 0.0785814122, "incomeTaxExpense": 120762000, "netIncome": 487322000, "netIncomeRatio": 0.06270809, "eps": 1.5, "epsdiluted": 1.48, "weightedAverageShsOut": 325415305, "weightedAverageShsOutDil": 329843710, "link": "https://www.sec.gov/Archives/edgar/data/1138118/000113811822000027/0001138118-22-000027-index.htm", "finalLink": "https://www.sec.gov/Archives/edgar/data/1138118/000113811822000027/cbre-20220630.htm"}, {"date": "2022-03-31", "symbol": "CBRE", "reportedCurrency": "USD", "cik": "0001138118", "fillingDate": "2022-05-09", "acceptedDate": "2022-05-09 16:40:27", "calendarYear": "2022", "period": "Q1", "revenue": 7332933000, "costOfRevenue": 5752194000, "grossProfit": 1580739000, "grossProfitRatio": 0.2155670862, "researchAndDevelopmentExpenses": 0, "generalAndAdministrativeExpenses": 0, "sellingAndMarketingExpenses": 0, "sellingGeneralAndAdministrativeExpenses": 1057875000, "otherExpenses": 145912000, "operatingExpenses": 1203787000, "costAndExpenses": 6955981000, "interestIncome": 0, "interestExpense": 12826000, "depreciationAndAmortization": 149032000, "ebitda": 522864000, "ebitdaratio": 0.0713035289, "operatingIncome": 376952000, "operatingIncomeRatio": 0.0514053517, "totalOtherIncomeExpensesNet": 15581000, "incomeBeforeTax": 392533000, "incomeBeforeTaxRatio": 0.0535301495, "incomeTaxExpense": -3738000, "netIncome": 392297000, "netIncomeRatio": 0.053497966, "eps": 1.18, "epsdiluted": 1.16, "weightedAverageShsOut": 331925104, "weightedAverageShsOutDil": 337140325, "link": "https://www.sec.gov/Archives/edgar/data/1138118/000113811822000018/0001138118-22-000018-index.htm", "finalLink": "https://www.sec.gov/Archives/edgar/data/1138118/000113811822000018/cbre-20220331.htm"}, {"date": "2021-12-31", "symbol": "CBRE", "reportedCurrency": "USD", "cik": "0001138118", "fillingDate": "2022-03-01", "acceptedDate": "2022-02-28 19:23:41", "calendarYear": "2021", "period": "Q4", "revenue": 8550217000, "costOfRevenue": 6584255000, "grossProfit": 1965962000, "grossProfitRatio": 0.2299312403, "researchAndDevelopmentExpenses": 0, "generalAndAdministrativeExpenses": 1218405000, "sellingAndMarketingExpenses": 68900000, "sellingGeneralAndAdministrativeExpenses": 1287305000, "otherExpenses": 86421000, "operatingExpenses": 1373726000, "costAndExpenses": 7957981000, "interestIncome": 0, "interestExpense": 15436000, "depreciationAndAmortization": 194044000, "ebitda": 710557000, "ebitdaratio": 0.0831039727, "operatingIncome": 592236000, "operatingIncomeRatio": 0.0692656105, "totalOtherIncomeExpensesNet": 324865000, "incomeBeforeTax": 917101000, "incomeBeforeTaxRatio": 0.1072605526, "incomeTaxExpense": 224227000, "netIncome": 691992000, "netIncomeRatio": 0.0809326828, "eps": 2.07, "epsdiluted": 2.04, "weightedAverageShsOut": 334079778, "weightedAverageShsOutDil": 339466153, "link": "https://www.sec.gov/Archives/edgar/data/1138118/000113811822000010/0001138118-22-000010-index.htm", "finalLink": "https://www.sec.gov/Archives/edgar/data/1138118/000113811822000010/cbre-20211231.htm"}, {"date": "2021-09-30", "symbol": "CBRE", "reportedCurrency": "USD", "cik": "0001138118", "fillingDate": "2021-10-28", "acceptedDate": "2021-10-28 17:04:52", "calendarYear": "2021", "period": "Q3", "revenue": 6798327000, "costOfRevenue": 5258947000, "grossProfit": 1539380000, "grossProfitRatio": 0.2264351215, "researchAndDevelopmentExpenses": 0, "generalAndAdministrativeExpenses": 0, "sellingAndMarketingExpenses": 0, "sellingGeneralAndAdministrativeExpenses": 1009470000, "otherExpenses": 120245000, "operatingExpenses": 1129715000, "costAndExpenses": 6388662000, "interestIncome": 0, "interestExpense": 11038000, "depreciationAndAmortization": 122563999, "ebitda": 529909999, "ebitdaratio": 0.0779471183, "operatingIncome": 409665000, "operatingIncomeRatio": 0.0602596786, "totalOtherIncomeExpensesNet": 160464000, "incomeBeforeTax": 570129000, "incomeBeforeTaxRatio": 0.0838631328, "incomeTaxExpense": 133507000, "netIncome": 435743000, "netIncomeRatio": 0.0640956223, "eps": 1.3, "epsdiluted": 1.28, "weightedAverageShsOut": 335364942, "weightedAverageShsOutDil": 340337159, "link": "https://www.sec.gov/Archives/edgar/data/1138118/000113811821000042/0001138118-21-000042-index.htm", "finalLink": "https://www.sec.gov/Archives/edgar/data/1138118/000113811821000042/cbre-20210930.htm"}, {"date": "2021-06-30", "symbol": "CBRE", "reportedCurrency": "USD", "cik": "0001138118", "fillingDate": "2021-07-30", "acceptedDate": "2021-07-30 06:55:57", "calendarYear": "2021", "period": "Q2", "revenue": 6458613000, "costOfRevenue": 5016759000, "grossProfit": 1441854000, "grossProfitRatio": 0.2232451457, "researchAndDevelopmentExpenses": 0, "generalAndAdministrativeExpenses": 0, "sellingAndMarketingExpenses": 0, "sellingGeneralAndAdministrativeExpenses": 949082000, "otherExpenses": 126290000, "operatingExpenses": 1075372000, "costAndExpenses": 6092131000, "interestIncome": 0, "interestExpense": 13772000, "depreciationAndAmortization": 119085000, "ebitda": 492772000, "ebitdaratio": 0.0762968767, "operatingIncome": 366482000, "operatingIncomeRatio": 0.0567431428, "totalOtherIncomeExpensesNet": 210405000, "incomeBeforeTax": 576887000, "incomeBeforeTaxRatio": 0.0893205708, "incomeTaxExpense": 133445000, "netIncome": 442637000, "netIncomeRatio": 0.0685343742, "eps": 1.32, "epsdiluted": 1.3, "weightedAverageShsOut": 335643233, "weightedAverageShsOutDil": 339502871, "link": "https://www.sec.gov/Archives/edgar/data/1138118/000113811821000033/0001138118-21-000033-index.htm", "finalLink": "https://www.sec.gov/Archives/edgar/data/1138118/000113811821000033/cbre-20210630.htm"}, {"date": "2021-03-31", "symbol": "CBRE", "reportedCurrency": "USD", "cik": "0001138118", "fillingDate": "2021-04-29", "acceptedDate": "2021-04-29 17:06:10", "calendarYear": "2021", "period": "Q1", "revenue": 5938879000, "costOfRevenue": 4719546000, "grossProfit": 1219333000, "grossProfitRatio": 0.2053136627, "researchAndDevelopmentExpenses": 0, "generalAndAdministrativeExpenses": 0, "sellingAndMarketingExpenses": 0, "sellingGeneralAndAdministrativeExpenses": 828327000, "otherExpenses": 121922000, "operatingExpenses": 950249000, "costAndExpenses": 5669795000, "interestIncome": 0, "interestExpense": 10106000, "depreciationAndAmortization": 122078000, "ebitda": 391006000, "ebitdaratio": 0.065838351, "operatingIncome": 269084000, "operatingIncomeRatio": 0.0453088874, "totalOtherIncomeExpensesNet": 76220000, "incomeBeforeTax": 345304000, "incomeBeforeTaxRatio": 0.0581429593, "incomeTaxExpense": 76327000, "netIncome": 266202000, "netIncomeRatio": 0.0448236107, "eps": 0.79, "epsdiluted": 0.78, "weightedAverageShsOut": 335860494, "weightedAverageShsOutDil": 339580504, "link": "https://www.sec.gov/Archives/edgar/data/1138118/000113811821000023/0001138118-21-000023-index.htm", "finalLink": "https://www.sec.gov/Archives/edgar/data/1138118/000113811821000023/cbre-20210331.htm"}, {"date": "2020-12-31", "symbol": "CBRE", "reportedCurrency": "USD", "cik": "0001138118", "fillingDate": "2021-02-24", "acceptedDate": "2021-02-24 17:03:30", "calendarYear": "2020", "period": "Q4", "revenue": 6910501000, "costOfRevenue": 5328730000, "grossProfit": 1581771000, "grossProfitRatio": 0.2288938241, "researchAndDevelopmentExpenses": 0, "generalAndAdministrativeExpenses": 779102000, "sellingAndMarketingExpenses": 57200000, "sellingGeneralAndAdministrativeExpenses": 836302000, "otherExpenses": 301573000, "operatingExpenses": 1137875000, "costAndExpenses": 6466605000, "interestIncome": 0, "interestExpense": 15958000, "depreciationAndAmortization": 155833000, "ebitda": 778169000, "ebitdaratio": 0.1126067415, "operatingIncome": 443896000, "operatingIncomeRatio": 0.0642349954, "totalOtherIncomeExpensesNet": -33456000, "incomeBeforeTax": 410440000, "incomeBeforeTaxRatio": 0.0593936677, "incomeTaxExpense": 95054000, "netIncome": 313765000, "netIncomeRatio": 0.0454040886, "eps": 0.94, "epsdiluted": 0.93, "weightedAverageShsOut": 335397942, "weightedAverageShsOutDil": 338799615, "link": "https://www.sec.gov/Archives/edgar/data/1138118/000113811821000012/0001138118-21-000012-index.htm", "finalLink": "https://www.sec.gov/Archives/edgar/data/1138118/000113811821000012/cbre-20201231.htm"}, {"date": "2020-09-30", "symbol": "CBRE", "reportedCurrency": "USD", "cik": "0001138118", "fillingDate": "2020-10-29", "acceptedDate": "2020-10-29 17:13:32", "calendarYear": "2020", "period": "Q3", "revenue": 5645142000, "costOfRevenue": 4564579000, "grossProfit": 1080563000, "grossProfitRatio": 0.1914146712, "researchAndDevelopmentExpenses": 0, "generalAndAdministrativeExpenses": 0, "sellingAndMarketingExpenses": 0, "sellingGeneralAndAdministrativeExpenses": 794227000, "otherExpenses": 74928000, "operatingExpenses": 869155000, "costAndExpenses": 5433734000, "interestIncome": 0, "interestExpense": 17829000, "depreciationAndAmortization": 127725000, "ebitda": 286336000, "ebitdaratio": 0.0507225505, "operatingIncome": 211408000, "operatingIncomeRatio": 0.0374495451, "totalOtherIncomeExpensesNet": 22494000, "incomeBeforeTax": 233902000, "incomeBeforeTaxRatio": 0.0414342102, "incomeTaxExpense": 49062000, "netIncome": 184132000, "netIncomeRatio": 0.03261778, "eps": 0.55, "epsdiluted": 0.55, "weightedAverageShsOut": 335287245, "weightedAverageShsOutDil": 337665848, "link": "https://www.sec.gov/Archives/edgar/data/1138118/000156459020048948/0001564590-20-048948-index.htm", "finalLink": "https://www.sec.gov/Archives/edgar/data/1138118/000156459020048948/cbre-10q_20200930.htm"}, {"date": "2020-06-30", "symbol": "CBRE", "reportedCurrency": "USD", "cik": "0001138118", "fillingDate": "2020-08-04", "acceptedDate": "2020-08-04 13:48:36", "calendarYear": "2020", "period": "Q2", "revenue": 5381384000, "costOfRevenue": 4392137000, "grossProfit": 989247000, "grossProfitRatio": 0.1838276176, "researchAndDevelopmentExpenses": 0, "generalAndAdministrativeExpenses": 0, "sellingAndMarketingExpenses": 0, "sellingGeneralAndAdministrativeExpenses": 740612000, "otherExpenses": 154470000, "operatingExpenses": 895082000, "costAndExpenses": 5287219000, "interestIncome": 0, "interestExpense": 17950000, "depreciationAndAmortization": 116384000, "ebitda": 248635000, "ebitdaratio": 0.0462027984, "operatingIncome": 94165000, "operatingIncomeRatio": 0.0174982867, "totalOtherIncomeExpensesNet": 6750000, "incomeBeforeTax": 100915000, "incomeBeforeTaxRatio": 0.0187526109, "incomeTaxExpense": 18803000, "netIncome": 81897000, "netIncomeRatio": 0.0152185757, "eps": 0.24, "epsdiluted": 0.24, "weightedAverageShsOut": 335126126, "weightedAverageShsOutDil": 337361419, "link": "https://www.sec.gov/Archives/edgar/data/1138118/000156459020035965/0001564590-20-035965-index.htm", "finalLink": "https://www.sec.gov/Archives/edgar/data/1138118/000156459020035965/cbre-10q_20200630.htm"}, {"date": "2020-03-31", "symbol": "CBRE", "reportedCurrency": "USD", "cik": "0001138118", "fillingDate": "2020-05-07", "acceptedDate": "2020-05-07 06:59:00", "calendarYear": "2020", "period": "Q1", "revenue": 5889168000, "costOfRevenue": 4712674000, "grossProfit": 1176494000, "grossProfitRatio": 0.1997725315, "researchAndDevelopmentExpenses": 0, "generalAndAdministrativeExpenses": 0, "sellingAndMarketingExpenses": 0, "sellingGeneralAndAdministrativeExpenses": 790066000, "otherExpenses": 166138000, "operatingExpenses": 956204000, "costAndExpenses": 5668878000, "interestIncome": 0, "interestExpense": 16016000, "depreciationAndAmortization": 113794000, "ebitda": 386428000, "ebitdaratio": 0.0656167391, "operatingIncome": 220290000, "operatingIncomeRatio": 0.0374059629, "totalOtherIncomeExpensesNet": 4422000, "incomeBeforeTax": 224712000, "incomeBeforeTaxRatio": 0.038156833, "incomeTaxExpense": 51182000, "netIncome": 172195000, "netIncomeRatio": 0.0292392745, "eps": 0.51, "epsdiluted": 0.51, "weightedAverageShsOut": 334969826, "weightedAverageShsOutDil": 339737911, "link": "https://www.sec.gov/Archives/edgar/data/1138118/000156459020022348/0001564590-20-022348-index.htm", "finalLink": "https://www.sec.gov/Archives/edgar/data/1138118/000156459020022348/cbre-10q_20200331.htm"}, {"date": "2019-12-31", "symbol": "CBRE", "reportedCurrency": "USD", "cik": "0001138118", "fillingDate": "2020-03-02", "acceptedDate": "2020-03-02 13:03:45", "calendarYear": "2019", "period": "Q4", "revenue": 7119407000, "costOfRevenue": 5533853000, "grossProfit": 1585554000, "grossProfitRatio": 0.2227087172, "researchAndDevelopmentExpenses": 0, "generalAndAdministrativeExpenses": 925060000, "sellingAndMarketingExpenses": 76100000, "sellingGeneralAndAdministrativeExpenses": 1001160000, "otherExpenses": 70553000, "operatingExpenses": 1071713000, "costAndExpenses": 6605566000, "interestIncome": 0, "interestExpense": 18116000, "depreciationAndAmortization": 140862000, "ebitda": 609894000, "ebitdaratio": 0.0856664045, "operatingIncome": 513841000, "operatingIncomeRatio": 0.072174691, "totalOtherIncomeExpensesNet": 25320000, "incomeBeforeTax": 539161000, "incomeBeforeTaxRatio": 0.0757311669, "incomeTaxExpense": -99972000, "netIncome": 637618000, "netIncomeRatio": 0.0895605491, "eps": 1.9, "epsdiluted": 1.87, "weightedAverageShsOut": 334745003, "weightedAverageShsOutDil": 340333005, "link": "https://www.sec.gov/Archives/edgar/data/1138118/000156459020008056/0001564590-20-008056-index.htm", "finalLink": "https://www.sec.gov/Archives/edgar/data/1138118/000156459020008056/cbre-10k_20191231.htm"}, {"date": "2019-09-30", "symbol": "CBRE", "reportedCurrency": "USD", "cik": "0001138118", "fillingDate": "2019-11-06", "acceptedDate": "2019-11-06 06:58:01", "calendarYear": "2019", "period": "Q3", "revenue": 5925101000, "costOfRevenue": 4687336000, "grossProfit": 1237765000, "grossProfitRatio": 0.2089019242, "researchAndDevelopmentExpenses": 0, "generalAndAdministrativeExpenses": 0, "sellingAndMarketingExpenses": 0, "sellingGeneralAndAdministrativeExpenses": 809584000, "otherExpenses": 111551000, "operatingExpenses": 921135000, "costAndExpenses": 5608471000, "interestIncome": 0, "interestExpense": 21846000, "depreciationAndAmortization": 111560000, "ebitda": 428181000, "ebitdaratio": 0.0722656036, "operatingIncome": 316630000, "operatingIncomeRatio": 0.0534387515, "totalOtherIncomeExpensesNet": 4891000, "incomeBeforeTax": 321521000, "incomeBeforeTaxRatio": 0.0542642227, "incomeTaxExpense": 63468000, "netIncome": 256599000, "netIncomeRatio": 0.0433071099, "eps": 0.76, "epsdiluted": 0.75, "weightedAverageShsOut": 336203747, "weightedAverageShsOutDil": 341100182, "link": "https://www.sec.gov/Archives/edgar/data/1138118/000156459019040653/0001564590-19-040653-index.htm", "finalLink": "https://www.sec.gov/Archives/edgar/data/1138118/000156459019040653/cbre-10q_20190930.htm"}, {"date": "2019-06-30", "symbol": "CBRE", "reportedCurrency": "USD", "cik": "0001138118", "fillingDate": "2019-08-09", "acceptedDate": "2019-08-09 06:07:55", "calendarYear": "2019", "period": "Q2", "revenue": 5714073000, "costOfRevenue": 4445790000, "grossProfit": 1268283000, "grossProfitRatio": 0.2219577874, "researchAndDevelopmentExpenses": 0, "generalAndAdministrativeExpenses": 0, "sellingAndMarketingExpenses": 0, "sellingGeneralAndAdministrativeExpenses": 844697000, "otherExpenses": 139169000, "operatingExpenses": 983866000, "costAndExpenses": 5429656000, "interestIncome": 0, "interestExpense": 24600000, "depreciationAndAmortization": 106479000, "ebitda": 423586000, "ebitdaratio": 0.0741303095, "operatingIncome": 284417000, "operatingIncomeRatio": 0.0497748279, "totalOtherIncomeExpensesNet": 1542000, "incomeBeforeTax": 285959000, "incomeBeforeTaxRatio": 0.0500446879, "incomeTaxExpense": 62521000, "netIncome": 223731000, "netIncomeRatio": 0.0391543825, "eps": 0.67, "epsdiluted": 0.66, "weightedAverageShsOut": 336222471, "weightedAverageShsOutDil": 340508931, "link": "https://www.sec.gov/Archives/edgar/data/1138118/000156459019031004/0001564590-19-031004-index.htm", "finalLink": "https://www.sec.gov/Archives/edgar/data/1138118/000156459019031004/cbre-10q_20190630.htm"}, {"date": "2019-03-31", "symbol": "CBRE", "reportedCurrency": "USD", "cik": "0001138118", "fillingDate": "2019-05-10", "acceptedDate": "2019-05-10 14:13:14", "calendarYear": "2019", "period": "Q1", "revenue": 5135510000, "costOfRevenue": 4022034000, "grossProfit": 1113476000, "grossProfitRatio": 0.2168189722, "researchAndDevelopmentExpenses": 0, "generalAndAdministrativeExpenses": 0, "sellingAndMarketingExpenses": 0, "sellingGeneralAndAdministrativeExpenses": 784376000, "otherExpenses": 184113000, "operatingExpenses": 968489000, "costAndExpenses": 4990523000, "interestIncome": 1534000, "interestExpense": 22726000, "depreciationAndAmortization": 105823000, "ebitda": 329100000, "ebitdaratio": 0.0640832167, "operatingIncome": 144987000, "operatingIncomeRatio": 0.0282322496, "totalOtherIncomeExpensesNet": 69717000, "incomeBeforeTax": 214704000, "incomeBeforeTaxRatio": 0.041807727, "incomeTaxExpense": 43878000, "netIncome": 164409000, "netIncomeRatio": 0.0320141524, "eps": 0.49, "epsdiluted": 0.48, "weightedAverageShsOut": 336020431, "weightedAverageShsOutDil": 340158399, "link": "https://www.sec.gov/Archives/edgar/data/1138118/000156459019018435/0001564590-19-018435-index.htm", "finalLink": "https://www.sec.gov/Archives/edgar/data/1138118/000156459019018435/cbre-10q_20190331.htm"}, {"date": "2018-12-31", "symbol": "CBRE", "reportedCurrency": "USD", "cik": "0001138118", "fillingDate": "2019-03-01", "acceptedDate": "2019-03-01 09:12:05", "calendarYear": "2018", "period": "Q4", "revenue": 6293748000, "costOfRevenue": 4771599000, "grossProfit": 1522149000, "grossProfitRatio": 0.2418509607, "researchAndDevelopmentExpenses": 0, "generalAndAdministrativeExpenses": 847915000, "sellingAndMarketingExpenses": 74800000, "sellingGeneralAndAdministrativeExpenses": 922715000, "otherExpenses": 140087000, "operatingExpenses": 1062802000, "costAndExpenses": 5834401000, "interestIncome": 2244000, "interestExpense": 24876000, "depreciationAndAmortization": 116940000, "ebitda": 599434000, "ebitdaratio": 0.0952427711, "operatingIncome": 459347000, "operatingIncomeRatio": 0.0729846508, "totalOtherIncomeExpensesNet": 36768000, "incomeBeforeTax": 496115000, "incomeBeforeTaxRatio": 0.0788266388, "incomeTaxExpense": 101612000, "netIncome": 393795000, "netIncomeRatio": 0.0625692354, "eps": 1.16, "epsdiluted": 1.15, "weightedAverageShsOut": 339823278, "weightedAverageShsOutDil": 342683720, "link": "https://www.sec.gov/Archives/edgar/data/1138118/000156459019005666/0001564590-19-005666-index.htm", "finalLink": "https://www.sec.gov/Archives/edgar/data/1138118/000156459019005666/cbg-10k_20181231.htm"}, {"date": "2018-09-30", "symbol": "CBRE", "reportedCurrency": "USD", "cik": "0001138118", "fillingDate": "2018-11-09", "acceptedDate": "2018-11-09 08:09:47", "calendarYear": "2018", "period": "Q3", "revenue": 5260954000, "costOfRevenue": 4098904000, "grossProfit": 1162050000, "grossProfitRatio": 0.2208819921, "researchAndDevelopmentExpenses": 0, "generalAndAdministrativeExpenses": 0, "sellingAndMarketingExpenses": 0, "sellingGeneralAndAdministrativeExpenses": 831349000, "otherExpenses": 140984000, "operatingExpenses": 972333000, "costAndExpenses": 5071237000, "interestIncome": 1231000, "interestExpense": 26651000, "depreciationAndAmortization": 113484000, "ebitda": 330701000, "ebitdaratio": 0.0628595118, "operatingIncome": 189717000, "operatingIncomeRatio": 0.0360613303, "totalOtherIncomeExpensesNet": 196935000, "incomeBeforeTax": 386652000, "incomeBeforeTaxRatio": 0.0734946552, "incomeTaxExpense": 94963000, "netIncome": 290469000, "netIncomeRatio": 0.0552122296, "eps": 0.86, "epsdiluted": 0.85, "weightedAverageShsOut": 339477316, "weightedAverageShsOutDil": 343733947, "link": "https://www.sec.gov/Archives/edgar/data/1138118/000156459018028760/0001564590-18-028760-index.htm", "finalLink": "https://www.sec.gov/Archives/edgar/data/1138118/000156459018028760/cbg-10q_20180930.htm"}, {"date": "2018-06-30", "symbol": "CBRE", "reportedCurrency": "USD", "cik": "0001138118", "fillingDate": "2018-08-09", "acceptedDate": "2018-08-09 13:53:11", "calendarYear": "2018", "period": "Q2", "revenue": 5111434000, "costOfRevenue": 3958748000, "grossProfit": 1152686000, "grossProfitRatio": 0.2255112753, "researchAndDevelopmentExpenses": 0, "generalAndAdministrativeExpenses": 0, "sellingAndMarketingExpenses": 0, "sellingGeneralAndAdministrativeExpenses": 826282000, "otherExpenses": 101088000, "operatingExpenses": 927370000, "costAndExpenses": 4886118000, "interestIncome": 1489000, "interestExpense": 26885000, "depreciationAndAmortization": 113399000, "ebitda": 326404000, "ebitdaratio": 0.063857618, "operatingIncome": 225316000, "operatingIncomeRatio": 0.0440807805, "totalOtherIncomeExpensesNet": 74634000, "incomeBeforeTax": 299950000, "incomeBeforeTaxRatio": 0.0586821624, "incomeTaxExpense": 70319000, "netIncome": 228667000, "netIncomeRatio": 0.0447363695, "eps": 0.67, "epsdiluted": 0.67, "weightedAverageShsOut": 339081556, "weightedAverageShsOutDil": 343471513, "link": "https://www.sec.gov/Archives/edgar/data/1138118/000156459018020899/0001564590-18-020899-index.htm", "finalLink": "https://www.sec.gov/Archives/edgar/data/1138118/000156459018020899/cbg-10q_20180630.htm"}, {"date": "2018-03-31", "symbol": "CBRE", "reportedCurrency": "USD", "cik": "0001138118", "fillingDate": "2018-05-10", "acceptedDate": "2018-05-10 12:09:12", "calendarYear": "2018", "period": "Q1", "revenue": 4673952000, "costOfRevenue": 3619961000, "grossProfit": 1053991000, "grossProfitRatio": 0.2255031716, "researchAndDevelopmentExpenses": 0, "generalAndAdministrativeExpenses": 0, "sellingAndMarketingExpenses": 0, "sellingGeneralAndAdministrativeExpenses": 732235000, "otherExpenses": 108147000, "operatingExpenses": 840382000, "costAndExpenses": 4460343000, "interestIncome": 3621000, "interestExpense": 28858000, "depreciationAndAmortization": 108165000, "ebitda": 321756000, "ebitdaratio": 0.0688402448, "operatingIncome": 213609000, "operatingIncomeRatio": 0.0457020098, "totalOtherIncomeExpensesNet": -17320000, "incomeBeforeTax": 196289000, "incomeBeforeTaxRatio": 0.0419963662, "incomeTaxExpense": 46164000, "netIncome": 150288000, "netIncomeRatio": 0.0321543739, "eps": 0.44, "epsdiluted": 0.44, "weightedAverageShsOut": 338890098, "weightedAverageShsOutDil": 342589810, "link": "https://www.sec.gov/Archives/edgar/data/1138118/000156459018012793/0001564590-18-012793-index.htm", "finalLink": "https://www.sec.gov/Archives/edgar/data/1138118/000156459018012793/cbg-10q_20180331.htm"}, {"date": "2017-12-31", "symbol": "CBRE", "reportedCurrency": "USD", "cik": "0001138118", "fillingDate": "2018-03-01", "acceptedDate": "2018-03-01 10:29:41", "calendarYear": "2017", "period": "Q4", "revenue": 5499654000, "costOfRevenue": 4150803000, "grossProfit": 1348851000, "grossProfitRatio": 0.2452610655, "researchAndDevelopmentExpenses": 0, "generalAndAdministrativeExpenses": 771429000, "sellingAndMarketingExpenses": 63100000, "sellingGeneralAndAdministrativeExpenses": 834529000, "otherExpenses": 108135000, "operatingExpenses": 942664000, "costAndExpenses": 5093467000, "interestIncome": 2886000, "interestExpense": 32891000, "depreciationAndAmortization": 109100000, "ebitda": 514322000, "ebitdaratio": 0.0935189741, "operatingIncome": 406187000, "operatingIncomeRatio": 0.0738568281, "totalOtherIncomeExpensesNet": 22302000, "incomeBeforeTax": 428489000, "incomeBeforeTaxRatio": 0.0779119923, "incomeTaxExpense": 266978999, "netIncome": 168400000, "netIncomeRatio": 0.0306201081, "eps": 0.5, "epsdiluted": 0.49, "weightedAverageShsOut": 338777028, "weightedAverageShsOutDil": 341728078, "link": "https://www.sec.gov/Archives/edgar/data/1138118/000156459018003991/0001564590-18-003991-index.htm", "finalLink": "https://www.sec.gov/Archives/edgar/data/1138118/000156459018003991/cbg-10k_20171231.htm"}, {"date": "2017-09-30", "symbol": "CBRE", "reportedCurrency": "USD", "cik": "0001138118", "fillingDate": "2017-11-09", "acceptedDate": "2017-11-09 12:10:25", "calendarYear": "2017", "period": "Q3", "revenue": 4638596000, "costOfRevenue": 3598279000, "grossProfit": 1040317000, "grossProfitRatio": 0.2242741123, "researchAndDevelopmentExpenses": 0, "generalAndAdministrativeExpenses": 0, "sellingAndMarketingExpenses": 0, "sellingGeneralAndAdministrativeExpenses": 704950000, "otherExpenses": 96411000, "operatingExpenses": 801361000, "costAndExpenses": 4399640000, "interestIncome": 3129000, "interestExpense": 34483000, "depreciationAndAmortization": 102591000, "ebitda": 335367000, "ebitdaratio": 0.0722992474, "operatingIncome": 238956000, "operatingIncomeRatio": 0.0515147256, "totalOtherIncomeExpensesNet": 38248000, "incomeBeforeTax": 277204000, "incomeBeforeTaxRatio": 0.059760324, "incomeTaxExpense": 77072000, "netIncome": 199088000, "netIncomeRatio": 0.0429198835, "eps": 0.59, "epsdiluted": 0.58, "weightedAverageShsOut": 337948324, "weightedAverageShsOutDil": 341186431, "link": "https://www.sec.gov/Archives/edgar/data/1138118/000156459017023069/0001564590-17-023069-index.htm", "finalLink": "https://www.sec.gov/Archives/edgar/data/1138118/000156459017023069/cbg-10q_20170930.htm"}, {"date": "2017-06-30", "symbol": "CBRE", "reportedCurrency": "USD", "cik": "0001138118", "fillingDate": "2017-08-09", "acceptedDate": "2017-08-08 18:23:40", "calendarYear": "2017", "period": "Q2", "revenue": 4439571000, "costOfRevenue": 3409540000, "grossProfit": 1030031000, "grossProfitRatio": 0.2320113813, "researchAndDevelopmentExpenses": 0, "generalAndAdministrativeExpenses": 0, "sellingAndMarketingExpenses": 0, "sellingGeneralAndAdministrativeExpenses": 712615000, "otherExpenses": 89088000, "operatingExpenses": 801703000, "costAndExpenses": 4211243000, "interestIncome": 1427000, "interestExpense": 35430000, "depreciationAndAmortization": 100386000, "ebitda": 317416000, "ebitdaratio": 0.0714969982, "operatingIncome": 228328000, "operatingIncomeRatio": 0.0514301945, "totalOtherIncomeExpensesNet": 44567000, "incomeBeforeTax": 272895000, "incomeBeforeTaxRatio": 0.0614687771, "incomeTaxExpense": 69887000, "netIncome": 201777000, "netIncomeRatio": 0.0454496617, "eps": 0.6, "epsdiluted": 0.59, "weightedAverageShsOut": 336975149, "weightedAverageShsOutDil": 340882603, "link": "https://www.sec.gov/Archives/edgar/data/1138118/000156459017016641/0001564590-17-016641-index.htm", "finalLink": "https://www.sec.gov/Archives/edgar/data/1138118/000156459017016641/cbg-10q_20170630.htm"}, {"date": "2017-03-31", "symbol": "CBRE", "reportedCurrency": "USD", "cik": "0001138118", "fillingDate": "2017-05-10", "acceptedDate": "2017-05-10 11:37:34", "calendarYear": "2017", "period": "Q1", "revenue": 4050966000, "costOfRevenue": 3146477000, "grossProfit": 904489000, "grossProfitRatio": 0.2232773615, "researchAndDevelopmentExpenses": 0, "generalAndAdministrativeExpenses": 0, "sellingAndMarketingExpenses": 0, "sellingGeneralAndAdministrativeExpenses": 606626000, "otherExpenses": 92652000, "operatingExpenses": 699278000, "costAndExpenses": 3845755000, "interestIncome": 2411000, "interestExpense": 34010000, "depreciationAndAmortization": 94037000, "ebitda": 297863000, "ebitdaratio": 0.0735288818, "operatingIncome": 205211000, "operatingIncomeRatio": 0.0506573, "totalOtherIncomeExpensesNet": -12466000, "incomeBeforeTax": 192745000, "incomeBeforeTaxRatio": 0.0475800093, "incomeTaxExpense": 53819000, "netIncome": 137020000, "netIncomeRatio": 0.0338240311, "eps": 0.41, "epsdiluted": 0.4, "weightedAverageShsOut": 336907836, "weightedAverageShsOutDil": 339690579, "link": "https://www.sec.gov/Archives/edgar/data/1138118/000156459017010115/0001564590-17-010115-index.htm", "finalLink": "https://www.sec.gov/Archives/edgar/data/1138118/000156459017010115/cbg-10q_20170331.htm"}, {"date": "2016-12-31", "symbol": "CBRE", "reportedCurrency": "USD", "cik": "0001138118", "fillingDate": "2017-03-01", "acceptedDate": "2017-03-01 12:54:02", "calendarYear": "2016", "period": "Q4", "revenue": 3823831000, "costOfRevenue": 2603098000, "grossProfit": 1220733000, "grossProfitRatio": 0.3192434498, "researchAndDevelopmentExpenses": 0, "generalAndAdministrativeExpenses": 579429000, "sellingAndMarketingExpenses": 65800000, "sellingGeneralAndAdministrativeExpenses": 645229000, "otherExpenses": 222683000, "operatingExpenses": 867912000, "costAndExpenses": 3471010000, "interestIncome": 2506000, "interestExpense": 35801000, "depreciationAndAmortization": 96940000, "ebitda": 575504000, "ebitdaratio": 0.1505045594, "operatingIncome": 352821000, "operatingIncomeRatio": 0.0922689836, "totalOtherIncomeExpensesNet": 43389000, "incomeBeforeTax": 396210000, "incomeBeforeTaxRatio": 0.1036159809, "incomeTaxExpense": 131084000, "netIncome": 263975000, "netIncomeRatio": 0.0690341702, "eps": 0.78, "epsdiluted": 0.78, "weightedAverageShsOut": 336843925, "weightedAverageShsOutDil": 338839469, "link": "https://www.sec.gov/Archives/edgar/data/1138118/000119312517064772/0001193125-17-064772-index.htm", "finalLink": "https://www.sec.gov/Archives/edgar/data/1138118/000119312517064772/d291832d10k.htm"}, {"date": "2016-09-30", "symbol": "CBRE", "reportedCurrency": "USD", "cik": "0001138118", "fillingDate": "2016-11-09", "acceptedDate": "2016-11-09 12:24:49", "calendarYear": "2016", "period": "Q3", "revenue": 3193487000, "costOfRevenue": 2238083000, "grossProfit": 955404000, "grossProfitRatio": 0.2991726599, "researchAndDevelopmentExpenses": 0, "generalAndAdministrativeExpenses": 0, "sellingAndMarketingExpenses": 0, "sellingGeneralAndAdministrativeExpenses": 634030000, "otherExpenses": 148882000, "operatingExpenses": 782912000, "costAndExpenses": 3020995000, "interestIncome": 1020000, "interestExpense": 37273000, "depreciationAndAmortization": 92725000, "ebitda": 321374000, "ebitdaratio": 0.100634197, "operatingIncome": 172492000, "operatingIncomeRatio": 0.0540136847, "totalOtherIncomeExpensesNet": -10225000, "incomeBeforeTax": 162267000, "incomeBeforeTaxRatio": 0.0508118555, "incomeTaxExpense": 51414000, "netIncome": 104163000, "netIncomeRatio": 0.0326173239, "eps": 0.31, "epsdiluted": 0.31, "weightedAverageShsOut": 335770122, "weightedAverageShsOutDil": 338488975, "link": "https://www.sec.gov/Archives/edgar/data/1138118/000119312516764008/0001193125-16-764008-index.htm", "finalLink": "https://www.sec.gov/Archives/edgar/data/1138118/000119312516764008/d271606d10q.htm"}, {"date": "2016-06-30", "symbol": "CBRE", "reportedCurrency": "USD", "cik": "0001138118", "fillingDate": "2016-08-09", "acceptedDate": "2016-08-09 11:20:23", "calendarYear": "2016", "period": "Q2", "revenue": 3207537000, "costOfRevenue": 2236433000, "grossProfit": 971104000, "grossProfitRatio": 0.3027569129, "researchAndDevelopmentExpenses": 0, "generalAndAdministrativeExpenses": 0, "sellingAndMarketingExpenses": 0, "sellingGeneralAndAdministrativeExpenses": 671042000, "otherExpenses": 117468000, "operatingExpenses": 788510000, "costAndExpenses": 3024943000, "interestIncome": 3066000, "interestExpense": 36987000, "depreciationAndAmortization": 90268000, "ebitda": 300062000, "ebitdaratio": 0.0935490378, "operatingIncome": 182594000, "operatingIncomeRatio": 0.0569265452, "totalOtherIncomeExpensesNet": 4890000, "incomeBeforeTax": 187484000, "incomeBeforeTaxRatio": 0.0584510794, "incomeTaxExpense": 64039000, "netIncome": 121668000, "netIncomeRatio": 0.0379319085, "eps": 0.36, "epsdiluted": 0.36, "weightedAverageShsOut": 335076746, "weightedAverageShsOutDil": 338080641, "link": "https://www.sec.gov/Archives/edgar/data/1138118/000119312516676274/0001193125-16-676274-index.htm", "finalLink": "https://www.sec.gov/Archives/edgar/data/1138118/000119312516676274/d222328d10q.htm"}, {"date": "2016-03-31", "symbol": "CBRE", "reportedCurrency": "USD", "cik": "0001138118", "fillingDate": "2016-05-10", "acceptedDate": "2016-05-10 12:01:18", "calendarYear": "2016", "period": "Q1", "revenue": 2846734000, "costOfRevenue": 2013613000, "grossProfit": 833121000, "grossProfitRatio": 0.2926585343, "researchAndDevelopmentExpenses": 0, "generalAndAdministrativeExpenses": 0, "sellingAndMarketingExpenses": 0, "sellingGeneralAndAdministrativeExpenses": 635566000, "otherExpenses": 89975000, "operatingExpenses": 725541000, "costAndExpenses": 2739154000, "interestIncome": 1459000, "interestExpense": 34790000, "depreciationAndAmortization": 86994000, "ebitda": 197555000, "ebitdaratio": 0.0693970705, "operatingIncome": 107580000, "operatingIncomeRatio": 0.0377906752, "totalOtherIncomeExpensesNet": 27185000, "incomeBeforeTax": 134765000, "incomeBeforeTaxRatio": 0.0473402151, "incomeTaxExpense": 50125000, "netIncome": 82167000, "netIncomeRatio": 0.028863603, "eps": 0.25, "epsdiluted": 0.24, "weightedAverageShsOut": 333992935, "weightedAverageShsOutDil": 337506232, "link": "https://www.sec.gov/Archives/edgar/data/1138118/000119312516585170/0001193125-16-585170-index.htm", "finalLink": "https://www.sec.gov/Archives/edgar/data/1138118/000119312516585170/d132908d10q.htm"}, {"date": "2015-12-31", "symbol": "CBRE", "reportedCurrency": "USD", "cik": "0001138118", "fillingDate": "2016-02-29", "acceptedDate": "2016-02-29 13:32:36", "calendarYear": "2015", "period": "Q4", "revenue": 3700242000, "costOfRevenue": 2512221000, "grossProfit": 1188021000, "grossProfitRatio": 0.3210657573, "researchAndDevelopmentExpenses": 0, "generalAndAdministrativeExpenses": 779932000, "sellingAndMarketingExpenses": 62700000, "sellingGeneralAndAdministrativeExpenses": 842632000, "otherExpenses": 138406000, "operatingExpenses": 981038000, "costAndExpenses": 3493259000, "interestIncome": 1454000, "interestExpense": 35813000, "depreciationAndAmortization": 98598000, "ebitda": 345389000, "ebitdaratio": 0.0933422733, "operatingIncome": 206983000, "operatingIncomeRatio": 0.0559376927, "totalOtherIncomeExpensesNet": 90222000, "incomeBeforeTax": 297205000, "incomeBeforeTaxRatio": 0.0803204223, "incomeTaxExpense": 114610000, "netIncome": 180043000, "netIncomeRatio": 0.0486570878, "eps": 0.54, "epsdiluted": 0.53, "weightedAverageShsOut": 333783269, "weightedAverageShsOutDil": 337223824, "link": "https://www.sec.gov/Archives/edgar/data/1138118/000119312516484680/0001193125-16-484680-index.htm", "finalLink": "https://www.sec.gov/Archives/edgar/data/1138118/000119312516484680/d215062d10k.htm"}, {"date": "2015-09-30", "symbol": "CBRE", "reportedCurrency": "USD", "cik": "0001138118", "fillingDate": "2015-11-09", "acceptedDate": "2015-11-09 13:28:09", "calendarYear": "2015", "period": "Q3", "revenue": 2712559000, "costOfRevenue": 1773660000, "grossProfit": 938899000, "grossProfitRatio": 0.3461303515, "researchAndDevelopmentExpenses": 0, "generalAndAdministrativeExpenses": 0, "sellingAndMarketingExpenses": 0, "sellingGeneralAndAdministrativeExpenses": 626905000, "otherExpenses": 71893000, "operatingExpenses": 698798000, "costAndExpenses": 2472458000, "interestIncome": 1158000, "interestExpense": 30699000, "depreciationAndAmortization": 75047000, "ebitda": 311994000, "ebitdaratio": 0.1150183277, "operatingIncome": 240101000, "operatingIncomeRatio": 0.0885145724, "totalOtherIncomeExpensesNet": -17244000, "incomeBeforeTax": 222857000, "incomeBeforeTaxRatio": 0.0821574757, "incomeTaxExpense": 72866000, "netIncome": 149123000, "netIncomeRatio": 0.0549750254, "eps": 0.45, "epsdiluted": 0.44, "weightedAverageShsOut": 332684487, "weightedAverageShsOutDil": 336561877, "link": "https://www.sec.gov/Archives/edgar/data/1138118/000119312515371619/0001193125-15-371619-index.htm", "finalLink": "https://www.sec.gov/Archives/edgar/data/1138118/000119312515371619/d64274d10q.htm"}, {"date": "2015-06-30", "symbol": "CBRE", "reportedCurrency": "USD", "cik": "0001138118", "fillingDate": "2015-08-10", "acceptedDate": "2015-08-10 14:56:50", "calendarYear": "2015", "period": "Q2", "revenue": 2390506000, "costOfRevenue": 1487974000, "grossProfit": 902532000, "grossProfitRatio": 0.377548519, "researchAndDevelopmentExpenses": 0, "generalAndAdministrativeExpenses": 0, "sellingAndMarketingExpenses": 0, "sellingGeneralAndAdministrativeExpenses": 610158000, "otherExpenses": 63619000, "operatingExpenses": 673777000, "costAndExpenses": 2161751000, "interestIncome": 1402000, "interestExpense": 26154000, "depreciationAndAmortization": 70605000, "ebitda": 292374000, "ebitdaratio": 0.1223063234, "operatingIncome": 228755000, "operatingIncomeRatio": 0.0956931294, "totalOtherIncomeExpensesNet": -19128000, "incomeBeforeTax": 209627000, "incomeBeforeTaxRatio": 0.0876914762, "incomeTaxExpense": 76474000, "netIncome": 125029000, "netIncomeRatio": 0.0523023159, "eps": 0.38, "epsdiluted": 0.37, "weightedAverageShsOut": 331999935, "weightedAverageShsOutDil": 336154524, "link": "https://www.sec.gov/Archives/edgar/data/1138118/000119312515284650/0001193125-15-284650-index.htm", "finalLink": "https://www.sec.gov/Archives/edgar/data/1138118/000119312515284650/d97362d10q.htm"}, {"date": "2015-03-31", "symbol": "CBRE", "reportedCurrency": "USD", "cik": "0001138118", "fillingDate": "2015-05-11", "acceptedDate": "2015-05-11 15:16:46", "calendarYear": "2015", "period": "Q1", "revenue": 2052503000, "costOfRevenue": 1290777000, "grossProfit": 761726000, "grossProfitRatio": 0.3711205294, "researchAndDevelopmentExpenses": 0, "generalAndAdministrativeExpenses": 0, "sellingAndMarketingExpenses": 0, "sellingGeneralAndAdministrativeExpenses": 531775000, "otherExpenses": 69846000, "operatingExpenses": 601621000, "costAndExpenses": 1892398000, "interestIncome": 2297000, "interestExpense": 26214000, "depreciationAndAmortization": 69846000, "ebitda": 229951000, "ebitdaratio": 0.1120344282, "operatingIncome": 160105000, "operatingIncomeRatio": 0.0780047581, "totalOtherIncomeExpensesNet": -10064000, "incomeBeforeTax": 150041000, "incomeBeforeTaxRatio": 0.0731014766, "incomeTaxExpense": 56903000, "netIncome": 92937000, "netIncomeRatio": 0.0452798364, "eps": 0.28, "epsdiluted": 0.28, "weightedAverageShsOut": 331976907, "weightedAverageShsOutDil": 335698590, "link": "https://www.sec.gov/Archives/edgar/data/1138118/000119312515181733/0001193125-15-181733-index.htm", "finalLink": "https://www.sec.gov/Archives/edgar/data/1138118/000119312515181733/d893183d10q.htm"}, {"date": "2014-12-31", "symbol": "CBRE", "reportedCurrency": "USD", "cik": "0001138118", "fillingDate": "2015-03-02", "acceptedDate": "2015-03-02 15:07:51", "calendarYear": "2014", "period": "Q4", "revenue": 2787194000, "costOfRevenue": 1706343000, "grossProfit": 1080851000, "grossProfitRatio": 0.3877918078, "researchAndDevelopmentExpenses": 0, "generalAndAdministrativeExpenses": 685828000, "sellingAndMarketingExpenses": 55600000, "sellingGeneralAndAdministrativeExpenses": 741428000, "otherExpenses": 50796000, "operatingExpenses": 792224000, "costAndExpenses": 2498567000, "interestIncome": 1912000, "interestExpense": 27709000, "depreciationAndAmortization": 69444000, "ebitda": 339423000, "ebitdaratio": 0.1217794671, "operatingIncome": 288627000, "operatingIncomeRatio": 0.1035546862, "totalOtherIncomeExpensesNet": 9484000, "incomeBeforeTax": 298111000, "incomeBeforeTaxRatio": 0.1069573916, "incomeTaxExpense": 92441000, "netIncome": 204277000, "netIncomeRatio": 0.0732912743, "eps": 0.62, "epsdiluted": 0.61, "weightedAverageShsOut": 331875303, "weightedAverageShsOutDil": 335106838, "link": "https://www.sec.gov/Archives/edgar/data/1138118/000119312515073030/0001193125-15-073030-index.htm", "finalLink": "https://www.sec.gov/Archives/edgar/data/1138118/000119312515073030/d837146d10k.htm"}, {"date": "2014-09-30", "symbol": "CBRE", "reportedCurrency": "USD", "cik": "0001138118", "fillingDate": "2014-11-10", "acceptedDate": "2014-11-10 15:23:43", "calendarYear": "2014", "period": "Q3", "revenue": 2275076000, "costOfRevenue": 1428986000, "grossProfit": 846090000, "grossProfitRatio": 0.3718952686, "researchAndDevelopmentExpenses": 0, "generalAndAdministrativeExpenses": 0, "sellingAndMarketingExpenses": 0, "sellingGeneralAndAdministrativeExpenses": 592411000, "otherExpenses": 68539000, "operatingExpenses": 660950000, "costAndExpenses": 2089936000, "interestIncome": 1598000, "interestExpense": 27841000, "depreciationAndAmortization": 67159000, "ebitda": 253679000, "ebitdaratio": 0.1115035278, "operatingIncome": 185140000, "operatingIncomeRatio": 0.0813775012, "totalOtherIncomeExpensesNet": -6143000, "incomeBeforeTax": 178997000, "incomeBeforeTaxRatio": 0.0786773717, "incomeTaxExpense": 69305000, "netIncome": 107099000, "netIncomeRatio": 0.0470749109, "eps": 0.32, "epsdiluted": 0.32, "weightedAverageShsOut": 330419006, "weightedAverageShsOutDil": 334293046, "link": "https://www.sec.gov/Archives/edgar/data/1138118/000119312514405746/0001193125-14-405746-index.htm", "finalLink": "https://www.sec.gov/Archives/edgar/data/1138118/000119312514405746/d788760d10q.htm"}, {"date": "2014-06-30", "symbol": "CBRE", "reportedCurrency": "USD", "cik": "0001138118", "fillingDate": "2014-08-11", "acceptedDate": "2014-08-11 17:06:49", "calendarYear": "2014", "period": "Q2", "revenue": 2126806000, "costOfRevenue": 1314473000, "grossProfit": 812333000, "grossProfitRatio": 0.3819497406, "researchAndDevelopmentExpenses": 0, "generalAndAdministrativeExpenses": 0, "sellingAndMarketingExpenses": 0, "sellingGeneralAndAdministrativeExpenses": 566202000, "otherExpenses": 40125000, "operatingExpenses": 606327000, "costAndExpenses": 1920800000, "interestIncome": 1146000, "interestExpense": 28470000, "depreciationAndAmortization": 63295000, "ebitda": 246131000, "ebitdaratio": 0.1157279978, "operatingIncome": 206006000, "operatingIncomeRatio": 0.096861679, "totalOtherIncomeExpensesNet": -11696000, "incomeBeforeTax": 194310000, "incomeBeforeTaxRatio": 0.0913623527, "incomeTaxExpense": 64111000, "netIncome": 105464000, "netIncomeRatio": 0.0495879737, "eps": 0.32, "epsdiluted": 0.32, "weightedAverageShsOut": 330133061, "weightedAverageShsOutDil": 333918620, "link": "https://www.sec.gov/Archives/edgar/data/1138118/000119312514305068/0001193125-14-305068-index.htm", "finalLink": "https://www.sec.gov/Archives/edgar/data/1138118/000119312514305068/d744648d10q.htm"}, {"date": "2014-03-31", "symbol": "CBRE", "reportedCurrency": "USD", "cik": "0001138118", "fillingDate": "2014-05-12", "acceptedDate": "2014-05-12 13:08:00", "calendarYear": "2014", "period": "Q1", "revenue": 1860842000, "costOfRevenue": 1161460000, "grossProfit": 699382000, "grossProfitRatio": 0.3758416889, "researchAndDevelopmentExpenses": 0, "generalAndAdministrativeExpenses": 0, "sellingAndMarketingExpenses": 0, "sellingGeneralAndAdministrativeExpenses": 528395000, "otherExpenses": 58506000, "operatingExpenses": 586901000, "costAndExpenses": 1748361000, "interestIncome": 1577000, "interestExpense": 28015000, "depreciationAndAmortization": 65203000, "ebitda": 170987000, "ebitdaratio": 0.0918868985, "operatingIncome": 112481000, "operatingIncomeRatio": 0.0604462926, "totalOtherIncomeExpensesNet": -6637000, "incomeBeforeTax": 105844000, "incomeBeforeTaxRatio": 0.0568796276, "incomeTaxExpense": 37902000, "netIncome": 67663000, "netIncomeRatio": 0.0363614966, "eps": 0.21, "epsdiluted": 0.2, "weightedAverageShsOut": 330035445, "weightedAverageShsOutDil": 333349519, "link": "https://www.sec.gov/Archives/edgar/data/1138118/000119312514194337/0001193125-14-194337-index.htm", "finalLink": "https://www.sec.gov/Archives/edgar/data/1138118/000119312514194337/d706570d10q.htm"}, {"date": "2013-12-31", "symbol": "CBRE", "reportedCurrency": "USD", "cik": "0001138118", "fillingDate": "2014-09-23", "acceptedDate": "2014-09-23 07:39:07", "calendarYear": "2013", "period": "Q4", "revenue": 2233851000, "costOfRevenue": 1276998000, "grossProfit": 956853000, "grossProfitRatio": 0.4283423559, "researchAndDevelopmentExpenses": 0, "generalAndAdministrativeExpenses": 578230000, "sellingAndMarketingExpenses": 49400000, "sellingGeneralAndAdministrativeExpenses": 627630000, "otherExpenses": 160012000, "operatingExpenses": 787642000, "costAndExpenses": 2064640000, "interestIncome": 1287000, "interestExpense": 27372000, "depreciationAndAmortization": 52984000, "ebitda": 329223000, "ebitdaratio": 0.1473791224, "operatingIncome": 169211000, "operatingIncomeRatio": 0.0757485616, "totalOtherIncomeExpensesNet": 12868000, "incomeBeforeTax": 182079000, "incomeBeforeTaxRatio": 0.0815090174, "incomeTaxExpense": 66242000, "netIncome": 114646000, "netIncomeRatio": 0.0513221338, "eps": 0.35, "epsdiluted": 0.34, "weightedAverageShsOut": 329912177, "weightedAverageShsOutDil": 332519441, "link": "https://www.sec.gov/Archives/edgar/data/1138118/000119312514349197/0001193125-14-349197-index.htm", "finalLink": "https://www.sec.gov/Archives/edgar/data/1138118/000119312514349197/d793029d10ka.htm"}, {"date": "2013-09-30", "symbol": "CBRE", "reportedCurrency": "USD", "cik": "0001138118", "fillingDate": "2013-11-12", "acceptedDate": "2013-11-12 13:35:42", "calendarYear": "2013", "period": "Q3", "revenue": 1733866000, "costOfRevenue": 1032348000, "grossProfit": 701518000, "grossProfitRatio": 0.4045975871, "researchAndDevelopmentExpenses": 0, "generalAndAdministrativeExpenses": 0, "sellingAndMarketingExpenses": 0, "sellingGeneralAndAdministrativeExpenses": 496615000, "otherExpenses": 46784000, "operatingExpenses": 543399000, "costAndExpenses": 1575747000, "interestIncome": 1484000, "interestExpense": 27783000, "depreciationAndAmortization": 47524000, "ebitda": 204903000, "ebitdaratio": 0.1181769525, "operatingIncome": 158119000, "operatingIncomeRatio": 0.0911944752, "totalOtherIncomeExpensesNet": -7827000, "incomeBeforeTax": 150292000, "incomeBeforeTaxRatio": 0.0866802856, "incomeTaxExpense": 56126000, "netIncome": 94444000, "netIncomeRatio": 0.054470184, "eps": 0.29, "epsdiluted": 0.28, "weightedAverageShsOut": 328307961, "weightedAverageShsOutDil": 332061402, "link": "https://www.sec.gov/Archives/edgar/data/1138118/000119312513437838/0001193125-13-437838-index.htm", "finalLink": "https://www.sec.gov/Archives/edgar/data/1138118/000119312513437838/d586144d10q.htm"}, {"date": "2013-06-30", "symbol": "CBRE", "reportedCurrency": "USD", "cik": "0001138118", "fillingDate": "2013-08-09", "acceptedDate": "2013-08-09 12:47:37", "calendarYear": "2013", "period": "Q2", "revenue": 1742014000, "costOfRevenue": 1018827000, "grossProfit": 723187000, "grossProfitRatio": 0.4151441952, "researchAndDevelopmentExpenses": 0, "generalAndAdministrativeExpenses": 0, "sellingAndMarketingExpenses": 0, "sellingGeneralAndAdministrativeExpenses": 499458000, "otherExpenses": 0, "operatingExpenses": 527486000, "costAndExpenses": 1546313000, "interestIncome": 1490000, "interestExpense": 37532000, "depreciationAndAmortization": 43601000, "ebitda": 223729000, "ebitdaratio": 0.1284312296, "operatingIncome": 180128000, "operatingIncomeRatio": 0.1034021541, "totalOtherIncomeExpensesNet": -63184000, "incomeBeforeTax": 116944000, "incomeBeforeTaxRatio": 0.0671314926, "incomeTaxExpense": 45815000, "netIncome": 69902000, "netIncomeRatio": 0.0401271172, "eps": 0.21, "epsdiluted": 0.21, "weightedAverageShsOut": 327423589, "weightedAverageShsOutDil": 331631185, "link": "https://www.sec.gov/Archives/edgar/data/1138118/000119312513328678/0001193125-13-328678-index.htm", "finalLink": "https://www.sec.gov/Archives/edgar/data/1138118/000119312513328678/d545507d10q.htm"}, {"date": "2013-03-31", "symbol": "CBRE", "reportedCurrency": "USD", "cik": "0001138118", "fillingDate": "2013-05-10", "acceptedDate": "2013-05-10 13:34:28", "calendarYear": "2013", "period": "Q1", "revenue": 1475063000, "costOfRevenue": 861216000, "grossProfit": 613847000, "grossProfitRatio": 0.4161496831, "researchAndDevelopmentExpenses": 0, "generalAndAdministrativeExpenses": 0, "sellingAndMarketingExpenses": 0, "sellingGeneralAndAdministrativeExpenses": 468016000, "otherExpenses": 0, "operatingExpenses": 500229999, "costAndExpenses": 1361445999, "interestIncome": 2028000, "interestExpense": 42395000, "depreciationAndAmortization": 46281000, "ebitda": 145831000, "ebitdaratio": 0.0988642519, "operatingIncome": 99550000, "operatingIncomeRatio": 0.0674886429, "totalOtherIncomeExpensesNet": -39880000, "incomeBeforeTax": 59670000, "incomeBeforeTaxRatio": 0.0404525095, "incomeTaxExpense": 19004000, "netIncome": 37546000, "netIncomeRatio": 0.0254538281, "eps": 0.11, "epsdiluted": 0.11, "weightedAverageShsOut": 326759455, "weightedAverageShsOutDil": 330802552, "link": "https://www.sec.gov/Archives/edgar/data/1138118/000119312513213389/0001193125-13-213389-index.htm", "finalLink": "https://www.sec.gov/Archives/edgar/data/1138118/000119312513213389/d497915d10q.htm"}, {"date": "2012-12-31", "symbol": "CBRE", "reportedCurrency": "USD", "cik": "0001138118", "fillingDate": "2013-03-01", "acceptedDate": "2013-03-01 14:37:23", "calendarYear": "2012", "period": "Q4", "revenue": 2005846000, "costOfRevenue": 1138548000, "grossProfit": 867298000, "grossProfitRatio": 0.4323851382, "researchAndDevelopmentExpenses": 0, "generalAndAdministrativeExpenses": 0, "sellingAndMarketingExpenses": 0, "sellingGeneralAndAdministrativeExpenses": 569804000, "otherExpenses": 0, "operatingExpenses": 587258000, "costAndExpenses": 1725806000, "interestIncome": 1860000, "interestExpense": 43025000, "depreciationAndAmortization": 44750000, "ebitda": 297494000, "ebitdaratio": 0.1483134797, "operatingIncome": 252744000, "operatingIncomeRatio": 0.1260036912, "totalOtherIncomeExpensesNet": -13869000, "incomeBeforeTax": 238875000, "incomeBeforeTaxRatio": 0.1190894017, "incomeTaxExpense": 82969000, "netIncome": 172998000, "netIncomeRatio": 0.0862469003, "eps": 0.53, "epsdiluted": 0.53, "weightedAverageShsOut": 325372928, "weightedAverageShsOutDil": 329012910, "link": "https://www.sec.gov/Archives/edgar/data/1138118/000119312513087299/0001193125-13-087299-index.htm", "finalLink": "https://www.sec.gov/Archives/edgar/data/1138118/000119312513087299/d448420d10k.htm"}, {"date": "2012-09-30", "symbol": "CBRE", "reportedCurrency": "USD", "cik": "0001138118", "fillingDate": "2012-11-09", "acceptedDate": "2012-11-09 12:12:26", "calendarYear": "2012", "period": "Q3", "revenue": 1557147000, "costOfRevenue": 908267000, "grossProfit": 648880000, "grossProfitRatio": 0.4167108179, "researchAndDevelopmentExpenses": 0, "generalAndAdministrativeExpenses": 0, "sellingAndMarketingExpenses": 0, "sellingGeneralAndAdministrativeExpenses": 457547000, "otherExpenses": 0, "operatingExpenses": 542259000, "costAndExpenses": 366008000, "interestIncome": 1895000, "interestExpense": 43651000, "depreciationAndAmortization": 40102000, "ebitda": 191333000, "ebitdaratio": 0.1228740768, "operatingIncome": 151231000, "operatingIncomeRatio": 0.0971205673, "totalOtherIncomeExpensesNet": -86366000, "incomeBeforeTax": 64864999, "incomeBeforeTaxRatio": 0.0416563105, "incomeTaxExpense": 22160000, "netIncome": 39709000, "netIncomeRatio": 0.0255011248, "eps": 0.12, "epsdiluted": 0.12, "weightedAverageShsOut": 322331850, "weightedAverageShsOutDil": 327309341, "link": "https://www.sec.gov/Archives/edgar/data/1138118/000119312512462450/0001193125-12-462450-index.htm", "finalLink": "https://www.sec.gov/Archives/edgar/data/1138118/000119312512462450/d401617d10q.htm"}, {"date": "2012-06-30", "symbol": "CBRE", "reportedCurrency": "USD", "cik": "0001138118", "fillingDate": "2012-08-09", "acceptedDate": "2012-08-09 11:55:25", "calendarYear": "2012", "period": "Q2", "revenue": 1601117000, "costOfRevenue": 908143000, "grossProfit": 692974000, "grossProfitRatio": 0.4328065969, "researchAndDevelopmentExpenses": 0, "generalAndAdministrativeExpenses": 482377000, "sellingAndMarketingExpenses": 0, "sellingGeneralAndAdministrativeExpenses": 482377000, "otherExpenses": -2104000, "operatingExpenses": 520274000, "costAndExpenses": 1428417000, "interestIncome": 1585000, "interestExpense": 44411000, "depreciationAndAmortization": 38336000, "ebitda": 213126000, "ebitdaratio": 0.133110822, "operatingIncome": 172700000, "operatingIncomeRatio": 0.1078621987, "totalOtherIncomeExpensesNet": -42321000, "incomeBeforeTax": 130379000, "incomeBeforeTaxRatio": 0.0814300267, "incomeTaxExpense": 54780000, "netIncome": 75873000, "netIncomeRatio": 0.0473875426, "eps": 0.24, "epsdiluted": 0.23, "weightedAverageShsOut": 320852344, "weightedAverageShsOutDil": 326081681, "link": "https://www.sec.gov/Archives/edgar/data/1138118/000119312512346328/0001193125-12-346328-index.htm", "finalLink": "https://www.sec.gov/Archives/edgar/data/1138118/000119312512346328/d360230d10q.htm"}, {"date": "2012-03-31", "symbol": "CBRE", "reportedCurrency": "USD", "cik": "0001138118", "fillingDate": "2012-05-10", "acceptedDate": "2012-05-10 13:19:23", "calendarYear": "2012", "period": "Q1", "revenue": 1349989000, "costOfRevenue": 787556000, "grossProfit": 562433000, "grossProfitRatio": 0.4166204317, "researchAndDevelopmentExpenses": 0, "generalAndAdministrativeExpenses": 440722000, "sellingAndMarketingExpenses": 0, "sellingGeneralAndAdministrativeExpenses": 440722000, "otherExpenses": 6588000, "operatingExpenses": 487179000, "costAndExpenses": 1274735000, "interestIncome": 2303000, "interestExpense": 43981000, "depreciationAndAmortization": 46457000, "ebitda": 145797000, "ebitdaratio": 0.1079986578, "operatingIncome": 76063000, "operatingIncomeRatio": 0.0563434221, "totalOtherIncomeExpensesNet": -20704000, "incomeBeforeTax": 55359000, "incomeBeforeTaxRatio": 0.0410070008, "incomeTaxExpense": 25413000, "netIncome": 26975000, "netIncomeRatio": 0.0199816443, "eps": 0.08, "epsdiluted": 0.08, "weightedAverageShsOut": 320671395, "weightedAverageShsOutDil": 325738859, "link": "https://www.sec.gov/Archives/edgar/data/1138118/000119312512224728/0001193125-12-224728-index.htm", "finalLink": "https://www.sec.gov/Archives/edgar/data/1138118/000119312512224728/d321279d10q.htm"}, {"date": "2011-12-31", "symbol": "CBRE", "reportedCurrency": "USD", "cik": "0001138118", "fillingDate": "2012-02-29", "acceptedDate": "2012-02-29 16:29:27", "calendarYear": "2011", "period": "Q4", "revenue": 1763625000, "costOfRevenue": 1008946000, "grossProfit": 754679000, "grossProfitRatio": 0.4279135304, "researchAndDevelopmentExpenses": 0, "generalAndAdministrativeExpenses": 603647000, "sellingAndMarketingExpenses": 0, "sellingGeneralAndAdministrativeExpenses": 603647000, "otherExpenses": 8515000, "operatingExpenses": 639495000, "costAndExpenses": 1648441000, "interestIncome": 2380000, "interestExpense": 43235000, "depreciationAndAmortization": 36534000, "ebitda": 229800000, "ebitdaratio": 0.1302998086, "operatingIncome": 116556000, "operatingIncomeRatio": 0.0660888794, "totalOtherIncomeExpensesNet": 33475000, "incomeBeforeTax": 150031000, "incomeBeforeTaxRatio": 0.0850696718, "incomeTaxExpense": 72071000, "netIncome": 79763000, "netIncomeRatio": 0.0452267347, "eps": 0.25, "epsdiluted": 0.25, "weightedAverageShsOut": 320662314, "weightedAverageShsOutDil": 320671395, "link": "https://www.sec.gov/Archives/edgar/data/1138118/000119312512089257/0001193125-12-089257-index.htm", "finalLink": "https://www.sec.gov/Archives/edgar/data/1138118/000119312512089257/d266559d10k.htm"}, {"date": "2011-09-30", "symbol": "CBRE", "reportedCurrency": "USD", "cik": "0001138118", "fillingDate": "2011-11-09", "acceptedDate": "2011-11-09 14:35:24", "calendarYear": "2011", "period": "Q3", "revenue": 1534463000, "costOfRevenue": 894607000, "grossProfit": 639856000, "grossProfitRatio": 0.4169901783, "researchAndDevelopmentExpenses": 0, "generalAndAdministrativeExpenses": 469138000, "sellingAndMarketingExpenses": 0, "sellingGeneralAndAdministrativeExpenses": 469138000, "otherExpenses": -5809000, "operatingExpenses": 496851000, "costAndExpenses": 1391458000, "interestIncome": 2493000, "interestExpense": 39080000, "depreciationAndAmortization": 31308000, "ebitda": 177711000, "ebitdaratio": 0.1158131542, "operatingIncome": 143005000, "operatingIncomeRatio": 0.0931954697, "totalOtherIncomeExpensesNet": -35682000, "incomeBeforeTax": 107323000, "incomeBeforeTaxRatio": 0.0699417321, "incomeTaxExpense": 47290000, "netIncome": 63807000, "netIncomeRatio": 0.0415826253, "eps": 0.2, "epsdiluted": 0.2, "weightedAverageShsOut": 318867447, "weightedAverageShsOutDil": 323714703, "link": "https://www.sec.gov/Archives/edgar/data/1138118/000119312511304244/0001193125-11-304244-index.htm", "finalLink": "https://www.sec.gov/Archives/edgar/data/1138118/000119312511304244/d232582d10q.htm"}, {"date": "2011-06-30", "symbol": "CBRE", "reportedCurrency": "USD", "cik": "0001138118", "fillingDate": "2011-08-09", "acceptedDate": "2011-08-09 15:00:24", "calendarYear": "2011", "period": "Q2", "revenue": 1422218000, "costOfRevenue": 839822000, "grossProfit": 582396000, "grossProfitRatio": 0.4094984032, "researchAndDevelopmentExpenses": 0, "generalAndAdministrativeExpenses": 432856000, "sellingAndMarketingExpenses": 0, "sellingGeneralAndAdministrativeExpenses": 432856000, "otherExpenses": 25385000, "operatingExpenses": 458241000, "costAndExpenses": 1298063000, "interestIncome": 1902000, "interestExpense": 34216000, "depreciationAndAmortization": 25385000, "ebitda": 174537000, "ebitdaratio": 0.1227216925, "operatingIncome": 130182000, "operatingIncomeRatio": 0.0915344905, "totalOtherIncomeExpensesNet": -15246000, "incomeBeforeTax": 114936000, "incomeBeforeTaxRatio": 0.0808146149, "incomeTaxExpense": 46336000, "netIncome": 61223000, "netIncomeRatio": 0.0430475497, "eps": 0.19, "epsdiluted": 0.19, "weightedAverageShsOut": 317698275, "weightedAverageShsOutDil": 324093042, "link": "https://www.sec.gov/Archives/edgar/data/1138118/000119312511216305/0001193125-11-216305-index.htm", "finalLink": "https://www.sec.gov/Archives/edgar/data/1138118/000119312511216305/d10q.htm"}, {"date": "2011-03-31", "symbol": "CBRE", "reportedCurrency": "USD", "cik": "0001138118", "fillingDate": "2011-05-10", "acceptedDate": "2011-05-10 14:03:17", "calendarYear": "2011", "period": "Q1", "revenue": 1185105000, "costOfRevenue": 713755000, "grossProfit": 471350000, "grossProfitRatio": 0.3977284713, "researchAndDevelopmentExpenses": 0, "generalAndAdministrativeExpenses": 377025000, "sellingAndMarketingExpenses": 0, "sellingGeneralAndAdministrativeExpenses": 377025000, "otherExpenses": 23178000, "operatingExpenses": 400203000, "costAndExpenses": 1113958000, "interestIncome": 2668000, "interestExpense": 33718000, "depreciationAndAmortization": 23178000, "ebitda": 114144000, "ebitdaratio": 0.0963155163, "operatingIncome": 73119000, "operatingIncomeRatio": 0.0616983305, "totalOtherIncomeExpensesNet": -15871000, "incomeBeforeTax": 57248000, "incomeBeforeTaxRatio": 0.0483062682, "incomeTaxExpense": 23406000, "netIncome": 34369000, "netIncomeRatio": 0.0290008058, "eps": 0.11, "epsdiluted": 0.11, "weightedAverageShsOut": 316563392, "weightedAverageShsOutDil": 322920829, "link": "https://www.sec.gov/Archives/edgar/data/1138118/000119312511133955/0001193125-11-133955-index.htm", "finalLink": "https://www.sec.gov/Archives/edgar/data/1138118/000119312511133955/d10q.htm"}, {"date": "2010-12-31", "symbol": "CBRE", "reportedCurrency": "USD", "cik": "0001138118", "fillingDate": "2011-03-01", "acceptedDate": "2011-03-01 13:08:02", "calendarYear": "2010", "period": "Q4", "revenue": 1651296000, "costOfRevenue": 930869000, "grossProfit": 720427000, "grossProfitRatio": 0.4362797463, "researchAndDevelopmentExpenses": 0, "generalAndAdministrativeExpenses": 522128000, "sellingAndMarketingExpenses": 0, "sellingGeneralAndAdministrativeExpenses": 522128000, "otherExpenses": 28865000, "operatingExpenses": 550993000, "costAndExpenses": 1481862000, "interestIncome": 2042000, "interestExpense": 41329000, "depreciationAndAmortization": 29245000, "ebitda": 201300000, "ebitdaratio": 0.1219042498, "operatingIncome": 172933000, "operatingIncomeRatio": 0.1047256216, "totalOtherIncomeExpensesNet": -42207000, "incomeBeforeTax": 130726000, "incomeBeforeTaxRatio": 0.0791656977, "incomeTaxExpense": 58290000, "netIncome": 95144000, "netIncomeRatio": 0.0576177742, "eps": 0.23, "epsdiluted": 0.23, "weightedAverageShsOut": 315901493, "weightedAverageShsOutDil": 316563392, "link": "https://www.sec.gov/Archives/edgar/data/1138118/000119312511051618/0001193125-11-051618-index.htm", "finalLink": "https://www.sec.gov/Archives/edgar/data/1138118/000119312511051618/d10k.htm"}, {"date": "2010-09-30", "symbol": "CBRE", "reportedCurrency": "USD", "cik": "0001138118", "fillingDate": "2010-11-09", "acceptedDate": "2010-11-09 14:28:47", "calendarYear": "2010", "period": "Q3", "revenue": 1266218000, "costOfRevenue": 735393000, "grossProfit": 530825000, "grossProfitRatio": 0.4192208609, "researchAndDevelopmentExpenses": 0, "generalAndAdministrativeExpenses": 374815000, "sellingAndMarketingExpenses": 0, "sellingGeneralAndAdministrativeExpenses": 374815000, "otherExpenses": 25605000, "operatingExpenses": 400420000, "costAndExpenses": 1135813000, "interestIncome": 1463000, "interestExpense": 49755000, "depreciationAndAmortization": 25605000, "ebitda": 161329000, "ebitdaratio": 0.12741013, "operatingIncome": 130579000, "operatingIncomeRatio": 0.1031252122, "totalOtherIncomeExpensesNet": -44610000, "incomeBeforeTax": 85969000, "incomeBeforeTaxRatio": 0.067894312, "incomeTaxExpense": 38075000, "netIncome": 57038000, "netIncomeRatio": 0.0450459558, "eps": 0.18, "epsdiluted": 0.18, "weightedAverageShsOut": 313791661, "weightedAverageShsOutDil": 319353359, "link": "https://www.sec.gov/Archives/edgar/data/1138118/000119312510253911/0001193125-10-253911-index.htm", "finalLink": "https://www.sec.gov/Archives/edgar/data/1138118/000119312510253911/d10q.htm"}]