[{"date": "2025-04-30", "symbol": "CPRT", "reportedCurrency": "USD", "cik": "0000900075", "fillingDate": "2025-06-03", "acceptedDate": "2025-06-03 16:50:23", "calendarYear": "2025", "period": "Q3", "revenue": 1211716000, "costOfRevenue": 659449000, "grossProfit": 552267000, "grossProfitRatio": 0.4557726398, "researchAndDevelopmentExpenses": 0, "generalAndAdministrativeExpenses": 100722000, "sellingAndMarketingExpenses": 0, "sellingGeneralAndAdministrativeExpenses": 100722000, "otherExpenses": 0, "operatingExpenses": 100722000, "costAndExpenses": 760171000, "interestIncome": 42776000, "interestExpense": 0, "depreciationAndAmortization": 54520000, "ebitda": 506065000, "ebitdaratio": 0.4176432431, "operatingIncome": 451545000, "operatingIncomeRatio": 0.3726492016, "totalOtherIncomeExpensesNet": 51259000, "incomeBeforeTax": 502804000, "incomeBeforeTaxRatio": 0.4149520185, "incomeTaxExpense": 97466000, "netIncome": 406609000, "netIncomeRatio": 0.3355646042, "eps": 0.42, "epsdiluted": 0.42, "weightedAverageShsOut": 966234000, "weightedAverageShsOutDil": 978089000, "link": "https://www.sec.gov/Archives/edgar/data/900075/000162828025029093/0001628280-25-029093-index.htm", "finalLink": "https://www.sec.gov/Archives/edgar/data/900075/000162828025029093/cprt-20250430.htm"}, {"date": "2025-01-31", "symbol": "CPRT", "reportedCurrency": "USD", "cik": "0000900075", "fillingDate": "2025-02-26", "acceptedDate": "2025-02-26 16:41:11", "calendarYear": "2025", "period": "Q2", "revenue": 1163316000, "costOfRevenue": 637763000, "grossProfit": 525553000, "grossProfitRatio": 0.4517714877, "researchAndDevelopmentExpenses": 0, "generalAndAdministrativeExpenses": 99342000, "sellingAndMarketingExpenses": 0, "sellingGeneralAndAdministrativeExpenses": 99342000, "otherExpenses": 0, "operatingExpenses": 99342000, "costAndExpenses": 737105000, "interestIncome": 40747000, "interestExpense": 0, "depreciationAndAmortization": 54260000, "ebitda": 480471000, "ebitdaratio": 0.4130184748, "operatingIncome": 426211000, "operatingIncomeRatio": 0.366375946, "totalOtherIncomeExpensesNet": 36840000, "incomeBeforeTax": 463051000, "incomeBeforeTaxRatio": 0.3980440396, "incomeTaxExpense": 76510000, "netIncome": 387400000, "netIncomeRatio": 0.3330135578, "eps": 0.4, "epsdiluted": 0.4, "weightedAverageShsOut": 964746000, "weightedAverageShsOutDil": 977910000, "link": "https://www.sec.gov/Archives/edgar/data/900075/000090007525000007/0000900075-25-000007-index.htm", "finalLink": "https://www.sec.gov/Archives/edgar/data/900075/000090007525000007/cprt-20250131.htm"}, {"date": "2024-10-31", "symbol": "CPRT", "reportedCurrency": "USD", "cik": "0000900075", "fillingDate": "2024-11-26", "acceptedDate": "2024-11-26 16:56:57", "calendarYear": "2025", "period": "Q1", "revenue": 1146829000, "costOfRevenue": 634724000, "grossProfit": 512105000, "grossProfitRatio": 0.4465399811, "researchAndDevelopmentExpenses": 0, "generalAndAdministrativeExpenses": 105738000, "sellingAndMarketingExpenses": 0, "sellingGeneralAndAdministrativeExpenses": 105738000, "otherExpenses": 0, "operatingExpenses": 105738000, "costAndExpenses": 740462000, "interestIncome": 45547000, "interestExpense": 0, "depreciationAndAmortization": 53627000, "ebitda": 461229000, "ebitdaratio": 0.4021776568, "operatingIncome": 406367000, "operatingIncomeRatio": 0.3543396618, "totalOtherIncomeExpensesNet": 44951000, "incomeBeforeTax": 451318000, "incomeBeforeTaxRatio": 0.3935355663, "incomeTaxExpense": 90142000, "netIncome": 362086000, "netIncomeRatio": 0.3157279769, "eps": 0.38, "epsdiluted": 0.37, "weightedAverageShsOut": 963176000, "weightedAverageShsOutDil": 976506000, "link": "https://www.sec.gov/Archives/edgar/data/900075/000090007524000030/0000900075-24-000030-index.htm", "finalLink": "https://www.sec.gov/Archives/edgar/data/900075/000090007524000030/cprt-20241031.htm"}, {"date": "2024-07-31", "symbol": "CPRT", "reportedCurrency": "USD", "cik": "0000900075", "fillingDate": "2024-09-30", "acceptedDate": "2024-09-27 19:06:12", "calendarYear": "2024", "period": "Q4", "revenue": 1068999000, "costOfRevenue": 606437000, "grossProfit": 462562000, "grossProfitRatio": 0.4327057369, "researchAndDevelopmentExpenses": 0, "generalAndAdministrativeExpenses": 94032000, "sellingAndMarketingExpenses": 0, "sellingGeneralAndAdministrativeExpenses": 94032000, "otherExpenses": 8986000, "operatingExpenses": 103018000, "costAndExpenses": 709455000, "interestIncome": 43494000, "interestExpense": 0, "depreciationAndAmortization": 50603000, "ebitda": 410622000, "ebitdaratio": 0.3841182265, "operatingIncome": 359544000, "operatingIncomeRatio": 0.336337078, "totalOtherIncomeExpensesNet": 48883000, "incomeBeforeTax": 408427000, "incomeBeforeTaxRatio": 0.3820649037, "incomeTaxExpense": 86249000, "netIncome": 322567000, "netIncomeRatio": 0.3017467743, "eps": 0.33, "epsdiluted": 0.33, "weightedAverageShsOut": 962515000, "weightedAverageShsOutDil": 976500000, "link": "https://www.sec.gov/Archives/edgar/data/900075/000090007524000024/0000900075-24-000024-index.htm", "finalLink": "https://www.sec.gov/Archives/edgar/data/900075/000090007524000024/cprt-20240731.htm"}, {"date": "2024-04-30", "symbol": "CPRT", "reportedCurrency": "USD", "cik": "0000900075", "fillingDate": "2024-05-23", "acceptedDate": "2024-05-23 17:02:12", "calendarYear": "2024", "period": "Q3", "revenue": 1127259000, "costOfRevenue": 606686000, "grossProfit": 520573000, "grossProfitRatio": 0.4618042526, "researchAndDevelopmentExpenses": 0, "generalAndAdministrativeExpenses": 88302000, "sellingAndMarketingExpenses": 0, "sellingGeneralAndAdministrativeExpenses": 88302000, "otherExpenses": -4932000, "operatingExpenses": 83370000, "costAndExpenses": 690056000, "interestIncome": 36218000, "interestExpense": 0, "depreciationAndAmortization": 50732000, "ebitda": 487896000, "ebitdaratio": 0.4328162383, "operatingIncome": 437203000, "operatingIncomeRatio": 0.3878460939, "totalOtherIncomeExpensesNet": 34909000, "incomeBeforeTax": 472112000, "incomeBeforeTaxRatio": 0.4188141323, "incomeTaxExpense": 90002000, "netIncome": 382291000, "netIncomeRatio": 0.3391332427, "eps": 0.4, "epsdiluted": 0.39, "weightedAverageShsOut": 961813000, "weightedAverageShsOutDil": 976445000, "link": "https://www.sec.gov/Archives/edgar/data/900075/000090007524000014/0000900075-24-000014-index.htm", "finalLink": "https://www.sec.gov/Archives/edgar/data/900075/000090007524000014/cprt-20240430.htm"}, {"date": "2024-01-31", "symbol": "CPRT", "reportedCurrency": "USD", "cik": "0000900075", "fillingDate": "2024-02-27", "acceptedDate": "2024-02-27 17:24:56", "calendarYear": "2024", "period": "Q2", "revenue": 1020149000, "costOfRevenue": 560051000, "grossProfit": 460098000, "grossProfitRatio": 0.4510105877, "researchAndDevelopmentExpenses": 0, "generalAndAdministrativeExpenses": 84252000, "sellingAndMarketingExpenses": 0, "sellingGeneralAndAdministrativeExpenses": 84252000, "otherExpenses": -4054000, "operatingExpenses": 80198000, "costAndExpenses": 640249000, "interestIncome": 33956000, "interestExpense": 0, "depreciationAndAmortization": 45262000, "ebitda": 425035000, "ebitdaratio": 0.4166401183, "operatingIncome": 379900000, "operatingIncomeRatio": 0.3723965813, "totalOtherIncomeExpensesNet": 30853000, "incomeBeforeTax": 410753000, "incomeBeforeTaxRatio": 0.4026402026, "incomeTaxExpense": 85226000, "netIncome": 325635000, "netIncomeRatio": 0.3192033713, "eps": 0.34, "epsdiluted": 0.33, "weightedAverageShsOut": 960525000, "weightedAverageShsOutDil": 974589000, "link": "https://www.sec.gov/Archives/edgar/data/900075/000090007524000007/0000900075-24-000007-index.htm", "finalLink": "https://www.sec.gov/Archives/edgar/data/900075/000090007524000007/cprt-20240131.htm"}, {"date": "2023-10-31", "symbol": "CPRT", "reportedCurrency": "USD", "cik": "0000900075", "fillingDate": "2023-11-21", "acceptedDate": "2023-11-20 17:46:45", "calendarYear": "2024", "period": "Q1", "revenue": 1020416000, "costOfRevenue": 556397000, "grossProfit": 464019000, "grossProfitRatio": 0.4547351276, "researchAndDevelopmentExpenses": 0, "generalAndAdministrativeExpenses": 64582000, "sellingAndMarketingExpenses": 0, "sellingGeneralAndAdministrativeExpenses": 64582000, "otherExpenses": 4061000, "operatingExpenses": 68643000, "costAndExpenses": 625040000, "interestIncome": 32005000, "interestExpense": 0, "depreciationAndAmortization": 43164000, "ebitda": 439740000, "ebitdaratio": 0.4309418904, "operatingIncome": 395376000, "operatingIncomeRatio": 0.3874655043, "totalOtherIncomeExpensesNet": 27933000, "incomeBeforeTax": 423309000, "incomeBeforeTaxRatio": 0.414839634, "incomeTaxExpense": 90777000, "netIncome": 332527000, "netIncomeRatio": 0.3258739573, "eps": 0.35, "epsdiluted": 0.34, "weightedAverageShsOut": 958127000, "weightedAverageShsOutDil": 971682000, "link": "https://www.sec.gov/Archives/edgar/data/900075/000090007523000043/0000900075-23-000043-index.htm", "finalLink": "https://www.sec.gov/Archives/edgar/data/900075/000090007523000043/cprt-20231031.htm"}, {"date": "2023-07-31", "symbol": "CPRT", "reportedCurrency": "USD", "cik": "0000900075", "fillingDate": "2023-09-28", "acceptedDate": "2023-09-28 16:38:17", "calendarYear": "2023", "period": "Q4", "revenue": 997591000, "costOfRevenue": 540013000, "grossProfit": 457578000, "grossProfitRatio": 0.4586829673, "researchAndDevelopmentExpenses": 0, "generalAndAdministrativeExpenses": 49161000, "sellingAndMarketingExpenses": 17800000, "sellingGeneralAndAdministrativeExpenses": 66961000, "otherExpenses": 0, "operatingExpenses": 66961000, "costAndExpenses": 606974000, "interestIncome": 29148000, "interestExpense": 0, "depreciationAndAmortization": 37500000, "ebitda": 428117000, "ebitdaratio": 0.4291508243, "operatingIncome": 390617000, "operatingIncomeRatio": 0.3915602687, "totalOtherIncomeExpensesNet": 33075000, "incomeBeforeTax": 423692000, "incomeBeforeTaxRatio": 0.4247151388, "incomeTaxExpense": 75907000, "netIncome": 347785000, "netIncomeRatio": 0.3486248372, "eps": 0.36, "epsdiluted": 0.36, "weightedAverageShsOut": 955773000, "weightedAverageShsOutDil": 970255000, "link": "https://www.sec.gov/Archives/edgar/data/900075/000090007523000034/0000900075-23-000034-index.htm", "finalLink": "https://www.sec.gov/Archives/edgar/data/900075/000090007523000034/cprt-20230731.htm"}, {"date": "2023-04-30", "symbol": "CPRT", "reportedCurrency": "USD", "cik": "0000900075", "fillingDate": "2023-05-25", "acceptedDate": "2023-05-25 16:33:57", "calendarYear": "2023", "period": "Q3", "revenue": 1021831000, "costOfRevenue": 538401000, "grossProfit": 483430000, "grossProfitRatio": 0.4731017164, "researchAndDevelopmentExpenses": 0, "generalAndAdministrativeExpenses": 60225000, "sellingAndMarketingExpenses": 0, "sellingGeneralAndAdministrativeExpenses": 60225000, "otherExpenses": 4281000, "operatingExpenses": 64506000, "costAndExpenses": 602907000, "interestIncome": 17878000, "interestExpense": 0, "depreciationAndAmortization": 37371000, "ebitda": 456150000, "ebitdaratio": 0.4464045424, "operatingIncome": 418924000, "operatingIncomeRatio": 0.4099738606, "totalOtherIncomeExpensesNet": 21506000, "incomeBeforeTax": 440430000, "incomeBeforeTaxRatio": 0.4310203938, "incomeTaxExpense": 89999000, "netIncome": 350431000, "netIncomeRatio": 0.3429441855, "eps": 0.37, "epsdiluted": 0.36, "weightedAverageShsOut": 953574000, "weightedAverageShsOutDil": 967380000, "link": "https://www.sec.gov/Archives/edgar/data/900075/000090007523000021/0000900075-23-000021-index.htm", "finalLink": "https://www.sec.gov/Archives/edgar/data/900075/000090007523000021/cprt-20230430.htm"}, {"date": "2023-01-31", "symbol": "CPRT", "reportedCurrency": "USD", "cik": "0000900075", "fillingDate": "2023-02-24", "acceptedDate": "2023-02-24 16:05:56", "calendarYear": "2023", "period": "Q2", "revenue": 956724000, "costOfRevenue": 530224000, "grossProfit": 426500000, "grossProfitRatio": 0.4457920989, "researchAndDevelopmentExpenses": 0, "generalAndAdministrativeExpenses": 56631000, "sellingAndMarketingExpenses": 0, "sellingGeneralAndAdministrativeExpenses": 56631000, "otherExpenses": 4344000, "operatingExpenses": 60975000, "costAndExpenses": 591199000, "interestIncome": 14480000, "interestExpense": 0, "depreciationAndAmortization": 38414000, "ebitda": 404292000, "ebitdaratio": 0.4225795527, "operatingIncome": 365525000, "operatingIncomeRatio": 0.3820589846, "totalOtherIncomeExpensesNet": 11578000, "incomeBeforeTax": 377103000, "incomeBeforeTaxRatio": 0.3941606984, "incomeTaxExpense": 83426000, "netIncome": 293677000, "netIncomeRatio": 0.3069610462, "eps": 0.31, "epsdiluted": 0.3, "weightedAverageShsOut": 952752000, "weightedAverageShsOutDil": 965072000, "link": "https://www.sec.gov/Archives/edgar/data/900075/000090007523000010/0000900075-23-000010-index.htm", "finalLink": "https://www.sec.gov/Archives/edgar/data/900075/000090007523000010/cprt-20230131.htm"}, {"date": "2022-10-31", "symbol": "CPRT", "reportedCurrency": "USD", "cik": "0000900075", "fillingDate": "2022-11-18", "acceptedDate": "2022-11-18 17:21:58", "calendarYear": "2023", "period": "Q1", "revenue": 893372000, "costOfRevenue": 523889000, "grossProfit": 369483000, "grossProfitRatio": 0.4135824718, "researchAndDevelopmentExpenses": 0, "generalAndAdministrativeExpenses": 53282000, "sellingAndMarketingExpenses": 0, "sellingGeneralAndAdministrativeExpenses": 53282000, "otherExpenses": 4698000, "operatingExpenses": 57980000, "costAndExpenses": 581869000, "interestIncome": 4422000, "interestExpense": 0, "depreciationAndAmortization": 39057000, "ebitda": 350830000, "ebitdaratio": 0.3927031517, "operatingIncome": 311503000, "operatingIncomeRatio": 0.3486822958, "totalOtherIncomeExpensesNet": 1600000, "incomeBeforeTax": 313103000, "incomeBeforeTaxRatio": 0.3504732631, "incomeTaxExpense": 67255000, "netIncome": 245848000, "netIncomeRatio": 0.2751910738, "eps": 0.26, "epsdiluted": 0.25, "weightedAverageShsOut": 952198000, "weightedAverageShsOutDil": 964336000, "link": "https://www.sec.gov/Archives/edgar/data/900075/000090007522000065/0000900075-22-000065-index.htm", "finalLink": "https://www.sec.gov/Archives/edgar/data/900075/000090007522000065/cprt-20221031.htm"}, {"date": "2022-07-31", "symbol": "CPRT", "reportedCurrency": "USD", "cik": "0000900075", "fillingDate": "2022-09-27", "acceptedDate": "2022-09-27 16:27:24", "calendarYear": "2022", "period": "Q4", "revenue": 883388000, "costOfRevenue": 501816000, "grossProfit": 381572000, "grossProfitRatio": 0.4319415704, "researchAndDevelopmentExpenses": 0, "generalAndAdministrativeExpenses": 41379000, "sellingAndMarketingExpenses": 15400000, "sellingGeneralAndAdministrativeExpenses": 56779000, "otherExpenses": 0, "operatingExpenses": 56779000, "costAndExpenses": 558595000, "interestIncome": 0, "interestExpense": 2656000, "depreciationAndAmortization": 36272000, "ebitda": 342457000, "ebitdaratio": 0.3876631786, "operatingIncome": 324793000, "operatingIncomeRatio": 0.3676674349, "totalOtherIncomeExpensesNet": -21325000, "incomeBeforeTax": 303468000, "incomeBeforeTaxRatio": 0.3435274194, "incomeTaxExpense": 39733000, "netIncome": 263735000, "netIncomeRatio": 0.2985494483, "eps": 0.28, "epsdiluted": 0.28, "weightedAverageShsOut": 951364000, "weightedAverageShsOutDil": 962944000, "link": "https://www.sec.gov/Archives/edgar/data/900075/000090007522000050/0000900075-22-000050-index.htm", "finalLink": "https://www.sec.gov/Archives/edgar/data/900075/000090007522000050/cprt-20220731.htm"}, {"date": "2022-04-30", "symbol": "CPRT", "reportedCurrency": "USD", "cik": "0000900075", "fillingDate": "2022-05-25", "acceptedDate": "2022-05-25 17:14:22", "calendarYear": "2022", "period": "Q3", "revenue": 939941000, "costOfRevenue": 503664000, "grossProfit": 436277000, "grossProfitRatio": 0.4641536011, "researchAndDevelopmentExpenses": 0, "generalAndAdministrativeExpenses": 58589000, "sellingAndMarketingExpenses": 0, "sellingGeneralAndAdministrativeExpenses": 58589000, "otherExpenses": 4933000, "operatingExpenses": 63522000, "costAndExpenses": 567186000, "interestIncome": 0, "interestExpense": 4492000, "depreciationAndAmortization": 36579000, "ebitda": 409461000, "ebitdaratio": 0.4356241509, "operatingIncome": 372755000, "operatingIncomeRatio": 0.3965727636, "totalOtherIncomeExpensesNet": -3150000, "incomeBeforeTax": 369605000, "incomeBeforeTaxRatio": 0.3932214894, "incomeTaxExpense": 90985000, "netIncome": 278620000, "netIncomeRatio": 0.2964228606, "eps": 0.29, "epsdiluted": 0.29, "weightedAverageShsOut": 950020000, "weightedAverageShsOutDil": 962896000, "link": "https://www.sec.gov/Archives/edgar/data/900075/000090007522000037/0000900075-22-000037-index.htm", "finalLink": "https://www.sec.gov/Archives/edgar/data/900075/000090007522000037/cprt-20220430.htm"}, {"date": "2022-01-31", "symbol": "CPRT", "reportedCurrency": "USD", "cik": "0000900075", "fillingDate": "2022-03-03", "acceptedDate": "2022-03-02 17:48:53", "calendarYear": "2022", "period": "Q2", "revenue": 867460000, "costOfRevenue": 464118000, "grossProfit": 403342000, "grossProfitRatio": 0.4649689899, "researchAndDevelopmentExpenses": 0, "generalAndAdministrativeExpenses": 51001000, "sellingAndMarketingExpenses": 0, "sellingGeneralAndAdministrativeExpenses": 51001000, "otherExpenses": 5013000, "operatingExpenses": 56014000, "costAndExpenses": 520132000, "interestIncome": 0, "interestExpense": 4433000, "depreciationAndAmortization": 33303000, "ebitda": 380906000, "ebitdaratio": 0.4391049731, "operatingIncome": 347328000, "operatingIncomeRatio": 0.4003965601, "totalOtherIncomeExpensesNet": -5273000, "incomeBeforeTax": 342055000, "incomeBeforeTaxRatio": 0.3943178936, "incomeTaxExpense": 54643000, "netIncome": 287412000, "netIncomeRatio": 0.3313259401, "eps": 0.31, "epsdiluted": 0.3, "weightedAverageShsOut": 948744000, "weightedAverageShsOutDil": 964748000, "link": "https://www.sec.gov/Archives/edgar/data/900075/000090007522000015/0000900075-22-000015-index.htm", "finalLink": "https://www.sec.gov/Archives/edgar/data/900075/000090007522000015/cprt-20220131.htm"}, {"date": "2021-10-31", "symbol": "CPRT", "reportedCurrency": "USD", "cik": "0000900075", "fillingDate": "2021-11-19", "acceptedDate": "2021-11-19 17:14:11", "calendarYear": "2022", "period": "Q1", "revenue": 810132000, "costOfRevenue": 425102000, "grossProfit": 385030000, "grossProfitRatio": 0.4752682279, "researchAndDevelopmentExpenses": 0, "generalAndAdministrativeExpenses": 54909000, "sellingAndMarketingExpenses": 0, "sellingGeneralAndAdministrativeExpenses": 54909000, "otherExpenses": 0, "operatingExpenses": 54909000, "costAndExpenses": 480011000, "interestIncome": 0, "interestExpense": 5107000, "depreciationAndAmortization": 31765000, "ebitda": 362170000, "ebitdaratio": 0.4470506041, "operatingIncome": 330121000, "operatingIncomeRatio": 0.4074903843, "totalOtherIncomeExpensesNet": -4295000, "incomeBeforeTax": 325826000, "incomeBeforeTaxRatio": 0.4021887791, "incomeTaxExpense": 65463000, "netIncome": 260363000, "netIncomeRatio": 0.3213834289, "eps": 0.28, "epsdiluted": 0.27, "weightedAverageShsOut": 948272000, "weightedAverageShsOutDil": 964884000, "link": "https://www.sec.gov/Archives/edgar/data/900075/000090007521000032/0000900075-21-000032-index.htm", "finalLink": "https://www.sec.gov/Archives/edgar/data/900075/000090007521000032/cprt-20211031.htm"}, {"date": "2021-07-31", "symbol": "CPRT", "reportedCurrency": "USD", "cik": "0000900075", "fillingDate": "2021-09-27", "acceptedDate": "2021-09-27 16:53:05", "calendarYear": "2021", "period": "Q4", "revenue": 748630000, "costOfRevenue": 391147000, "grossProfit": 357483000, "grossProfitRatio": 0.477516263, "researchAndDevelopmentExpenses": 0, "generalAndAdministrativeExpenses": 55983000, "sellingAndMarketingExpenses": 0, "sellingGeneralAndAdministrativeExpenses": 55983000, "otherExpenses": 0, "operatingExpenses": 55983000, "costAndExpenses": 447130000, "interestIncome": 0, "interestExpense": 5020000, "depreciationAndAmortization": 29664000, "ebitda": 333728000, "ebitdaratio": 0.4457849672, "operatingIncome": 301500000, "operatingIncomeRatio": 0.4027356638, "totalOtherIncomeExpensesNet": -2456000, "incomeBeforeTax": 299044000, "incomeBeforeTaxRatio": 0.3994550045, "incomeTaxExpense": 43070000, "netIncome": 255974000, "netIncomeRatio": 0.3419232465, "eps": 0.27, "epsdiluted": 0.27, "weightedAverageShsOut": 946716000, "weightedAverageShsOutDil": 962856000, "link": "https://www.sec.gov/Archives/edgar/data/900075/000090007521000022/0000900075-21-000022-index.htm", "finalLink": "https://www.sec.gov/Archives/edgar/data/900075/000090007521000022/cprt-20210731.htm"}, {"date": "2021-04-30", "symbol": "CPRT", "reportedCurrency": "USD", "cik": "0000900075", "fillingDate": "2021-05-24", "acceptedDate": "2021-05-21 17:36:30", "calendarYear": "2021", "period": "Q3", "revenue": 733910000, "costOfRevenue": 352569000, "grossProfit": 381341000, "grossProfitRatio": 0.5196018585, "researchAndDevelopmentExpenses": 0, "generalAndAdministrativeExpenses": 53230000, "sellingAndMarketingExpenses": 0, "sellingGeneralAndAdministrativeExpenses": 53230000, "otherExpenses": 0, "operatingExpenses": 53230000, "costAndExpenses": 405799000, "interestIncome": 0, "interestExpense": 5346000, "depreciationAndAmortization": 31966000, "ebitda": 360847000, "ebitdaratio": 0.4916774536, "operatingIncome": 328111000, "operatingIncomeRatio": 0.4470725293, "totalOtherIncomeExpensesNet": -4576000, "incomeBeforeTax": 323535000, "incomeBeforeTaxRatio": 0.4408374324, "incomeTaxExpense": 36739000, "netIncome": 286796000, "netIncomeRatio": 0.3907781608, "eps": 0.3, "epsdiluted": 0.3, "weightedAverageShsOut": 945584000, "weightedAverageShsOutDil": 960832000, "link": "https://www.sec.gov/Archives/edgar/data/900075/000090007521000014/0000900075-21-000014-index.htm", "finalLink": "https://www.sec.gov/Archives/edgar/data/900075/000090007521000014/cprt-20210430.htm"}, {"date": "2021-01-31", "symbol": "CPRT", "reportedCurrency": "USD", "cik": "0000900075", "fillingDate": "2021-02-24", "acceptedDate": "2021-02-23 21:12:51", "calendarYear": "2021", "period": "Q2", "revenue": 617031000, "costOfRevenue": 309533000, "grossProfit": 307498000, "grossProfitRatio": 0.4983509743, "researchAndDevelopmentExpenses": 0, "generalAndAdministrativeExpenses": 49277000, "sellingAndMarketingExpenses": 0, "sellingGeneralAndAdministrativeExpenses": 49277000, "otherExpenses": 0, "operatingExpenses": 49277000, "costAndExpenses": 358810000, "interestIncome": 0, "interestExpense": 4849000, "depreciationAndAmortization": 31671000, "ebitda": 288693000, "ebitdaratio": 0.4678743856, "operatingIncome": 258221000, "operatingIncomeRatio": 0.4184895086, "totalOtherIncomeExpensesNet": -5769000, "incomeBeforeTax": 252452000, "incomeBeforeTaxRatio": 0.4091398973, "incomeTaxExpense": 59012000, "netIncome": 193440000, "netIncomeRatio": 0.3135012665, "eps": 0.21, "epsdiluted": 0.2, "weightedAverageShsOut": 944608000, "weightedAverageShsOutDil": 961120000, "link": "https://www.sec.gov/Archives/edgar/data/900075/000090007521000007/0000900075-21-000007-index.htm", "finalLink": "https://www.sec.gov/Archives/edgar/data/900075/000090007521000007/cprt-20210131.htm"}, {"date": "2020-10-31", "symbol": "CPRT", "reportedCurrency": "USD", "cik": "0000900075", "fillingDate": "2020-11-20", "acceptedDate": "2020-11-20 16:56:06", "calendarYear": "2021", "period": "Q1", "revenue": 592940000, "costOfRevenue": 296171000, "grossProfit": 296769000, "grossProfitRatio": 0.5005042669, "researchAndDevelopmentExpenses": 0, "generalAndAdministrativeExpenses": 48175000, "sellingAndMarketingExpenses": 0, "sellingGeneralAndAdministrativeExpenses": 48175000, "otherExpenses": 0, "operatingExpenses": 48175000, "costAndExpenses": 344346000, "interestIncome": 0, "interestExpense": 5032000, "depreciationAndAmortization": 28949000, "ebitda": 280796000, "ebitdaratio": 0.4735656222, "operatingIncome": 248594000, "operatingIncomeRatio": 0.4192565858, "totalOtherIncomeExpensesNet": -1779000, "incomeBeforeTax": 246815000, "incomeBeforeTaxRatio": 0.4162562823, "incomeTaxExpense": 46530000, "netIncome": 200285000, "netIncomeRatio": 0.3377829123, "eps": 0.21, "epsdiluted": 0.21, "weightedAverageShsOut": 943164000, "weightedAverageShsOutDil": 959872000, "link": "https://www.sec.gov/Archives/edgar/data/900075/000090007520000029/0000900075-20-000029-index.htm", "finalLink": "https://www.sec.gov/Archives/edgar/data/900075/000090007520000029/cprt-20201031.htm"}, {"date": "2020-07-31", "symbol": "CPRT", "reportedCurrency": "USD", "cik": "0000900075", "fillingDate": "2020-09-28", "acceptedDate": "2020-09-28 16:48:27", "calendarYear": "2020", "period": "Q4", "revenue": 525659000, "costOfRevenue": 275228000, "grossProfit": 250431000, "grossProfitRatio": 0.4764134163, "researchAndDevelopmentExpenses": 0, "generalAndAdministrativeExpenses": 44716000, "sellingAndMarketingExpenses": 0, "sellingGeneralAndAdministrativeExpenses": 44716000, "otherExpenses": 0, "operatingExpenses": 44716000, "costAndExpenses": 319944000, "interestIncome": 99000, "interestExpense": 4902000, "depreciationAndAmortization": 27501000, "ebitda": 234164000, "ebitdaratio": 0.4454674989, "operatingIncome": 205715000, "operatingIncomeRatio": 0.3913468617, "totalOtherIncomeExpensesNet": -3832000, "incomeBeforeTax": 201883000, "incomeBeforeTaxRatio": 0.3840569647, "incomeTaxExpense": 36350000, "netIncome": 165533000, "netIncomeRatio": 0.3149056708, "eps": 0.18, "epsdiluted": 0.17, "weightedAverageShsOut": 939452000, "weightedAverageShsOutDil": 955708000, "link": "https://www.sec.gov/Archives/edgar/data/900075/000090007520000021/0000900075-20-000021-index.htm", "finalLink": "https://www.sec.gov/Archives/edgar/data/900075/000090007520000021/cprt-20200731.htm"}, {"date": "2020-04-30", "symbol": "CPRT", "reportedCurrency": "USD", "cik": "0000900075", "fillingDate": "2020-05-28", "acceptedDate": "2020-05-27 18:05:50", "calendarYear": "2020", "period": "Q3", "revenue": 550360000, "costOfRevenue": 307747000, "grossProfit": 242613000, "grossProfitRatio": 0.4408260048, "researchAndDevelopmentExpenses": 0, "generalAndAdministrativeExpenses": 47512000, "sellingAndMarketingExpenses": 0, "sellingGeneralAndAdministrativeExpenses": 47512000, "otherExpenses": 0, "operatingExpenses": 47512000, "costAndExpenses": 355259000, "interestIncome": 225000, "interestExpense": 5803000, "depreciationAndAmortization": 26711000, "ebitda": 224318000, "ebitdaratio": 0.4075841268, "operatingIncome": 195101000, "operatingIncomeRatio": 0.3544970565, "totalOtherIncomeExpensesNet": -3301000, "incomeBeforeTax": 191800000, "incomeBeforeTaxRatio": 0.3484991642, "incomeTaxExpense": 44313000, "netIncome": 147487000, "netIncomeRatio": 0.2679827749, "eps": 0.16, "epsdiluted": 0.16, "weightedAverageShsOut": 936532000, "weightedAverageShsOutDil": 954364000, "link": "https://www.sec.gov/Archives/edgar/data/900075/000090007520000014/0000900075-20-000014-index.htm", "finalLink": "https://www.sec.gov/Archives/edgar/data/900075/000090007520000014/cprt-20200430.htm"}, {"date": "2020-01-31", "symbol": "CPRT", "reportedCurrency": "USD", "cik": "0000900075", "fillingDate": "2020-02-27", "acceptedDate": "2020-02-27 17:16:28", "calendarYear": "2020", "period": "Q2", "revenue": 575140000, "costOfRevenue": 315251000, "grossProfit": 259889000, "grossProfitRatio": 0.4518708488, "researchAndDevelopmentExpenses": 0, "generalAndAdministrativeExpenses": 49997000, "sellingAndMarketingExpenses": 0, "sellingGeneralAndAdministrativeExpenses": 49997000, "otherExpenses": 0, "operatingExpenses": 49997000, "costAndExpenses": 365248000, "interestIncome": 450000, "interestExpense": 4914000, "depreciationAndAmortization": 24393000, "ebitda": 233931000, "ebitdaratio": 0.40673749, "operatingIncome": 209892000, "operatingIncomeRatio": 0.3649407101, "totalOtherIncomeExpensesNet": -4818000, "incomeBeforeTax": 205074000, "incomeBeforeTaxRatio": 0.3565636193, "incomeTaxExpense": 36367000, "netIncome": 168707000, "netIncomeRatio": 0.2933320583, "eps": 0.18, "epsdiluted": 0.18, "weightedAverageShsOut": 930684000, "weightedAverageShsOutDil": 953880000, "link": "https://www.sec.gov/Archives/edgar/data/900075/000090007520000006/0000900075-20-000006-index.htm", "finalLink": "https://www.sec.gov/Archives/edgar/data/900075/000090007520000006/cprt01312020-10q.htm"}, {"date": "2019-10-31", "symbol": "CPRT", "reportedCurrency": "USD", "cik": "0000900075", "fillingDate": "2019-11-25", "acceptedDate": "2019-11-25 15:51:55", "calendarYear": "2020", "period": "Q1", "revenue": 554424000, "costOfRevenue": 299555000, "grossProfit": 254869000, "grossProfitRatio": 0.459700518, "researchAndDevelopmentExpenses": 0, "generalAndAdministrativeExpenses": 49478000, "sellingAndMarketingExpenses": 0, "sellingGeneralAndAdministrativeExpenses": 49478000, "otherExpenses": 0, "operatingExpenses": 49478000, "costAndExpenses": 349033000, "interestIncome": 585000, "interestExpense": 4611000, "depreciationAndAmortization": 23704000, "ebitda": 229812000, "ebitdaratio": 0.4145058655, "operatingIncome": 205391000, "operatingIncomeRatio": 0.3704583496, "totalOtherIncomeExpensesNet": -3309000, "incomeBeforeTax": 202082000, "incomeBeforeTaxRatio": 0.3644899932, "incomeTaxExpense": -16098000, "netIncome": 218180000, "netIncomeRatio": 0.3935255328, "eps": 0.24, "epsdiluted": 0.23, "weightedAverageShsOut": 924676000, "weightedAverageShsOutDil": 954648000, "link": "https://www.sec.gov/Archives/edgar/data/900075/000090007519000028/0000900075-19-000028-index.htm", "finalLink": "https://www.sec.gov/Archives/edgar/data/900075/000090007519000028/cprt10312019-10q.htm"}, {"date": "2019-07-31", "symbol": "CPRT", "reportedCurrency": "USD", "cik": "0000900075", "fillingDate": "2019-09-30", "acceptedDate": "2019-09-30 16:54:57", "calendarYear": "2019", "period": "Q4", "revenue": 542575000, "costOfRevenue": 299956000, "grossProfit": 242619000, "grossProfitRatio": 0.4471621435, "researchAndDevelopmentExpenses": 0, "generalAndAdministrativeExpenses": 42317000, "sellingAndMarketingExpenses": 7500000, "sellingGeneralAndAdministrativeExpenses": 49817000, "otherExpenses": 0, "operatingExpenses": 49817000, "costAndExpenses": 349773000, "interestIncome": 347000, "interestExpense": 4602000, "depreciationAndAmortization": 21515000, "ebitda": 213187000, "ebitdaratio": 0.3929171082, "operatingIncome": 192802000, "operatingIncomeRatio": 0.3553462655, "totalOtherIncomeExpensesNet": -5732000, "incomeBeforeTax": 187070000, "incomeBeforeTaxRatio": 0.3447818274, "incomeTaxExpense": 33574000, "netIncome": 153496000, "netIncomeRatio": 0.2829028245, "eps": 0.17, "epsdiluted": 0.16, "weightedAverageShsOut": 916816000, "weightedAverageShsOutDil": 953416000, "link": "https://www.sec.gov/Archives/edgar/data/900075/000090007519000022/0000900075-19-000022-index.htm", "finalLink": "https://www.sec.gov/Archives/edgar/data/900075/000090007519000022/cprt07312019-10k.htm"}, {"date": "2019-04-30", "symbol": "CPRT", "reportedCurrency": "USD", "cik": "0000900075", "fillingDate": "2019-05-29", "acceptedDate": "2019-05-29 17:03:14", "calendarYear": "2019", "period": "Q3", "revenue": 553116000, "costOfRevenue": 301537000, "grossProfit": 251579000, "grossProfitRatio": 0.4548394912, "researchAndDevelopmentExpenses": 0, "generalAndAdministrativeExpenses": 44085000, "sellingAndMarketingExpenses": 0, "sellingGeneralAndAdministrativeExpenses": 44085000, "otherExpenses": 0, "operatingExpenses": 44085000, "costAndExpenses": 345622000, "interestIncome": 240000, "interestExpense": 5324000, "depreciationAndAmortization": 21222000, "ebitda": 230894000, "ebitdaratio": 0.4174422725, "operatingIncome": 207494000, "operatingIncomeRatio": 0.3751364994, "totalOtherIncomeExpensesNet": -3365000, "incomeBeforeTax": 204129000, "incomeBeforeTaxRatio": 0.3690527846, "incomeTaxExpense": 11388000, "netIncome": 192741000, "netIncomeRatio": 0.348463975, "eps": 0.21, "epsdiluted": 0.2, "weightedAverageShsOut": 911936000, "weightedAverageShsOutDil": 951568000, "link": "https://www.sec.gov/Archives/edgar/data/900075/000090007519000014/0000900075-19-000014-index.htm", "finalLink": "https://www.sec.gov/Archives/edgar/data/900075/000090007519000014/cprt4302019-10q.htm"}, {"date": "2019-01-31", "symbol": "CPRT", "reportedCurrency": "USD", "cik": "0000900075", "fillingDate": "2019-02-28", "acceptedDate": "2019-02-28 17:06:08", "calendarYear": "2019", "period": "Q2", "revenue": 484898000, "costOfRevenue": 276672000, "grossProfit": 208226000, "grossProfitRatio": 0.4294222703, "researchAndDevelopmentExpenses": 0, "generalAndAdministrativeExpenses": 43487000, "sellingAndMarketingExpenses": 0, "sellingGeneralAndAdministrativeExpenses": 43487000, "otherExpenses": 0, "operatingExpenses": 43487000, "costAndExpenses": 320159000, "interestIncome": 678000, "interestExpense": 5233000, "depreciationAndAmortization": 20331000, "ebitda": 190598000, "ebitdaratio": 0.3930682329, "operatingIncome": 164739000, "operatingIncomeRatio": 0.3397394916, "totalOtherIncomeExpensesNet": 227000, "incomeBeforeTax": 164966000, "incomeBeforeTaxRatio": 0.3402076313, "incomeTaxExpense": 33593000, "netIncome": 131373000, "netIncomeRatio": 0.2709291439, "eps": 0.14, "epsdiluted": 0.14, "weightedAverageShsOut": 923192000, "weightedAverageShsOutDil": 962640000, "link": "https://www.sec.gov/Archives/edgar/data/900075/000090007519000008/0000900075-19-000008-index.htm", "finalLink": "https://www.sec.gov/Archives/edgar/data/900075/000090007519000008/cprt1312019-10q.htm"}, {"date": "2018-10-31", "symbol": "CPRT", "reportedCurrency": "USD", "cik": "0000900075", "fillingDate": "2018-11-29", "acceptedDate": "2018-11-29 16:51:13", "calendarYear": "2019", "period": "Q1", "revenue": 461368000, "costOfRevenue": 265450000, "grossProfit": 195918000, "grossProfitRatio": 0.4246458359, "researchAndDevelopmentExpenses": 0, "generalAndAdministrativeExpenses": 44478000, "sellingAndMarketingExpenses": 0, "sellingGeneralAndAdministrativeExpenses": 44478000, "otherExpenses": 0, "operatingExpenses": 44478000, "costAndExpenses": 309928000, "interestIncome": 960000, "interestExpense": 4651000, "depreciationAndAmortization": 21978000, "ebitda": 175306000, "ebitdaratio": 0.3799700023, "operatingIncome": 151440000, "operatingIncomeRatio": 0.3282412304, "totalOtherIncomeExpensesNet": -2654000, "incomeBeforeTax": 148786000, "incomeBeforeTaxRatio": 0.3224887725, "incomeTaxExpense": 34703000, "netIncome": 114083000, "netIncomeRatio": 0.2472711588, "eps": 0.12, "epsdiluted": 0.12, "weightedAverageShsOut": 935552000, "weightedAverageShsOutDil": 979304000, "link": "https://www.sec.gov/Archives/edgar/data/900075/000090007518000067/0000900075-18-000067-index.htm", "finalLink": "https://www.sec.gov/Archives/edgar/data/900075/000090007518000067/cprt10312018-10q.htm"}, {"date": "2018-07-31", "symbol": "CPRT", "reportedCurrency": "USD", "cik": "0000900075", "fillingDate": "2018-10-01", "acceptedDate": "2018-10-01 16:48:26", "calendarYear": "2018", "period": "Q4", "revenue": 449223000, "costOfRevenue": 260798000, "grossProfit": 188425000, "grossProfitRatio": 0.4194464665, "researchAndDevelopmentExpenses": 15500000, "generalAndAdministrativeExpenses": 52457000, "sellingAndMarketingExpenses": 0, "sellingGeneralAndAdministrativeExpenses": 52457000, "otherExpenses": -14369000, "operatingExpenses": 53588000, "costAndExpenses": 313255000, "interestIncome": 617000, "interestExpense": 4599000, "depreciationAndAmortization": 28362000, "ebitda": 165580000, "ebitdaratio": 0.3685919911, "operatingIncome": 134837000, "operatingIncomeRatio": 0.3001560472, "totalOtherIncomeExpensesNet": -2108000, "incomeBeforeTax": 132729000, "incomeBeforeTaxRatio": 0.2954635003, "incomeTaxExpense": 22988000, "netIncome": 109748000, "netIncomeRatio": 0.24430628, "eps": 0.12, "epsdiluted": 0.11, "weightedAverageShsOut": 931980000, "weightedAverageShsOutDil": 977624000, "link": "https://www.sec.gov/Archives/edgar/data/900075/000090007518000048/0000900075-18-000048-index.htm", "finalLink": "https://www.sec.gov/Archives/edgar/data/900075/000090007518000048/cprt07312018-10k.htm"}, {"date": "2018-04-30", "symbol": "CPRT", "reportedCurrency": "USD", "cik": "0000900075", "fillingDate": "2018-05-25", "acceptedDate": "2018-05-25 16:01:59", "calendarYear": "2018", "period": "Q3", "revenue": 478198000, "costOfRevenue": 259130000, "grossProfit": 219068000, "grossProfitRatio": 0.4581114936, "researchAndDevelopmentExpenses": 0, "generalAndAdministrativeExpenses": 44449000, "sellingAndMarketingExpenses": 0, "sellingGeneralAndAdministrativeExpenses": 44449000, "otherExpenses": 0, "operatingExpenses": 44449000, "costAndExpenses": 303579000, "interestIncome": 282000, "interestExpense": 4416000, "depreciationAndAmortization": 17640000, "ebitda": 192205000, "ebitdaratio": 0.4019360181, "operatingIncome": 174619000, "operatingIncomeRatio": 0.3651604565, "totalOtherIncomeExpensesNet": -3403000, "incomeBeforeTax": 171216000, "incomeBeforeTaxRatio": 0.3580441574, "incomeTaxExpense": 43811000, "netIncome": 127348000, "netIncomeRatio": 0.2663080983, "eps": 0.14, "epsdiluted": 0.13, "weightedAverageShsOut": 928040000, "weightedAverageShsOutDil": 971840000, "link": "https://www.sec.gov/Archives/edgar/data/900075/000090007518000025/0000900075-18-000025-index.htm", "finalLink": "https://www.sec.gov/Archives/edgar/data/900075/000090007518000025/cprt04302018-10q.htm"}, {"date": "2018-01-31", "symbol": "CPRT", "reportedCurrency": "USD", "cik": "0000900075", "fillingDate": "2018-02-27", "acceptedDate": "2018-02-27 17:30:03", "calendarYear": "2018", "period": "Q2", "revenue": 459106000, "costOfRevenue": 267497000, "grossProfit": 191609000, "grossProfitRatio": 0.4173524197, "researchAndDevelopmentExpenses": 0, "generalAndAdministrativeExpenses": 40662000, "sellingAndMarketingExpenses": 0, "sellingGeneralAndAdministrativeExpenses": 40662000, "otherExpenses": 0, "operatingExpenses": 40662000, "costAndExpenses": 308159000, "interestIncome": 197000, "interestExpense": 5758000, "depreciationAndAmortization": 17186000, "ebitda": 168067000, "ebitdaratio": 0.3660745013, "operatingIncome": 150947000, "operatingIncomeRatio": 0.328784638, "totalOtherIncomeExpensesNet": -6509000, "incomeBeforeTax": 144438000, "incomeBeforeTaxRatio": 0.3146070842, "incomeTaxExpense": 41137000, "netIncome": 103256000, "netIncomeRatio": 0.2249066664, "eps": 0.11, "epsdiluted": 0.11, "weightedAverageShsOut": 925912000, "weightedAverageShsOutDil": 965440000, "link": "https://www.sec.gov/Archives/edgar/data/900075/000090007518000015/0000900075-18-000015-index.htm", "finalLink": "https://www.sec.gov/Archives/edgar/data/900075/000090007518000015/cprt01312018-10q.htm"}, {"date": "2017-10-31", "symbol": "CPRT", "reportedCurrency": "USD", "cik": "0000900075", "fillingDate": "2017-11-28", "acceptedDate": "2017-11-28 16:42:24", "calendarYear": "2018", "period": "Q1", "revenue": 419168000, "costOfRevenue": 255904000, "grossProfit": 163264000, "grossProfitRatio": 0.3894953813, "researchAndDevelopmentExpenses": 0, "generalAndAdministrativeExpenses": 39322000, "sellingAndMarketingExpenses": 0, "sellingGeneralAndAdministrativeExpenses": 39322000, "otherExpenses": 0, "operatingExpenses": 39322000, "costAndExpenses": 295226000, "interestIncome": 197000, "interestExpense": 5595000, "depreciationAndAmortization": 15902000, "ebitda": 135625000, "ebitdaratio": 0.3235576189, "operatingIncome": 123942000, "operatingIncomeRatio": 0.2956857394, "totalOtherIncomeExpensesNet": -9814000, "incomeBeforeTax": 114128000, "incomeBeforeTaxRatio": 0.2722726926, "incomeTaxExpense": 36568000, "netIncome": 77515000, "netIncomeRatio": 0.1849258531, "eps": 0.085, "epsdiluted": 0.08, "weightedAverageShsOut": 922776000, "weightedAverageShsOutDil": 955164000, "link": "https://www.sec.gov/Archives/edgar/data/900075/000090007517000062/0000900075-17-000062-index.htm", "finalLink": "https://www.sec.gov/Archives/edgar/data/900075/000090007517000062/cprt10312017-10q.htm"}, {"date": "2017-07-31", "symbol": "CPRT", "reportedCurrency": "USD", "cik": "0000900075", "fillingDate": "2017-09-28", "acceptedDate": "2017-09-27 20:34:54", "calendarYear": "2017", "period": "Q4", "revenue": 378596000, "costOfRevenue": 211131000, "grossProfit": 167465000, "grossProfitRatio": 0.4423316675, "researchAndDevelopmentExpenses": 19400000, "generalAndAdministrativeExpenses": 37293000, "sellingAndMarketingExpenses": 0, "sellingGeneralAndAdministrativeExpenses": 37293000, "otherExpenses": -35000, "operatingExpenses": 56658000, "costAndExpenses": 248424000, "interestIncome": 322000, "interestExpense": 5807000, "depreciationAndAmortization": 13868000, "ebitda": 126054000, "ebitdaratio": 0.3329512198, "operatingIncome": 110807000, "operatingIncomeRatio": 0.2926787393, "totalOtherIncomeExpensesNet": -4428000, "incomeBeforeTax": 106379000, "incomeBeforeTaxRatio": 0.2809828947, "incomeTaxExpense": 36010000, "netIncome": 70335000, "netIncomeRatio": 0.185778508, "eps": 0.0775, "epsdiluted": 0.075, "weightedAverageShsOut": 921144000, "weightedAverageShsOutDil": 950536000, "link": "https://www.sec.gov/Archives/edgar/data/900075/000090007517000044/0000900075-17-000044-index.htm", "finalLink": "https://www.sec.gov/Archives/edgar/data/900075/000090007517000044/cprt07312017-10k.htm"}, {"date": "2017-04-30", "symbol": "CPRT", "reportedCurrency": "USD", "cik": "0000900075", "fillingDate": "2017-05-25", "acceptedDate": "2017-05-25 16:19:58", "calendarYear": "2017", "period": "Q3", "revenue": 373862000, "costOfRevenue": 201357000, "grossProfit": 172505000, "grossProfitRatio": 0.4614135697, "researchAndDevelopmentExpenses": 0, "generalAndAdministrativeExpenses": 35717000, "sellingAndMarketingExpenses": 0, "sellingGeneralAndAdministrativeExpenses": 35717000, "otherExpenses": 0, "operatingExpenses": 35717000, "costAndExpenses": 237074000, "interestIncome": 363000, "interestExpense": 5869000, "depreciationAndAmortization": 13974000, "ebitda": 150165000, "ebitdaratio": 0.4016589009, "operatingIncome": 136788000, "operatingIncomeRatio": 0.3658783187, "totalOtherIncomeExpensesNet": -5700000, "incomeBeforeTax": 131088000, "incomeBeforeTaxRatio": 0.3506320514, "incomeTaxExpense": 40542000, "netIncome": 90546000, "netIncomeRatio": 0.2421909689, "eps": 0.0975, "epsdiluted": 0.095, "weightedAverageShsOut": 919680000, "weightedAverageShsOutDil": 948540000, "link": "https://www.sec.gov/Archives/edgar/data/900075/000090007517000032/0000900075-17-000032-index.htm", "finalLink": "https://www.sec.gov/Archives/edgar/data/900075/000090007517000032/cprt04302017-10q.htm"}, {"date": "2017-01-31", "symbol": "CPRT", "reportedCurrency": "USD", "cik": "0000900075", "fillingDate": "2017-02-28", "acceptedDate": "2017-02-28 16:52:31", "calendarYear": "2017", "period": "Q2", "revenue": 349532000, "costOfRevenue": 202767000, "grossProfit": 146765000, "grossProfitRatio": 0.4198900244, "researchAndDevelopmentExpenses": 0, "generalAndAdministrativeExpenses": 37885000, "sellingAndMarketingExpenses": 0, "sellingGeneralAndAdministrativeExpenses": 37885000, "otherExpenses": 0, "operatingExpenses": 37885000, "costAndExpenses": 240652000, "interestIncome": 384000, "interestExpense": 6144000, "depreciationAndAmortization": 12689000, "ebitda": 121458000, "ebitdaratio": 0.3474874976, "operatingIncome": 108880000, "operatingIncomeRatio": 0.3115022373, "totalOtherIncomeExpensesNet": -8781000, "incomeBeforeTax": 100099000, "incomeBeforeTaxRatio": 0.2863800739, "incomeTaxExpense": 34033000, "netIncome": 66066000, "netIncomeRatio": 0.189012737, "eps": 0.0725, "epsdiluted": 0.07, "weightedAverageShsOut": 916568000, "weightedAverageShsOutDil": 942352000, "link": "https://www.sec.gov/Archives/edgar/data/900075/000090007517000013/0000900075-17-000013-index.htm", "finalLink": "https://www.sec.gov/Archives/edgar/data/900075/000090007517000013/cprt01312017-10q.htm"}, {"date": "2016-10-31", "symbol": "CPRT", "reportedCurrency": "USD", "cik": "0000900075", "fillingDate": "2016-11-30", "acceptedDate": "2016-11-30 16:10:32", "calendarYear": "2017", "period": "Q1", "revenue": 345991000, "costOfRevenue": 200698000, "grossProfit": 145293000, "grossProfitRatio": 0.4199328884, "researchAndDevelopmentExpenses": 0, "generalAndAdministrativeExpenses": 40469000, "sellingAndMarketingExpenses": 0, "sellingGeneralAndAdministrativeExpenses": 40469000, "otherExpenses": 0, "operatingExpenses": 40469000, "costAndExpenses": 241167000, "interestIncome": 337000, "interestExpense": 5959000, "depreciationAndAmortization": 18489000, "ebitda": 123202000, "ebitdaratio": 0.3560844068, "operatingIncome": 104824000, "operatingIncomeRatio": 0.3029674182, "totalOtherIncomeExpensesNet": -2290000, "incomeBeforeTax": 102534000, "incomeBeforeTaxRatio": 0.296348749, "incomeTaxExpense": -64746000, "netIncome": 167280000, "netIncomeRatio": 0.4834807842, "eps": 0.19, "epsdiluted": 0.18, "weightedAverageShsOut": 901744000, "weightedAverageShsOutDil": 951032000, "link": "https://www.sec.gov/Archives/edgar/data/900075/000090007516000108/0000900075-16-000108-index.htm", "finalLink": "https://www.sec.gov/Archives/edgar/data/900075/000090007516000108/cprt10312016-10q.htm"}, {"date": "2016-07-31", "symbol": "CPRT", "reportedCurrency": "USD", "cik": "0000900075", "fillingDate": "2016-09-28", "acceptedDate": "2016-09-28 17:29:23", "calendarYear": "2016", "period": "Q4", "revenue": 332659000, "costOfRevenue": 191195000, "grossProfit": 141464000, "grossProfitRatio": 0.4252522854, "researchAndDevelopmentExpenses": 29800000, "generalAndAdministrativeExpenses": 35273000, "sellingAndMarketingExpenses": 0, "sellingGeneralAndAdministrativeExpenses": 35273000, "otherExpenses": -5100000, "operatingExpenses": 59973000, "costAndExpenses": 226468000, "interestIncome": 353000, "interestExpense": 6610000, "depreciationAndAmortization": 20147000, "ebitda": 126338000, "ebitdaratio": 0.3797822996, "operatingIncome": 106191000, "operatingIncomeRatio": 0.3192187796, "totalOtherIncomeExpensesNet": -206000, "incomeBeforeTax": 105985000, "incomeBeforeTaxRatio": 0.3185995268, "incomeTaxExpense": 21017000, "netIncome": 84122000, "netIncomeRatio": 0.2528775713, "eps": 0.0963, "epsdiluted": 0.0888, "weightedAverageShsOut": 876624000, "weightedAverageShsOutDil": 948152000, "link": "https://www.sec.gov/Archives/edgar/data/900075/000090007516000081/0000900075-16-000081-index.htm", "finalLink": "https://www.sec.gov/Archives/edgar/data/900075/000090007516000081/cprt07312016-10k.htm"}, {"date": "2016-04-30", "symbol": "CPRT", "reportedCurrency": "USD", "cik": "0000900075", "fillingDate": "2016-05-26", "acceptedDate": "2016-05-26 16:04:07", "calendarYear": "2016", "period": "Q3", "revenue": 347246000, "costOfRevenue": 189599000, "grossProfit": 157647000, "grossProfitRatio": 0.4539922706, "researchAndDevelopmentExpenses": 0, "generalAndAdministrativeExpenses": 35699000, "sellingAndMarketingExpenses": 0, "sellingGeneralAndAdministrativeExpenses": 35699000, "otherExpenses": 0, "operatingExpenses": 35699000, "costAndExpenses": 225298000, "interestIncome": 283000, "interestExpense": 5702000, "depreciationAndAmortization": 12928000, "ebitda": 134876000, "ebitdaratio": 0.3884162813, "operatingIncome": 121948000, "operatingIncomeRatio": 0.3511861908, "totalOtherIncomeExpensesNet": -5380000, "incomeBeforeTax": 116568000, "incomeBeforeTaxRatio": 0.3356928518, "incomeTaxExpense": 42552000, "netIncome": 74016000, "netIncomeRatio": 0.2131514834, "eps": 0.085, "epsdiluted": 0.08, "weightedAverageShsOut": 884352000, "weightedAverageShsOutDil": 945648000, "link": "https://www.sec.gov/Archives/edgar/data/900075/000090007516000038/0000900075-16-000038-index.htm", "finalLink": "https://www.sec.gov/Archives/edgar/data/900075/000090007516000038/cprt04302016-10q.htm"}, {"date": "2016-01-31", "symbol": "CPRT", "reportedCurrency": "USD", "cik": "0000900075", "fillingDate": "2016-02-25", "acceptedDate": "2016-02-25 17:21:46", "calendarYear": "2016", "period": "Q2", "revenue": 299706000, "costOfRevenue": 175092000, "grossProfit": 124614000, "grossProfitRatio": 0.4157874717, "researchAndDevelopmentExpenses": 0, "generalAndAdministrativeExpenses": 32529000, "sellingAndMarketingExpenses": 0, "sellingGeneralAndAdministrativeExpenses": 32529000, "otherExpenses": 0, "operatingExpenses": 32529000, "costAndExpenses": 207621000, "interestIncome": 602000, "interestExpense": 5570000, "depreciationAndAmortization": 16769000, "ebitda": 108854000, "ebitdaratio": 0.3632026052, "operatingIncome": 92085000, "operatingIncomeRatio": 0.3072511061, "totalOtherIncomeExpensesNet": -533000, "incomeBeforeTax": 91552000, "incomeBeforeTaxRatio": 0.3054726966, "incomeTaxExpense": 32589000, "netIncome": 58963000, "netIncomeRatio": 0.1967361347, "eps": 0.0625, "epsdiluted": 0.0588, "weightedAverageShsOut": 938448000, "weightedAverageShsOutDil": 996896000, "link": "https://www.sec.gov/Archives/edgar/data/900075/000090007516000018/0000900075-16-000018-index.htm", "finalLink": "https://www.sec.gov/Archives/edgar/data/900075/000090007516000018/cprt01312016-10q.htm"}, {"date": "2015-10-31", "symbol": "CPRT", "reportedCurrency": "USD", "cik": "0000900075", "fillingDate": "2015-11-24", "acceptedDate": "2015-11-24 16:25:02", "calendarYear": "2016", "period": "Q1", "revenue": 288838000, "costOfRevenue": 167977000, "grossProfit": 120861000, "grossProfitRatio": 0.4184387096, "researchAndDevelopmentExpenses": 0, "generalAndAdministrativeExpenses": 34615000, "sellingAndMarketingExpenses": 0, "sellingGeneralAndAdministrativeExpenses": 34615000, "otherExpenses": 0, "operatingExpenses": 34615000, "costAndExpenses": 202592000, "interestIncome": 211000, "interestExpense": 5724000, "depreciationAndAmortization": 12800000, "ebitda": 99046000, "ebitdaratio": 0.3429119437, "operatingIncome": 86246000, "operatingIncomeRatio": 0.2985964451, "totalOtherIncomeExpensesNet": -4486000, "incomeBeforeTax": 81760000, "incomeBeforeTaxRatio": 0.2830652476, "incomeTaxExpense": 29347000, "netIncome": 52413000, "netIncomeRatio": 0.1814615805, "eps": 0.055, "epsdiluted": 0.0513, "weightedAverageShsOut": 961240000, "weightedAverageShsOutDil": 1017152000, "link": "https://www.sec.gov/Archives/edgar/data/900075/000162828015008971/0001628280-15-008971-index.htm", "finalLink": "https://www.sec.gov/Archives/edgar/data/900075/000162828015008971/cprt10312015-10q.htm"}, {"date": "2015-07-31", "symbol": "CPRT", "reportedCurrency": "USD", "cik": "0000900075", "fillingDate": "2015-09-25", "acceptedDate": "2015-09-25 17:28:10", "calendarYear": "2015", "period": "Q4", "revenue": 282293000, "costOfRevenue": 163509000, "grossProfit": 118784000, "grossProfitRatio": 0.420782662, "researchAndDevelopmentExpenses": 0, "generalAndAdministrativeExpenses": 32019000, "sellingAndMarketingExpenses": 0, "sellingGeneralAndAdministrativeExpenses": 32019000, "otherExpenses": 0, "operatingExpenses": 32019000, "costAndExpenses": 195528000, "interestIncome": 234000, "interestExpense": 5606000, "depreciationAndAmortization": 11601000, "ebitda": 98366000, "ebitdaratio": 0.3484535571, "operatingIncome": 86765000, "operatingIncomeRatio": 0.3073579579, "totalOtherIncomeExpensesNet": -5319000, "incomeBeforeTax": 81446000, "incomeBeforeTaxRatio": 0.2885158328, "incomeTaxExpense": 24034000, "netIncome": 57412000, "netIncomeRatio": 0.203377342, "eps": 0.0575, "epsdiluted": 0.055, "weightedAverageShsOut": 997944000, "weightedAverageShsOutDil": 1041640000, "link": "https://www.sec.gov/Archives/edgar/data/900075/000162828015007286/0001628280-15-007286-index.htm", "finalLink": "https://www.sec.gov/Archives/edgar/data/900075/000162828015007286/cprt07312015-10k.htm"}, {"date": "2015-04-30", "symbol": "CPRT", "reportedCurrency": "USD", "cik": "0000900075", "fillingDate": "2015-05-28", "acceptedDate": "2015-05-28 17:27:07", "calendarYear": "2015", "period": "Q3", "revenue": 297142000, "costOfRevenue": 169725000, "grossProfit": 127417000, "grossProfitRatio": 0.4288084485, "researchAndDevelopmentExpenses": 0, "generalAndAdministrativeExpenses": 32650000, "sellingAndMarketingExpenses": 0, "sellingGeneralAndAdministrativeExpenses": 32650000, "otherExpenses": 0, "operatingExpenses": 32650000, "costAndExpenses": 202375000, "interestIncome": 261000, "interestExpense": 5917000, "depreciationAndAmortization": 12212000, "ebitda": 106425000, "ebitdaratio": 0.3581620909, "operatingIncome": 94767000, "operatingIncomeRatio": 0.3189283238, "totalOtherIncomeExpensesNet": -6471000, "incomeBeforeTax": 88296000, "incomeBeforeTaxRatio": 0.2971508572, "incomeTaxExpense": 30733000, "netIncome": 57563000, "netIncomeRatio": 0.1937221934, "eps": 0.0575, "epsdiluted": 0.055, "weightedAverageShsOut": 1011320000, "weightedAverageShsOutDil": 1056992000, "link": "https://www.sec.gov/Archives/edgar/data/900075/000114544315000751/0001145443-15-000751-index.htm", "finalLink": "https://www.sec.gov/Archives/edgar/data/900075/000114544315000751/d32436_10q.htm"}, {"date": "2015-01-31", "symbol": "CPRT", "reportedCurrency": "USD", "cik": "0000900075", "fillingDate": "2015-03-04", "acceptedDate": "2015-03-03 20:55:56", "calendarYear": "2015", "period": "Q2", "revenue": 276258000, "costOfRevenue": 161391000, "grossProfit": 114867000, "grossProfitRatio": 0.4157961036, "researchAndDevelopmentExpenses": 0, "generalAndAdministrativeExpenses": 34399000, "sellingAndMarketingExpenses": 0, "sellingGeneralAndAdministrativeExpenses": 34399000, "otherExpenses": 0, "operatingExpenses": 34399000, "costAndExpenses": 195790000, "interestIncome": 183000, "interestExpense": 4688000, "depreciationAndAmortization": 11400000, "ebitda": 96192000, "ebitdaratio": 0.3481962513, "operatingIncome": 80468000, "operatingIncomeRatio": 0.2912784426, "totalOtherIncomeExpensesNet": -364000, "incomeBeforeTax": 80104000, "incomeBeforeTaxRatio": 0.2899608337, "incomeTaxExpense": 27911000, "netIncome": 52193000, "netIncomeRatio": 0.1889284654, "eps": 0.0513, "epsdiluted": 0.05, "weightedAverageShsOut": 1010400000, "weightedAverageShsOutDil": 1054976000, "link": "https://www.sec.gov/Archives/edgar/data/900075/000121390015001536/0001213900-15-001536-index.htm", "finalLink": "https://www.sec.gov/Archives/edgar/data/900075/000121390015001536/d32162.htm"}, {"date": "2014-10-31", "symbol": "CPRT", "reportedCurrency": "USD", "cik": "0000900075", "fillingDate": "2014-11-26", "acceptedDate": "2014-11-26 15:10:20", "calendarYear": "2015", "period": "Q1", "revenue": 290386000, "costOfRevenue": 168078000, "grossProfit": 122308000, "grossProfitRatio": 0.4211911043, "researchAndDevelopmentExpenses": 0, "generalAndAdministrativeExpenses": 39907000, "sellingAndMarketingExpenses": 0, "sellingGeneralAndAdministrativeExpenses": 39907000, "otherExpenses": 0, "operatingExpenses": 39907000, "costAndExpenses": 207985000, "interestIncome": 139000, "interestExpense": 1910000, "depreciationAndAmortization": 13967000, "ebitda": 98100000, "ebitdaratio": 0.3378262037, "operatingIncome": 82401000, "operatingIncomeRatio": 0.2837636801, "totalOtherIncomeExpensesNet": -178000, "incomeBeforeTax": 82223000, "incomeBeforeTaxRatio": 0.2831507029, "incomeTaxExpense": 29608000, "netIncome": 52615000, "netIncomeRatio": 0.1811898645, "eps": 0.0525, "epsdiluted": 0.05, "weightedAverageShsOut": 1009736000, "weightedAverageShsOutDil": 1052136000, "link": "https://www.sec.gov/Archives/edgar/data/900075/000114544314001435/0001145443-14-001435-index.htm", "finalLink": "https://www.sec.gov/Archives/edgar/data/900075/000114544314001435/d31871.htm"}, {"date": "2014-07-31", "symbol": "CPRT", "reportedCurrency": "USD", "cik": "0000900075", "fillingDate": "2014-09-29", "acceptedDate": "2014-09-29 17:23:28", "calendarYear": "2014", "period": "Q4", "revenue": 287450000, "costOfRevenue": 170511000, "grossProfit": 116939000, "grossProfitRatio": 0.4068150983, "researchAndDevelopmentExpenses": 0, "generalAndAdministrativeExpenses": 41081000, "sellingAndMarketingExpenses": 0, "sellingGeneralAndAdministrativeExpenses": 41081000, "otherExpenses": 0, "operatingExpenses": 41081000, "costAndExpenses": 211592000, "interestIncome": 118000, "interestExpense": 2169000, "depreciationAndAmortization": 13572000, "ebitda": 89430000, "ebitdaratio": 0.3111149765, "operatingIncome": 75858000, "operatingIncomeRatio": 0.2638998087, "totalOtherIncomeExpensesNet": -1974000, "incomeBeforeTax": 73884000, "incomeBeforeTaxRatio": 0.2570325274, "incomeTaxExpense": 22841000, "netIncome": 51043000, "netIncomeRatio": 0.1775717516, "eps": 0.0513, "epsdiluted": 0.0488, "weightedAverageShsOut": 1007672000, "weightedAverageShsOutDil": 1053032000, "link": "https://www.sec.gov/Archives/edgar/data/900075/000114544314001196/0001145443-14-001196-index.htm", "finalLink": "https://www.sec.gov/Archives/edgar/data/900075/000114544314001196/d31671.htm"}, {"date": "2014-04-30", "symbol": "CPRT", "reportedCurrency": "USD", "cik": "0000900075", "fillingDate": "2014-06-09", "acceptedDate": "2014-06-09 17:17:40", "calendarYear": "2014", "period": "Q3", "revenue": 309722000, "costOfRevenue": 177470000, "grossProfit": 132252000, "grossProfitRatio": 0.4270022795, "researchAndDevelopmentExpenses": 0, "generalAndAdministrativeExpenses": 40515000, "sellingAndMarketingExpenses": 0, "sellingGeneralAndAdministrativeExpenses": 40515000, "otherExpenses": 29104000, "operatingExpenses": 69619000, "costAndExpenses": 217985000, "interestIncome": 81000, "interestExpense": 2104000, "depreciationAndAmortization": 12769000, "ebitda": 104506000, "ebitdaratio": 0.3374187174, "operatingIncome": 62633000, "operatingIncomeRatio": 0.2022232841, "totalOtherIncomeExpensesNet": -1315000, "incomeBeforeTax": 61318000, "incomeBeforeTaxRatio": 0.1979775411, "incomeTaxExpense": 20441000, "netIncome": 40877000, "netIncomeRatio": 0.1319796463, "eps": 0.04, "epsdiluted": 0.0388, "weightedAverageShsOut": 1006352000, "weightedAverageShsOutDil": 1051888000, "link": "https://www.sec.gov/Archives/edgar/data/900075/000114544314000869/0001145443-14-000869-index.htm", "finalLink": "https://www.sec.gov/Archives/edgar/data/900075/000114544314000869/d31292.htm"}, {"date": "2014-01-31", "symbol": "CPRT", "reportedCurrency": "USD", "cik": "0000900075", "fillingDate": "2014-03-05", "acceptedDate": "2014-03-05 17:28:10", "calendarYear": "2014", "period": "Q2", "revenue": 286434000, "costOfRevenue": 174888000, "grossProfit": 111546000, "grossProfitRatio": 0.3894300258, "researchAndDevelopmentExpenses": 0, "generalAndAdministrativeExpenses": 40062000, "sellingAndMarketingExpenses": 0, "sellingGeneralAndAdministrativeExpenses": 40062000, "otherExpenses": 0, "operatingExpenses": 40062000, "costAndExpenses": 214950000, "interestIncome": 143000, "interestExpense": 2209000, "depreciationAndAmortization": 13076000, "ebitda": 84560000, "ebitdaratio": 0.29521635, "operatingIncome": 71484000, "operatingIncomeRatio": 0.2495653449, "totalOtherIncomeExpensesNet": -896000, "incomeBeforeTax": 70588000, "incomeBeforeTaxRatio": 0.2464372246, "incomeTaxExpense": 25243000, "netIncome": 45345000, "netIncomeRatio": 0.1583087203, "eps": 0.045, "epsdiluted": 0.0438, "weightedAverageShsOut": 1004512000, "weightedAverageShsOutDil": 1048808000, "link": "https://www.sec.gov/Archives/edgar/data/900075/000114544314000288/0001145443-14-000288-index.htm", "finalLink": "https://www.sec.gov/Archives/edgar/data/900075/000114544314000288/d30982_10q.htm"}, {"date": "2013-10-31", "symbol": "CPRT", "reportedCurrency": "USD", "cik": "0000900075", "fillingDate": "2013-12-10", "acceptedDate": "2013-12-10 17:30:25", "calendarYear": "2014", "period": "Q1", "revenue": 279883000, "costOfRevenue": 172047000, "grossProfit": 107836000, "grossProfitRatio": 0.3852895674, "researchAndDevelopmentExpenses": 0, "generalAndAdministrativeExpenses": 42877000, "sellingAndMarketingExpenses": 0, "sellingGeneralAndAdministrativeExpenses": 42877000, "otherExpenses": 0, "operatingExpenses": 42877000, "costAndExpenses": 214924000, "interestIncome": 149000, "interestExpense": 2286000, "depreciationAndAmortization": 14504000, "ebitda": 79463000, "ebitdaratio": 0.2839150645, "operatingIncome": 64959000, "operatingIncomeRatio": 0.2320934105, "totalOtherIncomeExpensesNet": -714000, "incomeBeforeTax": 64245000, "incomeBeforeTaxRatio": 0.2295423445, "incomeTaxExpense": 22823000, "netIncome": 41422000, "netIncomeRatio": 0.1479975561, "eps": 0.0413, "epsdiluted": 0.04, "weightedAverageShsOut": 1003680000, "weightedAverageShsOutDil": 1045648000, "link": "https://www.sec.gov/Archives/edgar/data/900075/000114544313002257/0001145443-13-002257-index.htm", "finalLink": "https://www.sec.gov/Archives/edgar/data/900075/000114544313002257/d30731_10q.htm"}, {"date": "2013-07-31", "symbol": "CPRT", "reportedCurrency": "USD", "cik": "0000900075", "fillingDate": "2013-09-30", "acceptedDate": "2013-09-30 17:09:08", "calendarYear": "2013", "period": "Q4", "revenue": 263697000, "costOfRevenue": 160625000, "grossProfit": 103072000, "grossProfitRatio": 0.3908728579, "researchAndDevelopmentExpenses": 0, "generalAndAdministrativeExpenses": 40020000, "sellingAndMarketingExpenses": 0, "sellingGeneralAndAdministrativeExpenses": 40020000, "otherExpenses": 0, "operatingExpenses": 40020000, "costAndExpenses": 200645000, "interestIncome": 153000, "interestExpense": 2509000, "depreciationAndAmortization": 12180000, "ebitda": 101479000, "ebitdaratio": 0.3848318335, "operatingIncome": 63052000, "operatingIncomeRatio": 0.2391077638, "totalOtherIncomeExpensesNet": -890000, "incomeBeforeTax": 62162000, "incomeBeforeTaxRatio": 0.235732678, "incomeTaxExpense": 20858000, "netIncome": 41304000, "netIncomeRatio": 0.1566343189, "eps": 0.0413, "epsdiluted": 0.04, "weightedAverageShsOut": 1003040000, "weightedAverageShsOutDil": 1044904000, "link": "https://www.sec.gov/Archives/edgar/data/900075/000114544313001938/0001145443-13-001938-index.htm", "finalLink": "https://www.sec.gov/Archives/edgar/data/900075/000114544313001938/d30512.htm"}, {"date": "2013-04-30", "symbol": "CPRT", "reportedCurrency": "USD", "cik": "0000900075", "fillingDate": "2013-06-05", "acceptedDate": "2013-06-05 16:03:29", "calendarYear": "2013", "period": "Q3", "revenue": 277638000, "costOfRevenue": 162041000, "grossProfit": 115597000, "grossProfitRatio": 0.4163587117, "researchAndDevelopmentExpenses": 0, "generalAndAdministrativeExpenses": 32784000, "sellingAndMarketingExpenses": 0, "sellingGeneralAndAdministrativeExpenses": 32784000, "otherExpenses": 0, "operatingExpenses": 32784000, "costAndExpenses": 194825000, "interestIncome": 138000, "interestExpense": 2538000, "depreciationAndAmortization": 12797000, "ebitda": 101509000, "ebitdaratio": 0.3656163782, "operatingIncome": 82813000, "operatingIncomeRatio": 0.2982768929, "totalOtherIncomeExpensesNet": -808000, "incomeBeforeTax": 82005000, "incomeBeforeTaxRatio": 0.2953666285, "incomeTaxExpense": 28769000, "netIncome": 53236000, "netIncomeRatio": 0.1917460866, "eps": 0.0525, "epsdiluted": 0.0513, "weightedAverageShsOut": 1002160000, "weightedAverageShsOutDil": 1044240000, "link": "https://www.sec.gov/Archives/edgar/data/900075/000114544313001371/0001145443-13-001371-index.htm", "finalLink": "https://www.sec.gov/Archives/edgar/data/900075/000114544313001371/d30311.htm"}, {"date": "2013-01-31", "symbol": "CPRT", "reportedCurrency": "USD", "cik": "0000900075", "fillingDate": "2013-03-12", "acceptedDate": "2013-03-12 16:05:38", "calendarYear": "2013", "period": "Q2", "revenue": 266185000, "costOfRevenue": 169368000, "grossProfit": 96817000, "grossProfitRatio": 0.3637207206, "researchAndDevelopmentExpenses": 0, "generalAndAdministrativeExpenses": 34047000, "sellingAndMarketingExpenses": 0, "sellingGeneralAndAdministrativeExpenses": 34047000, "otherExpenses": 0, "operatingExpenses": 34047000, "costAndExpenses": 203415000, "interestIncome": 191000, "interestExpense": 2588000, "depreciationAndAmortization": 12612000, "ebitda": 96437000, "ebitdaratio": 0.362293142, "operatingIncome": 62770000, "operatingIncomeRatio": 0.235813438, "totalOtherIncomeExpensesNet": -1653000, "incomeBeforeTax": 61117000, "incomeBeforeTaxRatio": 0.2296034713, "incomeTaxExpense": 21477000, "netIncome": 39640000, "netIncomeRatio": 0.1489189849, "eps": 0.04, "epsdiluted": 0.0388, "weightedAverageShsOut": 997672000, "weightedAverageShsOutDil": 1036160000, "link": "https://www.sec.gov/Archives/edgar/data/900075/000114544313000805/0001145443-13-000805-index.htm", "finalLink": "https://www.sec.gov/Archives/edgar/data/900075/000114544313000805/d30108_10q.htm"}, {"date": "2012-10-31", "symbol": "CPRT", "reportedCurrency": "USD", "cik": "0000900075", "fillingDate": "2012-12-07", "acceptedDate": "2012-12-07 16:07:07", "calendarYear": "2013", "period": "Q1", "revenue": 238866000, "costOfRevenue": 133430000, "grossProfit": 105436000, "grossProfitRatio": 0.4414022925, "researchAndDevelopmentExpenses": 0, "generalAndAdministrativeExpenses": 31079000, "sellingAndMarketingExpenses": 0, "sellingGeneralAndAdministrativeExpenses": 31079000, "otherExpenses": 0, "operatingExpenses": 31079000, "costAndExpenses": 164509000, "interestIncome": 156000, "interestExpense": 2632000, "depreciationAndAmortization": 12702000, "ebitda": 87059000, "ebitdaratio": 0.3644679444, "operatingIncome": 74357000, "operatingIncomeRatio": 0.3112916866, "totalOtherIncomeExpensesNet": -2769000, "incomeBeforeTax": 71588000, "incomeBeforeTaxRatio": 0.2996994131, "incomeTaxExpense": 25743000, "netIncome": 45845000, "netIncomeRatio": 0.1919276917, "eps": 0.0463, "epsdiluted": 0.045, "weightedAverageShsOut": 994416000, "weightedAverageShsOutDil": 1027784000, "link": "https://www.sec.gov/Archives/edgar/data/900075/000114544312001396/0001145443-12-001396-index.htm", "finalLink": "https://www.sec.gov/Archives/edgar/data/900075/000114544312001396/d29866_10q.htm"}, {"date": "2012-07-31", "symbol": "CPRT", "reportedCurrency": "USD", "cik": "0000900075", "fillingDate": "2012-10-01", "acceptedDate": "2012-10-01 14:44:35", "calendarYear": "2012", "period": "Q4", "revenue": 226556000, "costOfRevenue": 127130000, "grossProfit": 99426000, "grossProfitRatio": 0.4388583838, "researchAndDevelopmentExpenses": 0, "generalAndAdministrativeExpenses": 29932000, "sellingAndMarketingExpenses": 0, "sellingGeneralAndAdministrativeExpenses": 29932000, "otherExpenses": 0, "operatingExpenses": 29932000, "costAndExpenses": 157062000, "interestIncome": 98000, "interestExpense": 3113000, "depreciationAndAmortization": 11851000, "ebitda": 82442000, "ebitdaratio": 0.363892371, "operatingIncome": 69494000, "operatingIncomeRatio": 0.3067409382, "totalOtherIncomeExpensesNet": -2016000, "incomeBeforeTax": 67478000, "incomeBeforeTaxRatio": 0.297842476, "incomeTaxExpense": 22582000, "netIncome": 44896000, "netIncomeRatio": 0.1981673405, "eps": 0.045, "epsdiluted": 0.0438, "weightedAverageShsOut": 1008896000, "weightedAverageShsOutDil": 1038824000, "link": "https://www.sec.gov/Archives/edgar/data/900075/000114544312001120/0001145443-12-001120-index.htm", "finalLink": "https://www.sec.gov/Archives/edgar/data/900075/000114544312001120/d29549.htm"}, {"date": "2012-04-30", "symbol": "CPRT", "reportedCurrency": "USD", "cik": "0000900075", "fillingDate": "2012-06-11", "acceptedDate": "2012-06-11 15:03:25", "calendarYear": "2012", "period": "Q3", "revenue": 244105000, "costOfRevenue": 128836000, "grossProfit": 115269000, "grossProfitRatio": 0.472210729, "researchAndDevelopmentExpenses": 0, "generalAndAdministrativeExpenses": 27325000, "sellingAndMarketingExpenses": 0, "sellingGeneralAndAdministrativeExpenses": 27325000, "otherExpenses": 0, "operatingExpenses": 27325000, "costAndExpenses": 156161000, "interestIncome": 78000, "interestExpense": 3008000, "depreciationAndAmortization": 11680000, "ebitda": 99624000, "ebitdaratio": 0.4081194568, "operatingIncome": 87944000, "operatingIncomeRatio": 0.3602711948, "totalOtherIncomeExpensesNet": -3397000, "incomeBeforeTax": 84547000, "incomeBeforeTaxRatio": 0.3463550521, "incomeTaxExpense": 29076000, "netIncome": 55471000, "netIncomeRatio": 0.2272423752, "eps": 0.055, "epsdiluted": 0.0538, "weightedAverageShsOut": 1012768000, "weightedAverageShsOutDil": 1043608000, "link": "https://www.sec.gov/Archives/edgar/data/900075/000114544312000801/0001145443-12-000801-index.htm", "finalLink": "https://www.sec.gov/Archives/edgar/data/900075/000114544312000801/d29391_10q.htm"}, {"date": "2012-01-31", "symbol": "CPRT", "reportedCurrency": "USD", "cik": "0000900075", "fillingDate": "2012-03-09", "acceptedDate": "2012-03-09 17:07:33", "calendarYear": "2012", "period": "Q2", "revenue": 227904000, "costOfRevenue": 128208000, "grossProfit": 99696000, "grossProfitRatio": 0.4374473463, "researchAndDevelopmentExpenses": 0, "generalAndAdministrativeExpenses": 27386000, "sellingAndMarketingExpenses": 0, "sellingGeneralAndAdministrativeExpenses": 27386000, "otherExpenses": 0, "operatingExpenses": 27386000, "costAndExpenses": 155594000, "interestIncome": 119000, "interestExpense": 3033000, "depreciationAndAmortization": 12220000, "ebitda": 77469000, "ebitdaratio": 0.3399194398, "operatingIncome": 63539000, "operatingIncomeRatio": 0.2787972129, "totalOtherIncomeExpensesNet": -1323000, "incomeBeforeTax": 62216000, "incomeBeforeTaxRatio": 0.272992137, "incomeTaxExpense": 21613000, "netIncome": 40603000, "netIncomeRatio": 0.1781583474, "eps": 0.04, "epsdiluted": 0.0388, "weightedAverageShsOut": 1026448000, "weightedAverageShsOutDil": 1052720000, "link": "https://www.sec.gov/Archives/edgar/data/900075/000114544312000206/0001145443-12-000206-index.htm", "finalLink": "https://www.sec.gov/Archives/edgar/data/900075/000114544312000206/d28935_10q.htm"}, {"date": "2011-10-31", "symbol": "CPRT", "reportedCurrency": "USD", "cik": "0000900075", "fillingDate": "2011-12-12", "acceptedDate": "2011-12-12 13:13:06", "calendarYear": "2012", "period": "Q1", "revenue": 225626000, "costOfRevenue": 130401000, "grossProfit": 95225000, "grossProfitRatio": 0.4220479909, "researchAndDevelopmentExpenses": 0, "generalAndAdministrativeExpenses": 29849000, "sellingAndMarketingExpenses": 0, "sellingGeneralAndAdministrativeExpenses": 29849000, "otherExpenses": 0, "operatingExpenses": 29849000, "costAndExpenses": 160250000, "interestIncome": 62000, "interestExpense": 2187000, "depreciationAndAmortization": 12027000, "ebitda": 78029000, "ebitdaratio": 0.3458333703, "operatingIncome": 65376000, "operatingIncomeRatio": 0.2897538404, "totalOtherIncomeExpensesNet": -1561000, "incomeBeforeTax": 63815000, "incomeBeforeTaxRatio": 0.2828353115, "incomeTaxExpense": 22666000, "netIncome": 41149000, "netIncomeRatio": 0.182377031, "eps": 0.0388, "epsdiluted": 0.0388, "weightedAverageShsOut": 1051456000, "weightedAverageShsOutDil": 1070416000, "link": "https://www.sec.gov/Archives/edgar/data/900075/000114544311001231/0001145443-11-001231-index.htm", "finalLink": "https://www.sec.gov/Archives/edgar/data/900075/000114544311001231/d28860_10-q.htm"}, {"date": "2011-07-31", "symbol": "CPRT", "reportedCurrency": "USD", "cik": "0000900075", "fillingDate": "2011-09-28", "acceptedDate": "2011-09-27 21:14:34", "calendarYear": "2011", "period": "Q4", "revenue": 215442000, "costOfRevenue": 125856000, "grossProfit": 89586000, "grossProfitRatio": 0.4158242125, "researchAndDevelopmentExpenses": 0, "generalAndAdministrativeExpenses": 26131000, "sellingAndMarketingExpenses": 0, "sellingGeneralAndAdministrativeExpenses": 26131000, "otherExpenses": 0, "operatingExpenses": 26131000, "costAndExpenses": 151987000, "interestIncome": 120000, "interestExpense": 1813000, "depreciationAndAmortization": 11331000, "ebitda": 75788000, "ebitdaratio": 0.3517791331, "operatingIncome": 63455000, "operatingIncomeRatio": 0.2945340277, "totalOtherIncomeExpensesNet": -811000, "incomeBeforeTax": 62644000, "incomeBeforeTaxRatio": 0.2907696735, "incomeTaxExpense": 22123000, "netIncome": 40521000, "netIncomeRatio": 0.1880831036, "eps": 0.0375, "epsdiluted": 0.0369, "weightedAverageShsOut": 1081840000, "weightedAverageShsOutDil": 1105856000, "link": "https://www.sec.gov/Archives/edgar/data/900075/000114544311000951/0001145443-11-000951-index.htm", "finalLink": "https://www.sec.gov/Archives/edgar/data/900075/000114544311000951/d27786.htm"}, {"date": "2011-04-30", "symbol": "CPRT", "reportedCurrency": "USD", "cik": "0000900075", "fillingDate": "2011-06-09", "acceptedDate": "2011-06-08 21:08:37", "calendarYear": "2011", "period": "Q3", "revenue": 236755000, "costOfRevenue": 127848000, "grossProfit": 108907000, "grossProfitRatio": 0.4599987329, "researchAndDevelopmentExpenses": 0, "generalAndAdministrativeExpenses": 26863000, "sellingAndMarketingExpenses": 0, "sellingGeneralAndAdministrativeExpenses": 26863000, "otherExpenses": 0, "operatingExpenses": 26863000, "costAndExpenses": 154711000, "interestIncome": 159000, "interestExpense": 1832000, "depreciationAndAmortization": 11412000, "ebitda": 93456000, "ebitdaratio": 0.3947371756, "operatingIncome": 82044000, "operatingIncomeRatio": 0.346535448, "totalOtherIncomeExpensesNet": -1694000, "incomeBeforeTax": 80350000, "incomeBeforeTaxRatio": 0.3393803721, "incomeTaxExpense": 30214000, "netIncome": 50136000, "netIncomeRatio": 0.2117632151, "eps": 0.045, "epsdiluted": 0.0438, "weightedAverageShsOut": 1116904000, "weightedAverageShsOutDil": 1136520000, "link": "https://www.sec.gov/Archives/edgar/data/900075/000114544311000569/0001145443-11-000569-index.htm", "finalLink": "https://www.sec.gov/Archives/edgar/data/900075/000114544311000569/d27990_10-q.htm"}, {"date": "2011-01-31", "symbol": "CPRT", "reportedCurrency": "USD", "cik": "0000900075", "fillingDate": "2011-03-07", "acceptedDate": "2011-03-04 21:09:56", "calendarYear": "2011", "period": "Q2", "revenue": 207380000, "costOfRevenue": 121475000, "grossProfit": 85905000, "grossProfitRatio": 0.4142395602, "researchAndDevelopmentExpenses": 0, "generalAndAdministrativeExpenses": 25710000, "sellingAndMarketingExpenses": 0, "sellingGeneralAndAdministrativeExpenses": 25710000, "otherExpenses": 0, "operatingExpenses": 25710000, "costAndExpenses": 147185000, "interestIncome": 133000, "interestExpense": 417000, "depreciationAndAmortization": 11367000, "ebitda": 72501000, "ebitdaratio": 0.3496045906, "operatingIncome": 60195000, "operatingIncomeRatio": 0.2902642492, "totalOtherIncomeExpensesNet": 522000, "incomeBeforeTax": 60717000, "incomeBeforeTaxRatio": 0.2927813675, "incomeTaxExpense": 22824000, "netIncome": 37893000, "netIncomeRatio": 0.1827225383, "eps": 0.0294, "epsdiluted": 0.0288, "weightedAverageShsOut": 1299840000, "weightedAverageShsOutDil": 1311280000, "link": "https://www.sec.gov/Archives/edgar/data/900075/000114544311000288/0001145443-11-000288-index.htm", "finalLink": "https://www.sec.gov/Archives/edgar/data/900075/000114544311000288/d27785_10q.htm"}, {"date": "2010-10-31", "symbol": "CPRT", "reportedCurrency": "USD", "cik": "0000900075", "fillingDate": "2010-12-03", "acceptedDate": "2010-12-03 17:10:27", "calendarYear": "2011", "period": "Q1", "revenue": 212667000, "costOfRevenue": 123813000, "grossProfit": 88854000, "grossProfitRatio": 0.4178081226, "researchAndDevelopmentExpenses": 0, "generalAndAdministrativeExpenses": 29260000, "sellingAndMarketingExpenses": 0, "sellingGeneralAndAdministrativeExpenses": 29260000, "otherExpenses": 0, "operatingExpenses": 29260000, "costAndExpenses": 153073000, "interestIncome": 80000, "interestExpense": 15000, "depreciationAndAmortization": 11722000, "ebitda": 71900000, "ebitdaratio": 0.3380872444, "operatingIncome": 59594000, "operatingIncomeRatio": 0.2802221313, "totalOtherIncomeExpensesNet": 569000, "incomeBeforeTax": 60163000, "incomeBeforeTaxRatio": 0.2828976757, "incomeTaxExpense": 22340000, "netIncome": 37823000, "netIncomeRatio": 0.1778508184, "eps": 0.0281, "epsdiluted": 0.0281, "weightedAverageShsOut": 1339920000, "weightedAverageShsOutDil": 1350496000, "link": "https://www.sec.gov/Archives/edgar/data/900075/000114544310002795/0001145443-10-002795-index.htm", "finalLink": "https://www.sec.gov/Archives/edgar/data/900075/000114544310002795/d27474_10-q.htm"}, {"date": "2010-07-31", "symbol": "CPRT", "reportedCurrency": "USD", "cik": "0000900075", "fillingDate": "2010-09-23", "acceptedDate": "2010-09-23 13:20:46", "calendarYear": "2010", "period": "Q4", "revenue": 190468000, "costOfRevenue": 104244000, "grossProfit": 86224000, "grossProfitRatio": 0.4526954659, "researchAndDevelopmentExpenses": 0, "generalAndAdministrativeExpenses": 29004000, "sellingAndMarketingExpenses": 0, "sellingGeneralAndAdministrativeExpenses": 29004000, "otherExpenses": 0, "operatingExpenses": 29004000, "costAndExpenses": 133248000, "interestIncome": 45000, "interestExpense": 15000, "depreciationAndAmortization": 11151000, "ebitda": 68852000, "ebitdaratio": 0.361488544, "operatingIncome": 57220000, "operatingIncomeRatio": 0.300417918, "totalOtherIncomeExpensesNet": 466000, "incomeBeforeTax": 57686000, "incomeBeforeTaxRatio": 0.3028645232, "incomeTaxExpense": 21453000, "netIncome": 36233000, "netIncomeRatio": 0.19023143, "eps": 0.0269, "epsdiluted": 0.0263, "weightedAverageShsOut": 1348560000, "weightedAverageShsOutDil": 1361440000, "link": "https://www.sec.gov/Archives/edgar/data/900075/000104746910008242/0001047469-10-008242-index.htm", "finalLink": "https://www.sec.gov/Archives/edgar/data/900075/000104746910008242/a2200235z10-k.htm"}]