[{"date": "2025-06-28", "symbol": "LSCC", "reportedCurrency": "USD", "cik": "0000855658", "fillingDate": "2025-08-04", "acceptedDate": "2025-08-04 16:22:00", "calendarYear": "2025", "period": "Q2", "revenue": 123971000, "costOfRevenue": 39220000, "grossProfit": 84751000, "grossProfitRatio": 0.683635689, "researchAndDevelopmentExpenses": 43530000, "generalAndAdministrativeExpenses": 0, "sellingAndMarketingExpenses": 0, "sellingGeneralAndAdministrativeExpenses": 34811000, "otherExpenses": 0, "operatingExpenses": 78341000, "costAndExpenses": 117561000, "interestIncome": 0, "interestExpense": 614000, "depreciationAndAmortization": 10590000, "ebitda": 15672000, "ebitdaratio": 0.126416662, "operatingIncome": 4706000, "operatingIncomeRatio": 0.0379604908, "totalOtherIncomeExpensesNet": 376000, "incomeBeforeTax": 5082000, "incomeBeforeTaxRatio": 0.0409934581, "incomeTaxExpense": 2169000, "netIncome": 2913000, "netIncomeRatio": 0.0234974309, "eps": 0.0213, "epsdiluted": 0.0212, "weightedAverageShsOut": 137112000, "weightedAverageShsOutDil": 137596000, "link": "https://www.sec.gov/Archives/edgar/data/855658/000143774925024620/0001437749-25-024620-index.htm", "finalLink": "https://www.sec.gov/Archives/edgar/data/855658/000143774925024620/lscc20250628_10q.htm"}, {"date": "2025-03-29", "symbol": "LSCC", "reportedCurrency": "USD", "cik": "0000855658", "fillingDate": "2025-05-05", "acceptedDate": "2025-05-05 16:14:52", "calendarYear": "2025", "period": "Q1", "revenue": 120150000, "costOfRevenue": 38422000, "grossProfit": 81728000, "grossProfitRatio": 0.6802163962, "researchAndDevelopmentExpenses": 41387000, "generalAndAdministrativeExpenses": 0, "sellingAndMarketingExpenses": 0, "sellingGeneralAndAdministrativeExpenses": 33126000, "otherExpenses": 0, "operatingExpenses": 74513000, "costAndExpenses": 112935000, "interestIncome": 1052000, "interestExpense": 0, "depreciationAndAmortization": -2059000, "ebitda": 6974000, "ebitdaratio": 0.0580441115, "operatingIncome": 6974000, "operatingIncomeRatio": 0.0580441115, "totalOtherIncomeExpensesNet": 1007000, "incomeBeforeTax": 7981000, "incomeBeforeTaxRatio": 0.0664253017, "incomeTaxExpense": 2959000, "netIncome": 5022000, "netIncomeRatio": 0.0417977528, "eps": 0.0365, "epsdiluted": 0.0363, "weightedAverageShsOut": 137686000, "weightedAverageShsOutDil": 138317000, "link": "https://www.sec.gov/Archives/edgar/data/855658/000143774925014540/0001437749-25-014540-index.htm", "finalLink": "https://www.sec.gov/Archives/edgar/data/855658/000143774925014540/lscc20250329_10q.htm"}, {"date": "2024-12-28", "symbol": "LSCC", "reportedCurrency": "USD", "cik": "0000855658", "fillingDate": "2025-02-14", "acceptedDate": "2025-02-14 16:01:34", "calendarYear": "2024", "period": "Q4", "revenue": 117419000, "costOfRevenue": 45666000, "grossProfit": 71753000, "grossProfitRatio": 0.6110850884, "researchAndDevelopmentExpenses": 38174000, "generalAndAdministrativeExpenses": 0, "sellingAndMarketingExpenses": 0, "sellingGeneralAndAdministrativeExpenses": 45607000, "otherExpenses": 181000, "operatingExpenses": 83962000, "costAndExpenses": 129628000, "interestIncome": 838000, "interestExpense": 66000, "depreciationAndAmortization": 12172000, "ebitda": 15001000, "ebitdaratio": 0.1277561553, "operatingIncome": -12209000, "operatingIncomeRatio": -0.1039780615, "totalOtherIncomeExpensesNet": -1363000, "incomeBeforeTax": -13572000, "incomeBeforeTaxRatio": -0.1155860636, "incomeTaxExpense": -30086000, "netIncome": 16514000, "netIncomeRatio": 0.1406416338, "eps": 0.12, "epsdiluted": 0.12, "weightedAverageShsOut": 137623000, "weightedAverageShsOutDil": 138322000, "link": "https://www.sec.gov/Archives/edgar/data/855658/000143774925003987/0001437749-25-003987-index.htm", "finalLink": "https://www.sec.gov/Archives/edgar/data/855658/000143774925003987/lscc20241228_10k.htm"}, {"date": "2024-09-28", "symbol": "LSCC", "reportedCurrency": "USD", "cik": "0000855658", "fillingDate": "2024-11-04", "acceptedDate": "2024-11-04 16:08:51", "calendarYear": "2024", "period": "Q3", "revenue": 127091000, "costOfRevenue": 39403000, "grossProfit": 87688000, "grossProfitRatio": 0.6899623105, "researchAndDevelopmentExpenses": 41398000, "generalAndAdministrativeExpenses": 0, "sellingAndMarketingExpenses": 0, "sellingGeneralAndAdministrativeExpenses": 30994000, "otherExpenses": 7769000, "operatingExpenses": 80161000, "costAndExpenses": 119564000, "interestIncome": 936000, "interestExpense": 0, "depreciationAndAmortization": 11898000, "ebitda": 26324000, "ebitdaratio": 0.2071271766, "operatingIncome": 7527000, "operatingIncomeRatio": 0.0592252795, "totalOtherIncomeExpensesNet": 687000, "incomeBeforeTax": 8214000, "incomeBeforeTaxRatio": 0.0646308551, "incomeTaxExpense": 1024000, "netIncome": 7190000, "netIncomeRatio": 0.0565736362, "eps": 0.0522, "epsdiluted": 0.0521, "weightedAverageShsOut": 137709000, "weightedAverageShsOutDil": 137894000, "link": "https://www.sec.gov/Archives/edgar/data/855658/000143774924033136/0001437749-24-033136-index.htm", "finalLink": "https://www.sec.gov/Archives/edgar/data/855658/000143774924033136/lscc20240928_10q.htm"}, {"date": "2024-06-29", "symbol": "LSCC", "reportedCurrency": "USD", "cik": "0000855658", "fillingDate": "2024-07-30", "acceptedDate": "2024-07-30 17:03:35", "calendarYear": "2024", "period": "Q2", "revenue": 124076000, "costOfRevenue": 48581000, "grossProfit": 75495000, "grossProfitRatio": 0.6084577195, "researchAndDevelopmentExpenses": 38486000, "generalAndAdministrativeExpenses": 0, "sellingAndMarketingExpenses": 0, "sellingGeneralAndAdministrativeExpenses": 11865000, "otherExpenses": 254000, "operatingExpenses": 50351000, "costAndExpenses": 98932000, "interestIncome": 0, "interestExpense": 933000, "depreciationAndAmortization": 11203000, "ebitda": 34955000, "ebitdaratio": 0.2817224927, "operatingIncome": 25144000, "operatingIncomeRatio": 0.2026499887, "totalOtherIncomeExpensesNet": -1392000, "incomeBeforeTax": 23752000, "incomeBeforeTaxRatio": 0.1914310584, "incomeTaxExpense": 1121000, "netIncome": 22631000, "netIncomeRatio": 0.1823962733, "eps": 0.16, "epsdiluted": 0.16, "weightedAverageShsOut": 137548000, "weightedAverageShsOutDil": 138243000, "link": "https://www.sec.gov/Archives/edgar/data/855658/000143774924023930/0001437749-24-023930-index.htm", "finalLink": "https://www.sec.gov/Archives/edgar/data/855658/000143774924023930/lscc20240629_10q.htm"}, {"date": "2024-03-30", "symbol": "LSCC", "reportedCurrency": "USD", "cik": "0000855658", "fillingDate": "2024-04-30", "acceptedDate": "2024-04-30 16:05:24", "calendarYear": "2024", "period": "Q1", "revenue": 140815000, "costOfRevenue": 53736000, "grossProfit": 87079000, "grossProfitRatio": 0.6183929269, "researchAndDevelopmentExpenses": 40591000, "generalAndAdministrativeExpenses": 0, "sellingAndMarketingExpenses": 0, "sellingGeneralAndAdministrativeExpenses": 28476000, "otherExpenses": 266000, "operatingExpenses": 68801000, "costAndExpenses": 122537000, "interestIncome": 0, "interestExpense": 1307000, "depreciationAndAmortization": 10994000, "ebitda": 28829000, "ebitdaratio": 0.2047296098, "operatingIncome": 18278000, "operatingIncomeRatio": 0.1298015126, "totalOtherIncomeExpensesNet": -443000, "incomeBeforeTax": 17835000, "incomeBeforeTaxRatio": 0.126655541, "incomeTaxExpense": 3039000, "netIncome": 14796000, "netIncomeRatio": 0.1050740333, "eps": 0.11, "epsdiluted": 0.11, "weightedAverageShsOut": 137475000, "weightedAverageShsOutDil": 138774000, "link": "https://www.sec.gov/Archives/edgar/data/855658/000143774924013962/0001437749-24-013962-index.htm", "finalLink": "https://www.sec.gov/Archives/edgar/data/855658/000143774924013962/lscc20240330_10q.htm"}, {"date": "2023-12-30", "symbol": "LSCC", "reportedCurrency": "USD", "cik": "0000855658", "fillingDate": "2024-02-16", "acceptedDate": "2024-02-16 14:56:42", "calendarYear": "2023", "period": "Q4", "revenue": 170596000, "costOfRevenue": 60802000, "grossProfit": 109794000, "grossProfitRatio": 0.6435907055, "researchAndDevelopmentExpenses": 39531000, "generalAndAdministrativeExpenses": 0, "sellingAndMarketingExpenses": 0, "sellingGeneralAndAdministrativeExpenses": 26633000, "otherExpenses": 0, "operatingExpenses": 66164000, "costAndExpenses": 126966000, "interestIncome": 1519000, "interestExpense": 66000, "depreciationAndAmortization": 10895000, "ebitda": 54525000, "ebitdaratio": 0.3196147624, "operatingIncome": 43630000, "operatingIncomeRatio": 0.2557504279, "totalOtherIncomeExpensesNet": 1774000, "incomeBeforeTax": 45404000, "incomeBeforeTaxRatio": 0.2661492649, "incomeTaxExpense": -53302000, "netIncome": 98706000, "netIncomeRatio": 0.5785950433, "eps": 0.72, "epsdiluted": 0.71, "weightedAverageShsOut": 137686000, "weightedAverageShsOutDil": 139114000, "link": "https://www.sec.gov/Archives/edgar/data/855658/000143774924004522/0001437749-24-004522-index.htm", "finalLink": "https://www.sec.gov/Archives/edgar/data/855658/000143774924004522/lscc20231206_10k.htm"}, {"date": "2023-09-30", "symbol": "LSCC", "reportedCurrency": "USD", "cik": "0000855658", "fillingDate": "2023-10-31", "acceptedDate": "2023-10-31 16:52:33", "calendarYear": "2023", "period": "Q3", "revenue": 192169000, "costOfRevenue": 57608000, "grossProfit": 134561000, "grossProfitRatio": 0.7002222003, "researchAndDevelopmentExpenses": 42048000, "generalAndAdministrativeExpenses": 0, "sellingAndMarketingExpenses": 0, "sellingGeneralAndAdministrativeExpenses": 33217000, "otherExpenses": 14000, "operatingExpenses": 76135000, "costAndExpenses": 133743000, "interestIncome": 954000, "interestExpense": 0, "depreciationAndAmortization": 10406000, "ebitda": 68291000, "ebitdaratio": 0.3553694925, "operatingIncome": 56917000, "operatingIncomeRatio": 0.2961820065, "totalOtherIncomeExpensesNet": -541000, "incomeBeforeTax": 57885000, "incomeBeforeTaxRatio": 0.3012192393, "incomeTaxExpense": 4097000, "netIncome": 53788000, "netIncomeRatio": 0.2798994635, "eps": 0.39, "epsdiluted": 0.38, "weightedAverageShsOut": 137948000, "weightedAverageShsOutDil": 139828000, "link": "https://www.sec.gov/Archives/edgar/data/855658/000143774923029543/0001437749-23-029543-index.htm", "finalLink": "https://www.sec.gov/Archives/edgar/data/855658/000143774923029543/lscc20230930_10q.htm"}, {"date": "2023-07-01", "symbol": "LSCC", "reportedCurrency": "USD", "cik": "0000855658", "fillingDate": "2023-08-01", "acceptedDate": "2023-08-01 16:46:55", "calendarYear": "2023", "period": "Q2", "revenue": 190079000, "costOfRevenue": 57518000, "grossProfit": 132561000, "grossProfitRatio": 0.6973995023, "researchAndDevelopmentExpenses": 41946000, "generalAndAdministrativeExpenses": 0, "sellingAndMarketingExpenses": 0, "sellingGeneralAndAdministrativeExpenses": 36788000, "otherExpenses": -176000, "operatingExpenses": 79603000, "costAndExpenses": 137121000, "interestIncome": 189000, "interestExpense": 189000, "depreciationAndAmortization": 10148000, "ebitda": 63231000, "ebitdaratio": 0.3326564218, "operatingIncome": 53070000, "operatingIncomeRatio": 0.2791997012, "totalOtherIncomeExpensesNet": 13000, "incomeBeforeTax": 53083000, "incomeBeforeTaxRatio": 0.2792680938, "incomeTaxExpense": 2439000, "netIncome": 50644000, "netIncomeRatio": 0.2664365869, "eps": 0.37, "epsdiluted": 0.36, "weightedAverageShsOut": 137735000, "weightedAverageShsOutDil": 139768000, "link": "https://www.sec.gov/Archives/edgar/data/855658/000143774923021434/0001437749-23-021434-index.htm", "finalLink": "https://www.sec.gov/Archives/edgar/data/855658/000143774923021434/lscc20230701_10q.htm"}, {"date": "2023-04-01", "symbol": "LSCC", "reportedCurrency": "USD", "cik": "0000855658", "fillingDate": "2023-05-02", "acceptedDate": "2023-05-02 16:27:07", "calendarYear": "2023", "period": "Q1", "revenue": 184310000, "costOfRevenue": 55709000, "grossProfit": 128601000, "grossProfitRatio": 0.6977429331, "researchAndDevelopmentExpenses": 35989000, "generalAndAdministrativeExpenses": 0, "sellingAndMarketingExpenses": 0, "sellingGeneralAndAdministrativeExpenses": 32578000, "otherExpenses": 0, "operatingExpenses": 69562000, "costAndExpenses": 125271000, "interestIncome": 555000, "interestExpense": 0, "depreciationAndAmortization": 8090000, "ebitda": 67254000, "ebitdaratio": 0.364896099, "operatingIncome": 59164000, "operatingIncomeRatio": 0.3210026586, "totalOtherIncomeExpensesNet": -680000, "incomeBeforeTax": 58484000, "incomeBeforeTaxRatio": 0.3173132223, "incomeTaxExpense": 2561000, "netIncome": 55923000, "netIncomeRatio": 0.3034181542, "eps": 0.4, "epsdiluted": 0.4, "weightedAverageShsOut": 139807500, "weightedAverageShsOutDil": 140101000, "link": "https://www.sec.gov/Archives/edgar/data/855658/000143774923012101/0001437749-23-012101-index.htm", "finalLink": "https://www.sec.gov/Archives/edgar/data/855658/000143774923012101/lscc20230401_10q.htm"}, {"date": "2022-12-31", "symbol": "LSCC", "reportedCurrency": "USD", "cik": "0000855658", "fillingDate": "2023-02-17", "acceptedDate": "2023-02-17 16:20:13", "calendarYear": "2022", "period": "Q4", "revenue": 175960000, "costOfRevenue": 53894000, "grossProfit": 122066000, "grossProfitRatio": 0.6937144806, "researchAndDevelopmentExpenses": 34779000, "generalAndAdministrativeExpenses": 0, "sellingAndMarketingExpenses": 0, "sellingGeneralAndAdministrativeExpenses": 32355000, "otherExpenses": 870000, "operatingExpenses": 68004000, "costAndExpenses": 121898000, "interestIncome": 0, "interestExpense": 1280000, "depreciationAndAmortization": 9342000, "ebitda": 63334000, "ebitdaratio": 0.3599340759, "operatingIncome": 54016000, "operatingIncomeRatio": 0.3069788588, "totalOtherIncomeExpensesNet": -1304000, "incomeBeforeTax": 52712000, "incomeBeforeTaxRatio": 0.2995680837, "incomeTaxExpense": 799000, "netIncome": 51913000, "netIncomeRatio": 0.2950272789, "eps": 0.38, "epsdiluted": 0.37, "weightedAverageShsOut": 137095000, "weightedAverageShsOutDil": 139631000, "link": "https://www.sec.gov/Archives/edgar/data/855658/000143774923003778/0001437749-23-003778-index.htm", "finalLink": "https://www.sec.gov/Archives/edgar/data/855658/000143774923003778/lscc20221231_10k.htm"}, {"date": "2022-10-01", "symbol": "LSCC", "reportedCurrency": "USD", "cik": "0000855658", "fillingDate": "2022-11-01", "acceptedDate": "2022-11-01 16:08:34", "calendarYear": "2022", "period": "Q3", "revenue": 172509000, "costOfRevenue": 53777000, "grossProfit": 118732000, "grossProfitRatio": 0.6882655398, "researchAndDevelopmentExpenses": 34820000, "generalAndAdministrativeExpenses": 0, "sellingAndMarketingExpenses": 0, "sellingGeneralAndAdministrativeExpenses": 31926000, "otherExpenses": 869000, "operatingExpenses": 67615000, "costAndExpenses": 121392000, "interestIncome": 0, "interestExpense": 1267000, "depreciationAndAmortization": 8863000, "ebitda": 56845000, "ebitdaratio": 0.3295190396, "operatingIncome": 48802000, "operatingIncomeRatio": 0.2828953852, "totalOtherIncomeExpensesNet": -2087000, "incomeBeforeTax": 46715000, "incomeBeforeTaxRatio": 0.2707974656, "incomeTaxExpense": 356000, "netIncome": 46359000, "netIncomeRatio": 0.2687338052, "eps": 0.34, "epsdiluted": 0.33, "weightedAverageShsOut": 137267000, "weightedAverageShsOutDil": 139935000, "link": "https://www.sec.gov/Archives/edgar/data/855658/000143774922025369/0001437749-22-025369-index.htm", "finalLink": "https://www.sec.gov/Archives/edgar/data/855658/000143774922025369/lscc20221001_10q.htm"}, {"date": "2022-07-02", "symbol": "LSCC", "reportedCurrency": "USD", "cik": "0000855658", "fillingDate": "2022-08-02", "acceptedDate": "2022-08-02 16:07:08", "calendarYear": "2022", "period": "Q2", "revenue": 161372000, "costOfRevenue": 50887000, "grossProfit": 110485000, "grossProfitRatio": 0.684660288, "researchAndDevelopmentExpenses": 33613000, "generalAndAdministrativeExpenses": 0, "sellingAndMarketingExpenses": 0, "sellingGeneralAndAdministrativeExpenses": 29024000, "otherExpenses": 870000, "operatingExpenses": 63507000, "costAndExpenses": 114394000, "interestIncome": 0, "interestExpense": 891000, "depreciationAndAmortization": 8755000, "ebitda": 55298000, "ebitdaratio": 0.3426740699, "operatingIncome": 46786000, "operatingIncomeRatio": 0.2899263813, "totalOtherIncomeExpensesNet": -1134000, "incomeBeforeTax": 45652000, "incomeBeforeTaxRatio": 0.2828991399, "incomeTaxExpense": 1120000, "netIncome": 44532000, "netIncomeRatio": 0.2759586545, "eps": 0.32, "epsdiluted": 0.32, "weightedAverageShsOut": 137424000, "weightedAverageShsOutDil": 140170000, "link": "https://www.sec.gov/Archives/edgar/data/855658/000143774922018423/0001437749-22-018423-index.htm", "finalLink": "https://www.sec.gov/Archives/edgar/data/855658/000143774922018423/lscc20220702_10q.htm"}, {"date": "2022-04-02", "symbol": "LSCC", "reportedCurrency": "USD", "cik": "0000855658", "fillingDate": "2022-05-04", "acceptedDate": "2022-05-04 16:22:12", "calendarYear": "2022", "period": "Q1", "revenue": 150515000, "costOfRevenue": 49748000, "grossProfit": 100767000, "grossProfitRatio": 0.669481447, "researchAndDevelopmentExpenses": 32555000, "generalAndAdministrativeExpenses": 0, "sellingAndMarketingExpenses": 0, "sellingGeneralAndAdministrativeExpenses": 28771000, "otherExpenses": 1169000, "operatingExpenses": 62495000, "costAndExpenses": 112243000, "interestIncome": 0, "interestExpense": 708000, "depreciationAndAmortization": 8875000, "ebitda": 46616000, "ebitdaratio": 0.3097099957, "operatingIncome": 37763000, "operatingIncomeRatio": 0.2508919377, "totalOtherIncomeExpensesNet": -730000, "incomeBeforeTax": 37033000, "incomeBeforeTaxRatio": 0.2460419227, "incomeTaxExpense": 955000, "netIncome": 36078000, "netIncomeRatio": 0.2396970402, "eps": 0.26, "epsdiluted": 0.26, "weightedAverageShsOut": 137500000, "weightedAverageShsOutDil": 141281000, "link": "https://www.sec.gov/Archives/edgar/data/855658/000143774922010859/0001437749-22-010859-index.htm", "finalLink": "https://www.sec.gov/Archives/edgar/data/855658/000143774922010859/lscc20220402_10q.htm"}, {"date": "2022-01-01", "symbol": "LSCC", "reportedCurrency": "USD", "cik": "0000855658", "fillingDate": "2022-02-23", "acceptedDate": "2022-02-23 16:19:32", "calendarYear": "2021", "period": "Q4", "revenue": 141795000, "costOfRevenue": 50715000, "grossProfit": 91080000, "grossProfitRatio": 0.6423357664, "researchAndDevelopmentExpenses": 30229000, "generalAndAdministrativeExpenses": 0, "sellingAndMarketingExpenses": 0, "sellingGeneralAndAdministrativeExpenses": 28646000, "otherExpenses": -68000, "operatingExpenses": 59679000, "costAndExpenses": 110394000, "interestIncome": 0, "interestExpense": 657000, "depreciationAndAmortization": 8251000, "ebitda": 42945000, "ebitdaratio": 0.3028668148, "operatingIncome": 29836000, "operatingIncomeRatio": 0.2104164463, "totalOtherIncomeExpensesNet": -725000, "incomeBeforeTax": 29111000, "incomeBeforeTaxRatio": 0.205303431, "incomeTaxExpense": 579000, "netIncome": 28532000, "netIncomeRatio": 0.2012200712, "eps": 0.21, "epsdiluted": 0.2, "weightedAverageShsOut": 137048000, "weightedAverageShsOutDil": 141587000, "link": "https://www.sec.gov/Archives/edgar/data/855658/000143774922004190/0001437749-22-004190-index.htm", "finalLink": "https://www.sec.gov/Archives/edgar/data/855658/000143774922004190/lscc20220101_10k.htm"}, {"date": "2021-10-02", "symbol": "LSCC", "reportedCurrency": "USD", "cik": "0000855658", "fillingDate": "2021-11-03", "acceptedDate": "2021-11-03 16:10:17", "calendarYear": "2021", "period": "Q3", "revenue": 131911000, "costOfRevenue": 49086000, "grossProfit": 82825000, "grossProfitRatio": 0.6278854682, "researchAndDevelopmentExpenses": 28769000, "generalAndAdministrativeExpenses": 0, "sellingAndMarketingExpenses": 0, "sellingGeneralAndAdministrativeExpenses": 26272000, "otherExpenses": -87000, "operatingExpenses": 55644000, "costAndExpenses": 104730000, "interestIncome": 0, "interestExpense": 661000, "depreciationAndAmortization": 7715000, "ebitda": 34643000, "ebitdaratio": 0.262624042, "operatingIncome": 27015000, "operatingIncomeRatio": 0.2047971739, "totalOtherIncomeExpensesNet": -748000, "incomeBeforeTax": 26267000, "incomeBeforeTaxRatio": 0.1991266839, "incomeTaxExpense": -472000, "netIncome": 26739000, "netIncomeRatio": 0.202704854, "eps": 0.2, "epsdiluted": 0.19, "weightedAverageShsOut": 136638000, "weightedAverageShsOutDil": 141632000, "link": "https://www.sec.gov/Archives/edgar/data/855658/000143774921025092/0001437749-21-025092-index.htm", "finalLink": "https://www.sec.gov/Archives/edgar/data/855658/000143774921025092/lscc20211002_10q.htm"}, {"date": "2021-07-03", "symbol": "LSCC", "reportedCurrency": "USD", "cik": "0000855658", "fillingDate": "2021-08-04", "acceptedDate": "2021-08-04 16:17:54", "calendarYear": "2021", "period": "Q2", "revenue": 125905000, "costOfRevenue": 48721000, "grossProfit": 77184000, "grossProfitRatio": 0.6130336365, "researchAndDevelopmentExpenses": 27454000, "generalAndAdministrativeExpenses": 0, "sellingAndMarketingExpenses": 0, "sellingGeneralAndAdministrativeExpenses": 25607000, "otherExpenses": -135000, "operatingExpenses": 53664000, "costAndExpenses": 102385000, "interestIncome": 0, "interestExpense": 702000, "depreciationAndAmortization": 7521000, "ebitda": 30702000, "ebitdaratio": 0.2438505222, "operatingIncome": 23316000, "operatingIncomeRatio": 0.1851872444, "totalOtherIncomeExpensesNet": -837000, "incomeBeforeTax": 22479000, "incomeBeforeTaxRatio": 0.1785393749, "incomeTaxExpense": 641000, "netIncome": 21838000, "netIncomeRatio": 0.1734482348, "eps": 0.16, "epsdiluted": 0.15, "weightedAverageShsOut": 136388000, "weightedAverageShsOutDil": 141491000, "link": "https://www.sec.gov/Archives/edgar/data/855658/000143774921018525/0001437749-21-018525-index.htm", "finalLink": "https://www.sec.gov/Archives/edgar/data/855658/000143774921018525/lscc20210630_10q.htm"}, {"date": "2021-04-03", "symbol": "LSCC", "reportedCurrency": "USD", "cik": "0000855658", "fillingDate": "2021-05-06", "acceptedDate": "2021-05-06 15:19:13", "calendarYear": "2021", "period": "Q1", "revenue": 115716000, "costOfRevenue": 45130000, "grossProfit": 70586000, "grossProfitRatio": 0.6099934322, "researchAndDevelopmentExpenses": 24066000, "generalAndAdministrativeExpenses": 0, "sellingAndMarketingExpenses": 0, "sellingGeneralAndAdministrativeExpenses": 25092000, "otherExpenses": -162000, "operatingExpenses": 49761000, "costAndExpenses": 94891000, "interestIncome": 0, "interestExpense": 718000, "depreciationAndAmortization": 7529000, "ebitda": 28016000, "ebitdaratio": 0.2421099934, "operatingIncome": 20649000, "operatingIncomeRatio": 0.1784455045, "totalOtherIncomeExpensesNet": -880000, "incomeBeforeTax": 19769000, "incomeBeforeTaxRatio": 0.1708406789, "incomeTaxExpense": 956000, "netIncome": 18813000, "netIncomeRatio": 0.1625790729, "eps": 0.14, "epsdiluted": 0.13, "weightedAverageShsOut": 136401000, "weightedAverageShsOutDil": 141674000, "link": "https://www.sec.gov/Archives/edgar/data/855658/000143774921011112/0001437749-21-011112-index.htm", "finalLink": "https://www.sec.gov/Archives/edgar/data/855658/000143774921011112/lscc20210403_10q.htm"}, {"date": "2021-01-02", "symbol": "LSCC", "reportedCurrency": "USD", "cik": "0000855658", "fillingDate": "2021-02-26", "acceptedDate": "2021-02-26 15:34:18", "calendarYear": "2020", "period": "Q4", "revenue": 107173000, "costOfRevenue": 42312000, "grossProfit": 64861000, "grossProfitRatio": 0.6051990707, "researchAndDevelopmentExpenses": 22633000, "generalAndAdministrativeExpenses": 0, "sellingAndMarketingExpenses": 0, "sellingGeneralAndAdministrativeExpenses": 24534000, "otherExpenses": -125000, "operatingExpenses": 47770000, "costAndExpenses": 90082000, "interestIncome": 0, "interestExpense": 788000, "depreciationAndAmortization": 11837000, "ebitda": 24580000, "ebitdaratio": 0.2293488099, "operatingIncome": 17332000, "operatingIncomeRatio": 0.1617198362, "totalOtherIncomeExpensesNet": -913000, "incomeBeforeTax": 16419000, "incomeBeforeTaxRatio": 0.1532008995, "incomeTaxExpense": 430000, "netIncome": 15989000, "netIncomeRatio": 0.1491886949, "eps": 0.12, "epsdiluted": 0.11, "weightedAverageShsOut": 136104000, "weightedAverageShsOutDil": 141713000, "link": "https://www.sec.gov/Archives/edgar/data/855658/000143774921004238/0001437749-21-004238-index.htm", "finalLink": "https://www.sec.gov/Archives/edgar/data/855658/000143774921004238/lscc20201231b_10k.htm"}, {"date": "2020-09-26", "symbol": "LSCC", "reportedCurrency": "USD", "cik": "0000855658", "fillingDate": "2020-10-29", "acceptedDate": "2020-10-29 17:06:53", "calendarYear": "2020", "period": "Q3", "revenue": 103042000, "costOfRevenue": 40736000, "grossProfit": 62306000, "grossProfitRatio": 0.6046660585, "researchAndDevelopmentExpenses": 22439000, "generalAndAdministrativeExpenses": 0, "sellingAndMarketingExpenses": 0, "sellingGeneralAndAdministrativeExpenses": 23758000, "otherExpenses": -70000, "operatingExpenses": 46800000, "costAndExpenses": 87536000, "interestIncome": 0, "interestExpense": 792000, "depreciationAndAmortization": 2831000, "ebitda": 20039000, "ebitdaratio": 0.1944740979, "operatingIncome": 12814000, "operatingIncomeRatio": 0.1243570583, "totalOtherIncomeExpensesNet": -862000, "incomeBeforeTax": 11952000, "incomeBeforeTaxRatio": 0.1159915374, "incomeTaxExpense": -655000, "netIncome": 12607000, "netIncomeRatio": 0.1223481687, "eps": 0.09, "epsdiluted": 0.09, "weightedAverageShsOut": 135598000, "weightedAverageShsOutDil": 141524000, "link": "https://www.sec.gov/Archives/edgar/data/855658/000143774920022010/0001437749-20-022010-index.htm", "finalLink": "https://www.sec.gov/Archives/edgar/data/855658/000143774920022010/lscc20200930_10q.htm"}, {"date": "2020-06-27", "symbol": "LSCC", "reportedCurrency": "USD", "cik": "0000855658", "fillingDate": "2020-07-30", "acceptedDate": "2020-07-30 19:15:56", "calendarYear": "2020", "period": "Q2", "revenue": 100589000, "costOfRevenue": 40012000, "grossProfit": 60577000, "grossProfitRatio": 0.6022229071, "researchAndDevelopmentExpenses": 22458000, "generalAndAdministrativeExpenses": 0, "sellingAndMarketingExpenses": 0, "sellingGeneralAndAdministrativeExpenses": 24488000, "otherExpenses": 37000, "operatingExpenses": 47549000, "costAndExpenses": 87561000, "interestIncome": 0, "interestExpense": 1045000, "depreciationAndAmortization": 7145000, "ebitda": 19664000, "ebitdaratio": 0.1954885723, "operatingIncome": 12482000, "operatingIncomeRatio": 0.1240891151, "totalOtherIncomeExpensesNet": -1008000, "incomeBeforeTax": 11474000, "incomeBeforeTaxRatio": 0.1140681387, "incomeTaxExpense": 845000, "netIncome": 10629000, "netIncomeRatio": 0.1056676177, "eps": 0.08, "epsdiluted": 0.08, "weightedAverageShsOut": 134857000, "weightedAverageShsOutDil": 139202000, "link": "https://www.sec.gov/Archives/edgar/data/855658/000143774920016072/0001437749-20-016072-index.htm", "finalLink": "https://www.sec.gov/Archives/edgar/data/855658/000143774920016072/lscc20200627_10q.htm"}, {"date": "2020-03-28", "symbol": "LSCC", "reportedCurrency": "USD", "cik": "0000855658", "fillingDate": "2020-04-30", "acceptedDate": "2020-04-30 12:34:41", "calendarYear": "2020", "period": "Q1", "revenue": 97316000, "costOfRevenue": 39754000, "grossProfit": 57562000, "grossProfitRatio": 0.5914957458, "researchAndDevelopmentExpenses": 21693000, "generalAndAdministrativeExpenses": 0, "sellingAndMarketingExpenses": 0, "sellingGeneralAndAdministrativeExpenses": 22551000, "otherExpenses": -50000, "operatingExpenses": 46884000, "costAndExpenses": 86638000, "interestIncome": 0, "interestExpense": 1077000, "depreciationAndAmortization": 9287000, "ebitda": 18975000, "ebitdaratio": 0.1949833532, "operatingIncome": 9738000, "operatingIncomeRatio": 0.1000657651, "totalOtherIncomeExpensesNet": -1127000, "incomeBeforeTax": 8611000, "incomeBeforeTaxRatio": 0.0884849357, "incomeTaxExpense": 444000, "netIncome": 8167000, "netIncomeRatio": 0.0839224793, "eps": 0.06, "epsdiluted": 0.06, "weightedAverageShsOut": 134253000, "weightedAverageShsOutDil": 138044000, "link": "https://www.sec.gov/Archives/edgar/data/855658/000143774920008975/0001437749-20-008975-index.htm", "finalLink": "https://www.sec.gov/Archives/edgar/data/855658/000143774920008975/lscc20200331_10q.htm"}, {"date": "2019-12-28", "symbol": "LSCC", "reportedCurrency": "USD", "cik": "0000855658", "fillingDate": "2020-02-24", "acceptedDate": "2020-02-24 17:00:41", "calendarYear": "2019", "period": "Q4", "revenue": 100237000, "costOfRevenue": 40944000, "grossProfit": 59293000, "grossProfitRatio": 0.5915280785, "researchAndDevelopmentExpenses": 19543000, "generalAndAdministrativeExpenses": 0, "sellingAndMarketingExpenses": 0, "sellingGeneralAndAdministrativeExpenses": 20924000, "otherExpenses": -228000, "operatingExpenses": 43857000, "costAndExpenses": 84801000, "interestIncome": 0, "interestExpense": 1184000, "depreciationAndAmortization": 4002000, "ebitda": 25062000, "ebitdaratio": 0.250027435, "operatingIncome": 15491000, "operatingIncomeRatio": 0.1545437314, "totalOtherIncomeExpensesNet": -1412000, "incomeBeforeTax": 14079000, "incomeBeforeTaxRatio": 0.1404571166, "incomeTaxExpense": 92000, "netIncome": 13987000, "netIncomeRatio": 0.1395392919, "eps": 0.1, "epsdiluted": 0.1, "weightedAverageShsOut": 133691000, "weightedAverageShsOutDil": 138196000, "link": "https://www.sec.gov/Archives/edgar/data/855658/000085565820000025/0000855658-20-000025-index.htm", "finalLink": "https://www.sec.gov/Archives/edgar/data/855658/000085565820000025/lscc201910-k.htm"}, {"date": "2019-09-28", "symbol": "LSCC", "reportedCurrency": "USD", "cik": "0000855658", "fillingDate": "2019-10-31", "acceptedDate": "2019-10-31 15:54:55", "calendarYear": "2019", "period": "Q3", "revenue": 103469000, "costOfRevenue": 42030000, "grossProfit": 61439000, "grossProfitRatio": 0.5937913771, "researchAndDevelopmentExpenses": 20032000, "generalAndAdministrativeExpenses": 0, "sellingAndMarketingExpenses": 0, "sellingGeneralAndAdministrativeExpenses": 21078000, "otherExpenses": -61000, "operatingExpenses": 44499000, "costAndExpenses": 86529000, "interestIncome": 0, "interestExpense": 2022000, "depreciationAndAmortization": 8232000, "ebitda": 25111000, "ebitdaratio": 0.2426910476, "operatingIncome": 16688000, "operatingIncomeRatio": 0.1612850226, "totalOtherIncomeExpensesNet": -2083000, "incomeBeforeTax": 14605000, "incomeBeforeTaxRatio": 0.1411533889, "incomeTaxExpense": 1066000, "netIncome": 13539000, "netIncomeRatio": 0.1308507862, "eps": 0.1, "epsdiluted": 0.1, "weightedAverageShsOut": 132997000, "weightedAverageShsOutDil": 138894000, "link": "https://www.sec.gov/Archives/edgar/data/855658/000085565819000112/0000855658-19-000112-index.htm", "finalLink": "https://www.sec.gov/Archives/edgar/data/855658/000085565819000112/lscc2019q310-q.htm"}, {"date": "2019-06-29", "symbol": "LSCC", "reportedCurrency": "USD", "cik": "0000855658", "fillingDate": "2019-08-02", "acceptedDate": "2019-08-02 17:04:27", "calendarYear": "2019", "period": "Q2", "revenue": 102296000, "costOfRevenue": 42258000, "grossProfit": 60038000, "grossProfitRatio": 0.5869046688, "researchAndDevelopmentExpenses": 19377000, "generalAndAdministrativeExpenses": 0, "sellingAndMarketingExpenses": 0, "sellingGeneralAndAdministrativeExpenses": 19759000, "otherExpenses": -2109000, "operatingExpenses": 42526000, "costAndExpenses": 84784000, "interestIncome": 0, "interestExpense": 3538000, "depreciationAndAmortization": 8047000, "ebitda": 20324000, "ebitdaratio": 0.1986783452, "operatingIncome": 14386000, "operatingIncomeRatio": 0.1406311097, "totalOtherIncomeExpensesNet": -5647000, "incomeBeforeTax": 8739000, "incomeBeforeTaxRatio": 0.0854285603, "incomeTaxExpense": 180000, "netIncome": 8559000, "netIncomeRatio": 0.0836689607, "eps": 0.06, "epsdiluted": 0.06, "weightedAverageShsOut": 132206000, "weightedAverageShsOutDil": 137221000, "link": "https://www.sec.gov/Archives/edgar/data/855658/000085565819000063/0000855658-19-000063-index.htm", "finalLink": "https://www.sec.gov/Archives/edgar/data/855658/000085565819000063/lscc2019q210-q.htm"}, {"date": "2019-03-30", "symbol": "LSCC", "reportedCurrency": "USD", "cik": "0000855658", "fillingDate": "2019-05-03", "acceptedDate": "2019-05-03 14:01:09", "calendarYear": "2019", "period": "Q1", "revenue": 98091000, "costOfRevenue": 40439000, "grossProfit": 57652000, "grossProfitRatio": 0.5877399558, "researchAndDevelopmentExpenses": 19665000, "generalAndAdministrativeExpenses": 0, "sellingAndMarketingExpenses": 0, "sellingGeneralAndAdministrativeExpenses": 20781000, "otherExpenses": 153000, "operatingExpenses": 43835000, "costAndExpenses": 84274000, "interestIncome": 0, "interestExpense": 4987000, "depreciationAndAmortization": 8403000, "ebitda": 21032000, "ebitdaratio": 0.214413147, "operatingIncome": 12476000, "operatingIncomeRatio": 0.1271880193, "totalOtherIncomeExpensesNet": -4834000, "incomeBeforeTax": 7642000, "incomeBeforeTaxRatio": 0.0779072494, "incomeTaxExpense": 234000, "netIncome": 7408000, "netIncomeRatio": 0.0755217094, "eps": 0.06, "epsdiluted": 0.05, "weightedAverageShsOut": 130992000, "weightedAverageShsOutDil": 134810000, "link": "https://www.sec.gov/Archives/edgar/data/855658/000085565819000031/0000855658-19-000031-index.htm", "finalLink": "https://www.sec.gov/Archives/edgar/data/855658/000085565819000031/lscc2019q110-q.htm"}, {"date": "2018-12-29", "symbol": "LSCC", "reportedCurrency": "USD", "cik": "0000855658", "fillingDate": "2019-02-26", "acceptedDate": "2019-02-26 16:50:02", "calendarYear": "2018", "period": "Q4", "revenue": 95977000, "costOfRevenue": 41671000, "grossProfit": 54306000, "grossProfitRatio": 0.5658230618, "researchAndDevelopmentExpenses": 19296000, "generalAndAdministrativeExpenses": 0, "sellingAndMarketingExpenses": 0, "sellingGeneralAndAdministrativeExpenses": 21168000, "otherExpenses": -3000, "operatingExpenses": 44172000, "costAndExpenses": 85843000, "interestIncome": 0, "interestExpense": 5018000, "depreciationAndAmortization": 8521000, "ebitda": 6811000, "ebitdaratio": 0.0709649187, "operatingIncome": -1720000, "operatingIncomeRatio": -0.0179209602, "totalOtherIncomeExpensesNet": -9975000, "incomeBeforeTax": -6741000, "incomeBeforeTaxRatio": -0.0702355773, "incomeTaxExpense": 380000, "netIncome": -7121000, "netIncomeRatio": -0.0741948592, "eps": -0.055, "epsdiluted": -0.055, "weightedAverageShsOut": 129521000, "weightedAverageShsOutDil": 129521000, "link": "https://www.sec.gov/Archives/edgar/data/855658/000085565819000022/0000855658-19-000022-index.htm", "finalLink": "https://www.sec.gov/Archives/edgar/data/855658/000085565819000022/lscc201810-k.htm"}, {"date": "2018-09-29", "symbol": "LSCC", "reportedCurrency": "USD", "cik": "0000855658", "fillingDate": "2018-10-29", "acceptedDate": "2018-10-29 17:08:09", "calendarYear": "2018", "period": "Q3", "revenue": 101484000, "costOfRevenue": 43120000, "grossProfit": 58364000, "grossProfitRatio": 0.5751054353, "researchAndDevelopmentExpenses": 19131000, "generalAndAdministrativeExpenses": 0, "sellingAndMarketingExpenses": 0, "sellingGeneralAndAdministrativeExpenses": 21775000, "otherExpenses": -452000, "operatingExpenses": 44729000, "costAndExpenses": 87849000, "interestIncome": 0, "interestExpense": 5500000, "depreciationAndAmortization": 8315000, "ebitda": 20822000, "ebitdaratio": 0.2051752, "operatingIncome": 12959000, "operatingIncomeRatio": 0.1276950061, "totalOtherIncomeExpensesNet": -5952000, "incomeBeforeTax": 7007000, "incomeBeforeTaxRatio": 0.0690453668, "incomeTaxExpense": 33000, "netIncome": 6974000, "netIncomeRatio": 0.0687201923, "eps": 0.05, "epsdiluted": 0.05, "weightedAverageShsOut": 127816000, "weightedAverageShsOutDil": 129474000, "link": "https://www.sec.gov/Archives/edgar/data/855658/000085565818000157/0000855658-18-000157-index.htm", "finalLink": "https://www.sec.gov/Archives/edgar/data/855658/000085565818000157/lscc2018q310-q.htm"}, {"date": "2018-06-30", "symbol": "LSCC", "reportedCurrency": "USD", "cik": "0000855658", "fillingDate": "2018-08-03", "acceptedDate": "2018-08-03 15:25:01", "calendarYear": "2018", "period": "Q2", "revenue": 102715000, "costOfRevenue": 52467000, "grossProfit": 50248000, "grossProfitRatio": 0.489198267, "researchAndDevelopmentExpenses": 21081000, "generalAndAdministrativeExpenses": 0, "sellingAndMarketingExpenses": 0, "sellingGeneralAndAdministrativeExpenses": 21068000, "otherExpenses": -348000, "operatingExpenses": 46672000, "costAndExpenses": 99139000, "interestIncome": 0, "interestExpense": 4968000, "depreciationAndAmortization": 10069000, "ebitda": -3843000, "ebitdaratio": -0.0374142044, "operatingIncome": -13564000, "operatingIncomeRatio": -0.1320547145, "totalOtherIncomeExpensesNet": -5316000, "incomeBeforeTax": -18880000, "incomeBeforeTaxRatio": -0.1838095702, "incomeTaxExpense": 1343000, "netIncome": -20223000, "netIncomeRatio": -0.1968845836, "eps": -0.16, "epsdiluted": -0.16, "weightedAverageShsOut": 124843000, "weightedAverageShsOutDil": 124843000, "link": "https://www.sec.gov/Archives/edgar/data/855658/000085565818000113/0000855658-18-000113-index.htm", "finalLink": "https://www.sec.gov/Archives/edgar/data/855658/000085565818000113/lscc2018q210-q.htm"}, {"date": "2018-03-31", "symbol": "LSCC", "reportedCurrency": "USD", "cik": "0000855658", "fillingDate": "2018-05-08", "acceptedDate": "2018-05-07 18:17:20", "calendarYear": "2018", "period": "Q1", "revenue": 98623000, "costOfRevenue": 42102000, "grossProfit": 56521000, "grossProfitRatio": 0.5731016092, "researchAndDevelopmentExpenses": 22941000, "generalAndAdministrativeExpenses": 0, "sellingAndMarketingExpenses": 0, "sellingGeneralAndAdministrativeExpenses": 27043000, "otherExpenses": 554000, "operatingExpenses": 55620000, "costAndExpenses": 97722000, "interestIncome": 0, "interestExpense": 5114000, "depreciationAndAmortization": 12356000, "ebitda": 12115000, "ebitdaratio": 0.1228415278, "operatingIncome": -795000, "operatingIncomeRatio": -0.008061, "totalOtherIncomeExpensesNet": -4560000, "incomeBeforeTax": -5355000, "incomeBeforeTaxRatio": -0.054297679, "incomeTaxExpense": 597000, "netIncome": -5952000, "netIncomeRatio": -0.0603510337, "eps": -0.05, "epsdiluted": -0.048, "weightedAverageShsOut": 119040000, "weightedAverageShsOutDil": 124076000, "link": "https://www.sec.gov/Archives/edgar/data/855658/000085565818000051/0000855658-18-000051-index.htm", "finalLink": "https://www.sec.gov/Archives/edgar/data/855658/000085565818000051/lscc2018q110-q.htm"}, {"date": "2017-12-30", "symbol": "LSCC", "reportedCurrency": "USD", "cik": "0000855658", "fillingDate": "2018-03-14", "acceptedDate": "2018-03-13 19:06:10", "calendarYear": "2017", "period": "Q4", "revenue": 95266000, "costOfRevenue": 44050000, "grossProfit": 51216000, "grossProfitRatio": 0.5376104801, "researchAndDevelopmentExpenses": 23500000, "generalAndAdministrativeExpenses": 0, "sellingAndMarketingExpenses": 0, "sellingGeneralAndAdministrativeExpenses": 23585000, "otherExpenses": -1182000, "operatingExpenses": 52648000, "costAndExpenses": 96698000, "interestIncome": 0, "interestExpense": 4695000, "depreciationAndAmortization": 5563000, "ebitda": 10367000, "ebitdaratio": 0.1088216153, "operatingIncome": -721000, "operatingIncomeRatio": -0.0075682825, "totalOtherIncomeExpensesNet": -5166000, "incomeBeforeTax": -6598000, "incomeBeforeTaxRatio": -0.0692587072, "incomeTaxExpense": 615000, "netIncome": -7213000, "netIncomeRatio": -0.0757143157, "eps": -0.0608, "epsdiluted": -0.0584, "weightedAverageShsOut": 118683669, "weightedAverageShsOutDil": 123541000, "link": "https://www.sec.gov/Archives/edgar/data/855658/000085565818000027/0000855658-18-000027-index.htm", "finalLink": "https://www.sec.gov/Archives/edgar/data/855658/000085565818000027/lscc201710-k.htm"}, {"date": "2017-09-30", "symbol": "LSCC", "reportedCurrency": "USD", "cik": "0000855658", "fillingDate": "2017-11-09", "acceptedDate": "2017-11-08 19:21:42", "calendarYear": "2017", "period": "Q3", "revenue": 91971000, "costOfRevenue": 38649000, "grossProfit": 53322000, "grossProfitRatio": 0.57976971, "researchAndDevelopmentExpenses": 25648000, "generalAndAdministrativeExpenses": 0, "sellingAndMarketingExpenses": 0, "sellingGeneralAndAdministrativeExpenses": 21290000, "otherExpenses": -1828000, "operatingExpenses": 55464000, "costAndExpenses": 94113000, "interestIncome": 0, "interestExpense": 3888000, "depreciationAndAmortization": 15094000, "ebitda": -24202000, "ebitdaratio": -0.2631481663, "operatingIncome": -37468000, "operatingIncomeRatio": -0.4073892858, "totalOtherIncomeExpensesNet": -5716000, "incomeBeforeTax": -43184000, "incomeBeforeTaxRatio": -0.4695393113, "incomeTaxExpense": -331000, "netIncome": -43052000, "netIncomeRatio": -0.4681040763, "eps": -0.35, "epsdiluted": -0.35, "weightedAverageShsOut": 122990000, "weightedAverageShsOutDil": 122990000, "link": "https://www.sec.gov/Archives/edgar/data/855658/000085565817000124/0000855658-17-000124-index.htm", "finalLink": "https://www.sec.gov/Archives/edgar/data/855658/000085565817000124/lscc2017q310-q.htm"}, {"date": "2017-07-01", "symbol": "LSCC", "reportedCurrency": "USD", "cik": "0000855658", "fillingDate": "2017-08-10", "acceptedDate": "2017-08-10 14:32:47", "calendarYear": "2017", "period": "Q2", "revenue": 94137000, "costOfRevenue": 42928000, "grossProfit": 51209000, "grossProfitRatio": 0.5439837683, "researchAndDevelopmentExpenses": 26820000, "generalAndAdministrativeExpenses": 0, "sellingAndMarketingExpenses": 0, "sellingGeneralAndAdministrativeExpenses": 21938000, "otherExpenses": 564000, "operatingExpenses": 57495000, "costAndExpenses": 100423000, "interestIncome": 0, "interestExpense": 4656000, "depreciationAndAmortization": 15201000, "ebitda": 7036000, "ebitdaratio": 0.0747421311, "operatingIncome": -8729000, "operatingIncomeRatio": -0.0927265581, "totalOtherIncomeExpensesNet": -4092000, "incomeBeforeTax": -12821000, "incomeBeforeTaxRatio": -0.1361951199, "incomeTaxExpense": 47000, "netIncome": -13022000, "netIncomeRatio": -0.1383303058, "eps": -0.11, "epsdiluted": -0.11, "weightedAverageShsOut": 118381818, "weightedAverageShsOutDil": 122390000, "link": "https://www.sec.gov/Archives/edgar/data/855658/000085565817000088/0000855658-17-000088-index.htm", "finalLink": "https://www.sec.gov/Archives/edgar/data/855658/000085565817000088/lscc2017q210-q.htm"}, {"date": "2017-04-01", "symbol": "LSCC", "reportedCurrency": "USD", "cik": "0000855658", "fillingDate": "2017-05-11", "acceptedDate": "2017-05-11 14:59:21", "calendarYear": "2017", "period": "Q1", "revenue": 104587000, "costOfRevenue": 43755000, "grossProfit": 60832000, "grossProfitRatio": 0.5816401656, "researchAndDevelopmentExpenses": 27389000, "generalAndAdministrativeExpenses": 0, "sellingAndMarketingExpenses": 0, "sellingGeneralAndAdministrativeExpenses": 23905000, "otherExpenses": -148000, "operatingExpenses": 59808000, "costAndExpenses": 103563000, "interestIncome": 0, "interestExpense": 5568000, "depreciationAndAmortization": 15296000, "ebitda": 14446000, "ebitdaratio": 0.1381242411, "operatingIncome": -702000, "operatingIncomeRatio": -0.0067121153, "totalOtherIncomeExpensesNet": -5716000, "incomeBeforeTax": -6418000, "incomeBeforeTaxRatio": -0.0613651792, "incomeTaxExpense": 518000, "netIncome": -7275000, "netIncomeRatio": -0.0695593143, "eps": -0.0597, "epsdiluted": -0.0597, "weightedAverageShsOut": 121800000, "weightedAverageShsOutDil": 121800000, "link": "https://www.sec.gov/Archives/edgar/data/855658/000085565817000030/0000855658-17-000030-index.htm", "finalLink": "https://www.sec.gov/Archives/edgar/data/855658/000085565817000030/lscc2017q110-q.htm"}, {"date": "2016-12-31", "symbol": "LSCC", "reportedCurrency": "USD", "cik": "0000855658", "fillingDate": "2017-03-01", "acceptedDate": "2017-03-01 15:51:44", "calendarYear": "2016", "period": "Q4", "revenue": 118108000, "costOfRevenue": 54628000, "grossProfit": 63480000, "grossProfitRatio": 0.5374741762, "researchAndDevelopmentExpenses": 26248000, "generalAndAdministrativeExpenses": 0, "sellingAndMarketingExpenses": 0, "sellingGeneralAndAdministrativeExpenses": 22745000, "otherExpenses": 745000, "operatingExpenses": 57276000, "costAndExpenses": 111904000, "interestIncome": 0, "interestExpense": 5070000, "depreciationAndAmortization": 13898000, "ebitda": 13685000, "ebitdaratio": 0.1158685271, "operatingIncome": -958000, "operatingIncomeRatio": -0.0081112202, "totalOtherIncomeExpensesNet": -4325000, "incomeBeforeTax": -5283000, "incomeBeforeTaxRatio": -0.0447302469, "incomeTaxExpense": 2507000, "netIncome": -8164000, "netIncomeRatio": -0.0691231754, "eps": -0.0705, "epsdiluted": -0.0673, "weightedAverageShsOut": 115752162, "weightedAverageShsOutDil": 121236000, "link": "https://www.sec.gov/Archives/edgar/data/855658/000085565817000012/0000855658-17-000012-index.htm", "finalLink": "https://www.sec.gov/Archives/edgar/data/855658/000085565817000012/lscc201610-k.htm"}, {"date": "2016-10-01", "symbol": "LSCC", "reportedCurrency": "USD", "cik": "0000855658", "fillingDate": "2016-11-10", "acceptedDate": "2016-11-10 17:07:06", "calendarYear": "2016", "period": "Q3", "revenue": 113225000, "costOfRevenue": 45801000, "grossProfit": 67424000, "grossProfitRatio": 0.5954868624, "researchAndDevelopmentExpenses": 27747000, "generalAndAdministrativeExpenses": 0, "sellingAndMarketingExpenses": 0, "sellingGeneralAndAdministrativeExpenses": 29244000, "otherExpenses": 209000, "operatingExpenses": 65251000, "costAndExpenses": 111052000, "interestIncome": 0, "interestExpense": 5235000, "depreciationAndAmortization": 8260000, "ebitda": 9755000, "ebitdaratio": 0.0861558843, "operatingIncome": -6010000, "operatingIncomeRatio": -0.0530801501, "totalOtherIncomeExpensesNet": -5026000, "incomeBeforeTax": -11036000, "incomeBeforeTaxRatio": -0.0974696401, "incomeTaxExpense": 971000, "netIncome": -12414000, "netIncomeRatio": -0.1096400972, "eps": -0.1, "epsdiluted": -0.1, "weightedAverageShsOut": 120584000, "weightedAverageShsOutDil": 120584000, "link": "https://www.sec.gov/Archives/edgar/data/855658/000085565816000309/0000855658-16-000309-index.htm", "finalLink": "https://www.sec.gov/Archives/edgar/data/855658/000085565816000309/lscc2016q310q.htm"}, {"date": "2016-07-02", "symbol": "LSCC", "reportedCurrency": "USD", "cik": "0000855658", "fillingDate": "2016-08-11", "acceptedDate": "2016-08-11 15:00:57", "calendarYear": "2016", "period": "Q2", "revenue": 99209000, "costOfRevenue": 40783000, "grossProfit": 58426000, "grossProfitRatio": 0.5889183441, "researchAndDevelopmentExpenses": 30915000, "generalAndAdministrativeExpenses": 0, "sellingAndMarketingExpenses": 0, "sellingGeneralAndAdministrativeExpenses": 23005000, "otherExpenses": 2532000, "operatingExpenses": 62231000, "costAndExpenses": 103014000, "interestIncome": 0, "interestExpense": 5062000, "depreciationAndAmortization": 15021000, "ebitda": 11216000, "ebitdaratio": 0.1130542592, "operatingIncome": -6373000, "operatingIncomeRatio": -0.0642381236, "totalOtherIncomeExpensesNet": -2530000, "incomeBeforeTax": -8903000, "incomeBeforeTaxRatio": -0.0897398422, "incomeTaxExpense": 4539000, "netIncome": -13810000, "netIncomeRatio": -0.1392010805, "eps": -0.12, "epsdiluted": -0.12, "weightedAverageShsOut": 115083333, "weightedAverageShsOutDil": 119445000, "link": "https://www.sec.gov/Archives/edgar/data/855658/000085565816000282/0000855658-16-000282-index.htm", "finalLink": "https://www.sec.gov/Archives/edgar/data/855658/000085565816000282/lscc2016q210q.htm"}, {"date": "2016-04-02", "symbol": "LSCC", "reportedCurrency": "USD", "cik": "0000855658", "fillingDate": "2016-05-12", "acceptedDate": "2016-05-12 14:27:58", "calendarYear": "2016", "period": "Q1", "revenue": 96512000, "costOfRevenue": 39408000, "grossProfit": 57104000, "grossProfitRatio": 0.5916777188, "researchAndDevelopmentExpenses": 32608000, "generalAndAdministrativeExpenses": 0, "sellingAndMarketingExpenses": 0, "sellingGeneralAndAdministrativeExpenses": 23608000, "otherExpenses": 817000, "operatingExpenses": 64937000, "costAndExpenses": 104345000, "interestIncome": 0, "interestExpense": 4960000, "depreciationAndAmortization": 8721000, "ebitda": 1705000, "ebitdaratio": 0.0176661969, "operatingIncome": -13358000, "operatingIncomeRatio": -0.1384076592, "totalOtherIncomeExpensesNet": -4143000, "incomeBeforeTax": -17501000, "incomeBeforeTaxRatio": -0.1813349635, "incomeTaxExpense": 1900000, "netIncome": -19711000, "netIncomeRatio": -0.2042336704, "eps": -0.17, "epsdiluted": -0.17, "weightedAverageShsOut": 115947058, "weightedAverageShsOutDil": 118833000, "link": "https://www.sec.gov/Archives/edgar/data/855658/000085565816000231/0000855658-16-000231-index.htm", "finalLink": "https://www.sec.gov/Archives/edgar/data/855658/000085565816000231/a2016q110q.htm"}, {"date": "2016-01-02", "symbol": "LSCC", "reportedCurrency": "USD", "cik": "0000855658", "fillingDate": "2016-03-02", "acceptedDate": "2016-03-02 17:24:29", "calendarYear": "2015", "period": "Q4", "revenue": 101194000, "costOfRevenue": 47092000, "grossProfit": 54102000, "grossProfitRatio": 0.5346364409, "researchAndDevelopmentExpenses": 32055000, "generalAndAdministrativeExpenses": 0, "sellingAndMarketingExpenses": 0, "sellingGeneralAndAdministrativeExpenses": 24253000, "otherExpenses": 466000, "operatingExpenses": 65064000, "costAndExpenses": 112156000, "interestIncome": 0, "interestExpense": 5519000, "depreciationAndAmortization": 8756000, "ebitda": -18090000, "ebitdaratio": -0.1787655395, "operatingIncome": -36448000, "operatingIncomeRatio": -0.3601794573, "totalOtherIncomeExpensesNet": -5053000, "incomeBeforeTax": -41501000, "incomeBeforeTaxRatio": -0.4101132478, "incomeTaxExpense": 3510000, "netIncome": -45454000, "netIncomeRatio": -0.4491768287, "eps": -0.39, "epsdiluted": -0.38, "weightedAverageShsOut": 116668377, "weightedAverageShsOutDil": 118095000, "link": "https://www.sec.gov/Archives/edgar/data/855658/000085565816000180/0000855658-16-000180-index.htm", "finalLink": "https://www.sec.gov/Archives/edgar/data/855658/000085565816000180/a201510-k.htm"}, {"date": "2015-10-03", "symbol": "LSCC", "reportedCurrency": "USD", "cik": "0000855658", "fillingDate": "2015-11-12", "acceptedDate": "2015-11-12 15:49:17", "calendarYear": "2015", "period": "Q3", "revenue": 109715000, "costOfRevenue": 49866000, "grossProfit": 59849000, "grossProfitRatio": 0.5454951465, "researchAndDevelopmentExpenses": 37619000, "generalAndAdministrativeExpenses": 0, "sellingAndMarketingExpenses": 0, "sellingGeneralAndAdministrativeExpenses": 23819000, "otherExpenses": -943000, "operatingExpenses": 70379000, "costAndExpenses": 120245000, "interestIncome": 0, "interestExpense": 5754000, "depreciationAndAmortization": 8941000, "ebitda": -2532000, "ebitdaratio": -0.0230779748, "operatingIncome": -17958000, "operatingIncomeRatio": -0.1636786219, "totalOtherIncomeExpensesNet": -6595000, "incomeBeforeTax": -24655000, "incomeBeforeTaxRatio": -0.2247185891, "incomeTaxExpense": 309000, "netIncome": -24862000, "netIncomeRatio": -0.2266052955, "eps": -0.21, "epsdiluted": -0.21, "weightedAverageShsOut": 117669000, "weightedAverageShsOutDil": 117669000, "link": "https://www.sec.gov/Archives/edgar/data/855658/000085565815000152/0000855658-15-000152-index.htm", "finalLink": "https://www.sec.gov/Archives/edgar/data/855658/000085565815000152/a2015q310q.htm"}, {"date": "2015-07-04", "symbol": "LSCC", "reportedCurrency": "USD", "cik": "0000855658", "fillingDate": "2015-08-13", "acceptedDate": "2015-08-13 12:59:08", "calendarYear": "2015", "period": "Q2", "revenue": 106460000, "costOfRevenue": 48334000, "grossProfit": 58126000, "grossProfitRatio": 0.5459891039, "researchAndDevelopmentExpenses": 39552000, "generalAndAdministrativeExpenses": 0, "sellingAndMarketingExpenses": 0, "sellingGeneralAndAdministrativeExpenses": 28189000, "otherExpenses": -201000, "operatingExpenses": 76682000, "costAndExpenses": 125016000, "interestIncome": 0, "interestExpense": 5505000, "depreciationAndAmortization": 8941000, "ebitda": -9816000, "ebitdaratio": -0.0922036446, "operatingIncome": -25894000, "operatingIncomeRatio": -0.2432275033, "totalOtherIncomeExpensesNet": -5620000, "incomeBeforeTax": -31600000, "incomeBeforeTaxRatio": -0.2968250986, "incomeTaxExpense": 4056000, "netIncome": -35570000, "netIncomeRatio": -0.3341160999, "eps": -0.3, "epsdiluted": -0.3, "weightedAverageShsOut": 116903000, "weightedAverageShsOutDil": 116903000, "link": "https://www.sec.gov/Archives/edgar/data/855658/000085565815000120/0000855658-15-000120-index.htm", "finalLink": "https://www.sec.gov/Archives/edgar/data/855658/000085565815000120/a2015q210q.htm"}, {"date": "2015-04-04", "symbol": "LSCC", "reportedCurrency": "USD", "cik": "0000855658", "fillingDate": "2015-05-15", "acceptedDate": "2015-05-15 17:26:14", "calendarYear": "2015", "period": "Q1", "revenue": 88597000, "costOfRevenue": 40765000, "grossProfit": 47832000, "grossProfitRatio": 0.5398828403, "researchAndDevelopmentExpenses": 27642000, "generalAndAdministrativeExpenses": 0, "sellingAndMarketingExpenses": 0, "sellingGeneralAndAdministrativeExpenses": 21088000, "otherExpenses": -154000, "operatingExpenses": 51672000, "costAndExpenses": 92437000, "interestIncome": 0, "interestExpense": 1611000, "depreciationAndAmortization": 2942000, "ebitda": -26932000, "ebitdaratio": -0.3039832048, "operatingIncome": -26932000, "operatingIncomeRatio": -0.3039832048, "totalOtherIncomeExpensesNet": -1750000, "incomeBeforeTax": -28697000, "incomeBeforeTaxRatio": -0.3239048726, "incomeTaxExpense": 24665000, "netIncome": -53347000, "netIncomeRatio": -0.6021309977, "eps": -0.46, "epsdiluted": -0.46, "weightedAverageShsOut": 116863000, "weightedAverageShsOutDil": 116863000, "link": "https://www.sec.gov/Archives/edgar/data/855658/000085565815000091/0000855658-15-000091-index.htm", "finalLink": "https://www.sec.gov/Archives/edgar/data/855658/000085565815000091/a2015q110q.htm"}, {"date": "2015-01-03", "symbol": "LSCC", "reportedCurrency": "USD", "cik": "0000855658", "fillingDate": "2015-03-04", "acceptedDate": "2015-03-04 16:12:26", "calendarYear": "2014", "period": "Q4", "revenue": 83600000, "costOfRevenue": 37337000, "grossProfit": 46263000, "grossProfitRatio": 0.5533851675, "researchAndDevelopmentExpenses": 22485000, "generalAndAdministrativeExpenses": 0, "sellingAndMarketingExpenses": 0, "sellingGeneralAndAdministrativeExpenses": 18301000, "otherExpenses": 57000, "operatingExpenses": 41523000, "costAndExpenses": 78860000, "interestIncome": 0, "interestExpense": 5841000, "depreciationAndAmortization": 737000, "ebitda": 5478000, "ebitdaratio": 0.0655263158, "operatingIncome": 4739000, "operatingIncomeRatio": 0.0566866029, "totalOtherIncomeExpensesNet": 56000, "incomeBeforeTax": 4796000, "incomeBeforeTaxRatio": 0.0573684211, "incomeTaxExpense": -10623000, "netIncome": 15419000, "netIncomeRatio": 0.184437799, "eps": 0.13, "epsdiluted": 0.13, "weightedAverageShsOut": 117931000, "weightedAverageShsOutDil": 119486000, "link": "https://www.sec.gov/Archives/edgar/data/855658/000085565815000035/0000855658-15-000035-index.htm", "finalLink": "https://www.sec.gov/Archives/edgar/data/855658/000085565815000035/a201410-k.htm"}, {"date": "2014-09-27", "symbol": "LSCC", "reportedCurrency": "USD", "cik": "0000855658", "fillingDate": "2014-11-05", "acceptedDate": "2014-11-05 14:16:33", "calendarYear": "2014", "period": "Q3", "revenue": 86570000, "costOfRevenue": 35759000, "grossProfit": 50811000, "grossProfitRatio": 0.586935428, "researchAndDevelopmentExpenses": 22053000, "generalAndAdministrativeExpenses": 0, "sellingAndMarketingExpenses": 0, "sellingGeneralAndAdministrativeExpenses": 17645000, "otherExpenses": 53000, "operatingExpenses": 39698000, "costAndExpenses": 75457000, "interestIncome": 0, "interestExpense": 0, "depreciationAndAmortization": 5251000, "ebitda": 15678000, "ebitdaratio": 0.1811019984, "operatingIncome": 10374000, "operatingIncomeRatio": 0.1198336606, "totalOtherIncomeExpensesNet": 53000, "incomeBeforeTax": 10427000, "incomeBeforeTaxRatio": 0.1204458819, "incomeTaxExpense": 1021000, "netIncome": 9406000, "netIncomeRatio": 0.108651958, "eps": 0.08, "epsdiluted": 0.08, "weightedAverageShsOut": 118643000, "weightedAverageShsOutDil": 120970000, "link": "https://www.sec.gov/Archives/edgar/data/855658/000085565814000184/0000855658-14-000184-index.htm", "finalLink": "https://www.sec.gov/Archives/edgar/data/855658/000085565814000184/a2014q310q.htm"}, {"date": "2014-06-28", "symbol": "LSCC", "reportedCurrency": "USD", "cik": "0000855658", "fillingDate": "2014-08-06", "acceptedDate": "2014-08-05 19:16:19", "calendarYear": "2014", "period": "Q2", "revenue": 99320000, "costOfRevenue": 44345000, "grossProfit": 54975000, "grossProfitRatio": 0.5535138945, "researchAndDevelopmentExpenses": 22302000, "generalAndAdministrativeExpenses": 0, "sellingAndMarketingExpenses": 0, "sellingGeneralAndAdministrativeExpenses": 18832000, "otherExpenses": 0, "operatingExpenses": 41134000, "costAndExpenses": 85479000, "interestIncome": 0, "interestExpense": 37000, "depreciationAndAmortization": 5773000, "ebitda": 19817000, "ebitdaratio": 0.1995267821, "operatingIncome": 13101000, "operatingIncomeRatio": 0.1319069674, "totalOtherIncomeExpensesNet": 906000, "incomeBeforeTax": 14007000, "incomeBeforeTaxRatio": 0.1410289972, "incomeTaxExpense": 2236000, "netIncome": 11771000, "netIncomeRatio": 0.1185159082, "eps": 0.1, "epsdiluted": 0.1, "weightedAverageShsOut": 117904000, "weightedAverageShsOutDil": 120944000, "link": "https://www.sec.gov/Archives/edgar/data/855658/000085565814000141/0000855658-14-000141-index.htm", "finalLink": "https://www.sec.gov/Archives/edgar/data/855658/000085565814000141/a2014q210q.htm"}, {"date": "2014-03-29", "symbol": "LSCC", "reportedCurrency": "USD", "cik": "0000855658", "fillingDate": "2014-05-07", "acceptedDate": "2014-05-07 16:26:06", "calendarYear": "2014", "period": "Q1", "revenue": 96637000, "costOfRevenue": 42499000, "grossProfit": 54138000, "grossProfitRatio": 0.5602202055, "researchAndDevelopmentExpenses": 21239000, "generalAndAdministrativeExpenses": 0, "sellingAndMarketingExpenses": 0, "sellingGeneralAndAdministrativeExpenses": 18749000, "otherExpenses": 309000, "operatingExpenses": 39988000, "costAndExpenses": 82487000, "interestIncome": 0, "interestExpense": 48000, "depreciationAndAmortization": 5860000, "ebitda": 19619000, "ebitdaratio": 0.2030174778, "operatingIncome": 13402000, "operatingIncomeRatio": 0.1386839409, "totalOtherIncomeExpensesNet": 309000, "incomeBeforeTax": 13711000, "incomeBeforeTaxRatio": 0.141881474, "incomeTaxExpense": 1727000, "netIncome": 11984000, "netIncomeRatio": 0.1240104722, "eps": 0.1, "epsdiluted": 0.1, "weightedAverageShsOut": 116436000, "weightedAverageShsOutDil": 118917000, "link": "https://www.sec.gov/Archives/edgar/data/855658/000085565814000092/0000855658-14-000092-index.htm", "finalLink": "https://www.sec.gov/Archives/edgar/data/855658/000085565814000092/a2014q110q.htm"}, {"date": "2013-12-28", "symbol": "LSCC", "reportedCurrency": "USD", "cik": "0000855658", "fillingDate": "2014-11-14", "acceptedDate": "2014-11-14 17:06:12", "calendarYear": "2013", "period": "Q4", "revenue": 89519000, "costOfRevenue": 40916000, "grossProfit": 48603000, "grossProfitRatio": 0.5429350194, "researchAndDevelopmentExpenses": 22331000, "generalAndAdministrativeExpenses": 0, "sellingAndMarketingExpenses": 0, "sellingGeneralAndAdministrativeExpenses": 17189000, "otherExpenses": 0, "operatingExpenses": 39520000, "costAndExpenses": 80436000, "interestIncome": 0, "interestExpense": 2276000, "depreciationAndAmortization": 5634000, "ebitda": 14717000, "ebitdaratio": 0.1644008535, "operatingIncome": 8215000, "operatingIncomeRatio": 0.091768228, "totalOtherIncomeExpensesNet": -540000, "incomeBeforeTax": 7675000, "incomeBeforeTaxRatio": 0.085735989, "incomeTaxExpense": 1128000, "netIncome": 6547000, "netIncomeRatio": 0.0731353121, "eps": 0.06, "epsdiluted": 0.06, "weightedAverageShsOut": 115718000, "weightedAverageShsOutDil": 117156000, "link": "https://www.sec.gov/Archives/edgar/data/855658/000085565814000190/0000855658-14-000190-index.htm", "finalLink": "https://www.sec.gov/Archives/edgar/data/855658/000085565814000190/a201310-ka1.htm"}, {"date": "2013-09-28", "symbol": "LSCC", "reportedCurrency": "USD", "cik": "0000855658", "fillingDate": "2013-11-05", "acceptedDate": "2013-11-05 06:05:42", "calendarYear": "2013", "period": "Q3", "revenue": 87154000, "costOfRevenue": 41463000, "grossProfit": 45691000, "grossProfitRatio": 0.5242559148, "researchAndDevelopmentExpenses": 20254000, "generalAndAdministrativeExpenses": 0, "sellingAndMarketingExpenses": 0, "sellingGeneralAndAdministrativeExpenses": 16385000, "otherExpenses": 346000, "operatingExpenses": 36639000, "costAndExpenses": 78102000, "interestIncome": 0, "interestExpense": 1298000, "depreciationAndAmortization": 5211000, "ebitda": 14211000, "ebitdaratio": 0.1630561994, "operatingIncome": 8230000, "operatingIncomeRatio": 0.0944305482, "totalOtherIncomeExpensesNet": 261000, "incomeBeforeTax": 8576000, "incomeBeforeTaxRatio": 0.0984005324, "incomeTaxExpense": 417000, "netIncome": 8844000, "netIncomeRatio": 0.101475549, "eps": 0.07, "epsdiluted": 0.07, "weightedAverageShsOut": 116055000, "weightedAverageShsOutDil": 117349000, "link": "https://www.sec.gov/Archives/edgar/data/855658/000085565813000129/0000855658-13-000129-index.htm", "finalLink": "https://www.sec.gov/Archives/edgar/data/855658/000085565813000129/a2013q310q1.htm"}, {"date": "2013-06-29", "symbol": "LSCC", "reportedCurrency": "USD", "cik": "0000855658", "fillingDate": "2013-08-06", "acceptedDate": "2013-08-06 16:30:13", "calendarYear": "2013", "period": "Q2", "revenue": 84694000, "costOfRevenue": 39584000, "grossProfit": 45110000, "grossProfitRatio": 0.5326233263, "researchAndDevelopmentExpenses": 20267000, "generalAndAdministrativeExpenses": 0, "sellingAndMarketingExpenses": 0, "sellingGeneralAndAdministrativeExpenses": 17072000, "otherExpenses": -54000, "operatingExpenses": 37339000, "costAndExpenses": 76923000, "interestIncome": 0, "interestExpense": 1566000, "depreciationAndAmortization": 4896000, "ebitda": 11930000, "ebitdaratio": 0.1408600373, "operatingIncome": 7015000, "operatingIncomeRatio": 0.0828275911, "totalOtherIncomeExpensesNet": -54000, "incomeBeforeTax": 6961000, "incomeBeforeTaxRatio": 0.0821900017, "incomeTaxExpense": 1921000, "netIncome": 5040000, "netIncomeRatio": 0.0595083477, "eps": 0.04, "epsdiluted": 0.04, "weightedAverageShsOut": 115733000, "weightedAverageShsOutDil": 117109000, "link": "https://www.sec.gov/Archives/edgar/data/855658/000085565813000106/0000855658-13-000106-index.htm", "finalLink": "https://www.sec.gov/Archives/edgar/data/855658/000085565813000106/a2013q210q.htm"}, {"date": "2013-03-30", "symbol": "LSCC", "reportedCurrency": "USD", "cik": "0000855658", "fillingDate": "2013-05-07", "acceptedDate": "2013-05-07 16:55:10", "calendarYear": "2013", "period": "Q1", "revenue": 71158000, "costOfRevenue": 33003000, "grossProfit": 38155000, "grossProfitRatio": 0.5362011299, "researchAndDevelopmentExpenses": 18114000, "generalAndAdministrativeExpenses": 0, "sellingAndMarketingExpenses": 0, "sellingGeneralAndAdministrativeExpenses": 16498000, "otherExpenses": -52000, "operatingExpenses": 34612000, "costAndExpenses": 67615000, "interestIncome": 0, "interestExpense": 1856000, "depreciationAndAmortization": 5066000, "ebitda": 7860000, "ebitdaratio": 0.1104584165, "operatingIncome": 2641000, "operatingIncomeRatio": 0.0371145901, "totalOtherIncomeExpensesNet": -52000, "incomeBeforeTax": 2589000, "incomeBeforeTaxRatio": 0.0363838219, "incomeTaxExpense": 699000, "netIncome": 1890000, "netIncomeRatio": 0.0265606116, "eps": 0.02, "epsdiluted": 0.02, "weightedAverageShsOut": 115391000, "weightedAverageShsOutDil": 116714000, "link": "https://www.sec.gov/Archives/edgar/data/855658/000085565813000075/0000855658-13-000075-index.htm", "finalLink": "https://www.sec.gov/Archives/edgar/data/855658/000085565813000075/a2013q110q.htm"}, {"date": "2012-12-29", "symbol": "LSCC", "reportedCurrency": "USD", "cik": "0000855658", "fillingDate": "2013-03-08", "acceptedDate": "2013-03-08 13:55:06", "calendarYear": "2012", "period": "Q4", "revenue": 65875000, "costOfRevenue": 30202000, "grossProfit": 35673000, "grossProfitRatio": 0.5415256167, "researchAndDevelopmentExpenses": 18655000, "generalAndAdministrativeExpenses": 0, "sellingAndMarketingExpenses": 0, "sellingGeneralAndAdministrativeExpenses": 17269000, "otherExpenses": -341000, "operatingExpenses": 35924000, "costAndExpenses": 66126000, "interestIncome": 0, "interestExpense": 0, "depreciationAndAmortization": 5987000, "ebitda": 5736000, "ebitdaratio": 0.0870740038, "operatingIncome": -6386000, "operatingIncomeRatio": -0.0969411765, "totalOtherIncomeExpensesNet": -341000, "incomeBeforeTax": -6727000, "incomeBeforeTaxRatio": -0.1021176471, "incomeTaxExpense": 448000, "netIncome": -7175000, "netIncomeRatio": -0.1089184061, "eps": -0.0619, "epsdiluted": -0.0619, "weightedAverageShsOut": 115943000, "weightedAverageShsOutDil": 115943000, "link": "https://www.sec.gov/Archives/edgar/data/855658/000085565813000021/0000855658-13-000021-index.htm", "finalLink": "https://www.sec.gov/Archives/edgar/data/855658/000085565813000021/a201210-k.htm"}, {"date": "2012-09-29", "symbol": "LSCC", "reportedCurrency": "USD", "cik": "0000855658", "fillingDate": "2012-11-06", "acceptedDate": "2012-11-06 16:15:26", "calendarYear": "2012", "period": "Q3", "revenue": 70889000, "costOfRevenue": 32341000, "grossProfit": 38548000, "grossProfitRatio": 0.5437797119, "researchAndDevelopmentExpenses": 20446000, "generalAndAdministrativeExpenses": 0, "sellingAndMarketingExpenses": 0, "sellingGeneralAndAdministrativeExpenses": 17720000, "otherExpenses": 88000, "operatingExpenses": 38166000, "costAndExpenses": 70507000, "interestIncome": 0, "interestExpense": 1282000, "depreciationAndAmortization": 5891000, "ebitda": 6273000, "ebitdaratio": 0.0884904569, "operatingIncome": -347000, "operatingIncomeRatio": -0.0048949767, "totalOtherIncomeExpensesNet": 88000, "incomeBeforeTax": -259000, "incomeBeforeTaxRatio": -0.0036535993, "incomeTaxExpense": 1916000, "netIncome": -2175000, "netIncomeRatio": -0.0306817701, "eps": -0.0186, "epsdiluted": -0.0186, "weightedAverageShsOut": 116785000, "weightedAverageShsOutDil": 116785000, "link": "https://www.sec.gov/Archives/edgar/data/855658/000085565812000150/0000855658-12-000150-index.htm", "finalLink": "https://www.sec.gov/Archives/edgar/data/855658/000085565812000150/a2012q310q.htm"}, {"date": "2012-06-30", "symbol": "LSCC", "reportedCurrency": "USD", "cik": "0000855658", "fillingDate": "2012-08-07", "acceptedDate": "2012-08-07 14:32:03", "calendarYear": "2012", "period": "Q2", "revenue": 70792000, "costOfRevenue": 33741000, "grossProfit": 37051000, "grossProfitRatio": 0.5233783478, "researchAndDevelopmentExpenses": 19363000, "generalAndAdministrativeExpenses": 0, "sellingAndMarketingExpenses": 0, "sellingGeneralAndAdministrativeExpenses": 19405000, "otherExpenses": 0, "operatingExpenses": 38768000, "costAndExpenses": 72509000, "interestIncome": 238000, "interestExpense": 238000, "depreciationAndAmortization": 5244000, "ebitda": 3527000, "ebitdaratio": 0.0498220138, "operatingIncome": -2786000, "operatingIncomeRatio": -0.0393547293, "totalOtherIncomeExpensesNet": 694000, "incomeBeforeTax": -2092000, "incomeBeforeTaxRatio": -0.0295513617, "incomeTaxExpense": 10450000, "netIncome": -12542000, "netIncomeRatio": -0.1771669115, "eps": -0.11, "epsdiluted": -0.11, "weightedAverageShsOut": 117874000, "weightedAverageShsOutDil": 117874000, "link": "https://www.sec.gov/Archives/edgar/data/855658/000085565812000127/0000855658-12-000127-index.htm", "finalLink": "https://www.sec.gov/Archives/edgar/data/855658/000085565812000127/a2012q210q.htm"}, {"date": "2012-03-31", "symbol": "LSCC", "reportedCurrency": "USD", "cik": "0000855658", "fillingDate": "2012-05-10", "acceptedDate": "2012-05-10 11:57:50", "calendarYear": "2012", "period": "Q1", "revenue": 71700000, "costOfRevenue": 32215000, "grossProfit": 39485000, "grossProfitRatio": 0.5506973501, "researchAndDevelopmentExpenses": 19146000, "generalAndAdministrativeExpenses": 0, "sellingAndMarketingExpenses": 0, "sellingGeneralAndAdministrativeExpenses": 17923000, "otherExpenses": 64000, "operatingExpenses": 37069000, "costAndExpenses": 69284000, "interestIncome": 227000, "interestExpense": 227000, "depreciationAndAmortization": 5027000, "ebitda": 7443000, "ebitdaratio": 0.1038075314, "operatingIncome": 153000, "operatingIncomeRatio": 0.0021338912, "totalOtherIncomeExpensesNet": 64000, "incomeBeforeTax": 217000, "incomeBeforeTaxRatio": 0.0030264993, "incomeTaxExpense": 7931000, "netIncome": -7714000, "netIncomeRatio": -0.1075871688, "eps": -0.0653, "epsdiluted": -0.0653, "weightedAverageShsOut": 118174000, "weightedAverageShsOutDil": 118174000, "link": "https://www.sec.gov/Archives/edgar/data/855658/000085565812000099/0000855658-12-000099-index.htm", "finalLink": "https://www.sec.gov/Archives/edgar/data/855658/000085565812000099/a2012q110q.htm"}, {"date": "2011-12-31", "symbol": "LSCC", "reportedCurrency": "USD", "cik": "0000855658", "fillingDate": "2012-03-12", "acceptedDate": "2012-03-12 17:07:07", "calendarYear": "2011", "period": "Q4", "revenue": 70170000, "costOfRevenue": 29707000, "grossProfit": 40463000, "grossProfitRatio": 0.5766424398, "researchAndDevelopmentExpenses": 16085000, "generalAndAdministrativeExpenses": 0, "sellingAndMarketingExpenses": 0, "sellingGeneralAndAdministrativeExpenses": 17121000, "otherExpenses": 0, "operatingExpenses": 33206000, "costAndExpenses": 62913000, "interestIncome": 322000, "interestExpense": 322000, "depreciationAndAmortization": 4068000, "ebitda": 11325000, "ebitdaratio": 0.161393758, "operatingIncome": 5624000, "operatingIncomeRatio": 0.0801482115, "totalOtherIncomeExpensesNet": 255000, "incomeBeforeTax": 5879000, "incomeBeforeTaxRatio": 0.0837822431, "incomeTaxExpense": -35066000, "netIncome": 40945000, "netIncomeRatio": 0.5835114721, "eps": 0.35, "epsdiluted": 0.34, "weightedAverageShsOut": 117528000, "weightedAverageShsOutDil": 120473000, "link": "https://www.sec.gov/Archives/edgar/data/855658/000085565812000035/0000855658-12-000035-index.htm", "finalLink": "https://www.sec.gov/Archives/edgar/data/855658/000085565812000035/a201110-k12x31x2011.htm"}, {"date": "2011-10-01", "symbol": "LSCC", "reportedCurrency": "USD", "cik": "0000855658", "fillingDate": "2011-11-04", "acceptedDate": "2011-11-04 14:04:20", "calendarYear": "2011", "period": "Q3", "revenue": 81720000, "costOfRevenue": 33866000, "grossProfit": 47854000, "grossProfitRatio": 0.5855849241, "researchAndDevelopmentExpenses": 16999000, "generalAndAdministrativeExpenses": 0, "sellingAndMarketingExpenses": 0, "sellingGeneralAndAdministrativeExpenses": 16809000, "otherExpenses": 0, "operatingExpenses": 33808000, "costAndExpenses": 67674000, "interestIncome": 218000, "interestExpense": 218000, "depreciationAndAmortization": 4089000, "ebitda": 18135000, "ebitdaratio": 0.2219162996, "operatingIncome": 12286000, "operatingIncomeRatio": 0.1503426334, "totalOtherIncomeExpensesNet": 248000, "incomeBeforeTax": 12534000, "incomeBeforeTaxRatio": 0.1533773862, "incomeTaxExpense": -803000, "netIncome": 13337000, "netIncomeRatio": 0.1632036221, "eps": 0.11, "epsdiluted": 0.11, "weightedAverageShsOut": 117926000, "weightedAverageShsOutDil": 120627000, "link": "https://www.sec.gov/Archives/edgar/data/855658/000085565811000106/0000855658-11-000106-index.htm", "finalLink": "https://www.sec.gov/Archives/edgar/data/855658/000085565811000106/a2011q310q.htm"}, {"date": "2011-07-02", "symbol": "LSCC", "reportedCurrency": "USD", "cik": "0000855658", "fillingDate": "2011-08-05", "acceptedDate": "2011-08-05 12:28:25", "calendarYear": "2011", "period": "Q2", "revenue": 83861000, "costOfRevenue": 33190000, "grossProfit": 50671000, "grossProfitRatio": 0.6042260407, "researchAndDevelopmentExpenses": 18631000, "generalAndAdministrativeExpenses": 0, "sellingAndMarketingExpenses": 0, "sellingGeneralAndAdministrativeExpenses": 17738000, "otherExpenses": 0, "operatingExpenses": 36369000, "costAndExpenses": 69559000, "interestIncome": 303000, "interestExpense": 303000, "depreciationAndAmortization": 4426000, "ebitda": 15421000, "ebitdaratio": 0.1838876236, "operatingIncome": 12915000, "operatingIncomeRatio": 0.1540048413, "totalOtherIncomeExpensesNet": 268000, "incomeBeforeTax": 13183000, "incomeBeforeTaxRatio": 0.1572006058, "incomeTaxExpense": 152000, "netIncome": 13031000, "netIncomeRatio": 0.1553880827, "eps": 0.11, "epsdiluted": 0.11, "weightedAverageShsOut": 118047000, "weightedAverageShsOutDil": 121468000, "link": "https://www.sec.gov/Archives/edgar/data/855658/000085565811000071/0000855658-11-000071-index.htm", "finalLink": "https://www.sec.gov/Archives/edgar/data/855658/000085565811000071/a2011q210q.htm"}, {"date": "2011-04-02", "symbol": "LSCC", "reportedCurrency": "USD", "cik": "0000855658", "fillingDate": "2011-05-05", "acceptedDate": "2011-05-05 16:39:50", "calendarYear": "2011", "period": "Q1", "revenue": 82615000, "costOfRevenue": 33006000, "grossProfit": 49609000, "grossProfitRatio": 0.6004841736, "researchAndDevelopmentExpenses": 20140000, "generalAndAdministrativeExpenses": 0, "sellingAndMarketingExpenses": 0, "sellingGeneralAndAdministrativeExpenses": 17170000, "otherExpenses": 0, "operatingExpenses": 37310000, "costAndExpenses": 70316000, "interestIncome": 299000, "interestExpense": 299000, "depreciationAndAmortization": 4083000, "ebitda": 16382000, "ebitdaratio": 0.1982932881, "operatingIncome": 10464000, "operatingIncomeRatio": 0.1266598075, "totalOtherIncomeExpensesNet": 663000, "incomeBeforeTax": 11127000, "incomeBeforeTaxRatio": 0.1346849846, "incomeTaxExpense": 208000, "netIncome": 10919000, "netIncomeRatio": 0.132167282, "eps": 0.09, "epsdiluted": 0.09, "weightedAverageShsOut": 117996000, "weightedAverageShsOutDil": 121864000, "link": "https://www.sec.gov/Archives/edgar/data/855658/000085565811000048/0000855658-11-000048-index.htm", "finalLink": "https://www.sec.gov/Archives/edgar/data/855658/000085565811000048/a2011q110q.htm"}, {"date": "2011-01-01", "symbol": "LSCC", "reportedCurrency": "USD", "cik": "0000855658", "fillingDate": "2011-03-11", "acceptedDate": "2011-03-11 11:37:47", "calendarYear": "2010", "period": "Q4", "revenue": 73080000, "costOfRevenue": 27239000, "grossProfit": 45841000, "grossProfitRatio": 0.6272714833, "researchAndDevelopmentExpenses": 15672000, "generalAndAdministrativeExpenses": 0, "sellingAndMarketingExpenses": 0, "sellingGeneralAndAdministrativeExpenses": 16738000, "otherExpenses": 0, "operatingExpenses": 32410000, "costAndExpenses": 59649000, "interestIncome": 0, "interestExpense": 0, "depreciationAndAmortization": 3850000, "ebitda": 17281000, "ebitdaratio": 0.2364668856, "operatingIncome": 13461000, "operatingIncomeRatio": 0.1841954023, "totalOtherIncomeExpensesNet": 558000, "incomeBeforeTax": 14019000, "incomeBeforeTaxRatio": 0.1918308703, "incomeTaxExpense": 140000, "netIncome": 13879000, "netIncomeRatio": 0.1899151615, "eps": 0.11, "epsdiluted": 0.11, "weightedAverageShsOut": 117908000, "weightedAverageShsOutDil": 121200000, "link": "https://www.sec.gov/Archives/edgar/data/855658/000085565811000033/0000855658-11-000033-index.htm", "finalLink": "https://www.sec.gov/Archives/edgar/data/855658/000085565811000033/a201010k01012011.htm"}, {"date": "2010-10-02", "symbol": "LSCC", "reportedCurrency": "USD", "cik": "0000855658", "fillingDate": "2010-11-05", "acceptedDate": "2010-11-05 16:07:28", "calendarYear": "2010", "period": "Q3", "revenue": 77137000, "costOfRevenue": 31551000, "grossProfit": 45586000, "grossProfitRatio": 0.5909744999, "researchAndDevelopmentExpenses": 14814000, "generalAndAdministrativeExpenses": 0, "sellingAndMarketingExpenses": 0, "sellingGeneralAndAdministrativeExpenses": 15818000, "otherExpenses": 0, "operatingExpenses": 30632000, "costAndExpenses": 62183000, "interestIncome": 300000, "interestExpense": 300000, "depreciationAndAmortization": 3674000, "ebitda": 18628000, "ebitdaratio": 0.2414924096, "operatingIncome": 14875000, "operatingIncomeRatio": 0.1928387155, "totalOtherIncomeExpensesNet": 669000, "incomeBeforeTax": 15544000, "incomeBeforeTaxRatio": 0.2015115963, "incomeTaxExpense": 176000, "netIncome": 15368000, "netIncomeRatio": 0.1992299415, "eps": 0.13, "epsdiluted": 0.13, "weightedAverageShsOut": 117257000, "weightedAverageShsOutDil": 121052000, "link": "https://www.sec.gov/Archives/edgar/data/855658/000085565810000106/0000855658-10-000106-index.htm", "finalLink": "https://www.sec.gov/Archives/edgar/data/855658/000085565810000106/latticeq310q20101002.htm"}]