[{"date": "2025-06-30", "symbol": "SNEX", "reportedCurrency": "USD", "cik": "0000913760", "fillingDate": "2025-08-07", "acceptedDate": "2025-08-06 17:53:32", "calendarYear": "2025", "period": "Q3", "revenue": 34828800000, "costOfRevenue": 33964000000, "grossProfit": 864800000, "grossProfitRatio": 0.0248300257, "researchAndDevelopmentExpenses": 0, "generalAndAdministrativeExpenses": 89200000, "sellingAndMarketingExpenses": 13000000, "sellingGeneralAndAdministrativeExpenses": 76200000, "otherExpenses": 0, "operatingExpenses": 76200000, "costAndExpenses": 63710600000, "interestIncome": 831700000, "interestExpense": 341300000, "depreciationAndAmortization": 14900000, "ebitda": 508300000, "ebitdaratio": 0.0145942438, "operatingIncome": 493400000, "operatingIncomeRatio": 0.014166437, "totalOtherIncomeExpensesNet": 0, "incomeBeforeTax": 85600000, "incomeBeforeTaxRatio": 0.0024577361, "incomeTaxExpense": 22200000, "netIncome": 63400000, "netIncomeRatio": 0.0018203326, "eps": 1.35, "epsdiluted": 1.22, "weightedAverageShsOut": 46774000, "weightedAverageShsOutDil": 49303000, "link": "https://www.sec.gov/Archives/edgar/data/913760/000091376025000147/0000913760-25-000147-index.htm", "finalLink": "https://www.sec.gov/Archives/edgar/data/913760/000091376025000147/intl-20250630.htm"}, {"date": "2025-03-31", "symbol": "SNEX", "reportedCurrency": "USD", "cik": "0000913760", "fillingDate": "2025-05-07", "acceptedDate": "2025-05-07 17:29:19", "calendarYear": "2025", "period": "Q2", "revenue": 36890700000, "costOfRevenue": 36299900000, "grossProfit": 590800000, "grossProfitRatio": 0.0160148764, "researchAndDevelopmentExpenses": 0, "generalAndAdministrativeExpenses": 16500000, "sellingAndMarketingExpenses": 13400000, "sellingGeneralAndAdministrativeExpenses": 29900000, "otherExpenses": 130300000, "operatingExpenses": 160200000, "costAndExpenses": 36460100000, "interestIncome": 0, "interestExpense": 331400000, "depreciationAndAmortization": 22500000, "ebitda": 451000000, "ebitdaratio": 0.0122253034, "operatingIncome": 430600000, "operatingIncomeRatio": 0.0116723185, "totalOtherIncomeExpensesNet": -333500000, "incomeBeforeTax": 97100000, "incomeBeforeTaxRatio": 0.0026320997, "incomeTaxExpense": 25400000, "netIncome": 71700000, "netIncomeRatio": 0.0019435793, "eps": 1.49, "epsdiluted": 1.41, "weightedAverageShsOut": 46789000, "weightedAverageShsOutDil": 49376000, "link": "https://www.sec.gov/Archives/edgar/data/913760/000091376025000089/0000913760-25-000089-index.htm", "finalLink": "https://www.sec.gov/Archives/edgar/data/913760/000091376025000089/intl-20250331.htm"}, {"date": "2024-12-31", "symbol": "SNEX", "reportedCurrency": "USD", "cik": "0000913760", "fillingDate": "2025-02-05", "acceptedDate": "2025-02-05 17:22:22", "calendarYear": "2025", "period": "Q1", "revenue": 27935300000, "costOfRevenue": 252500000, "grossProfit": 27682800000, "grossProfitRatio": 0.9909612569, "researchAndDevelopmentExpenses": 0, "generalAndAdministrativeExpenses": 19000000, "sellingAndMarketingExpenses": 12000000, "sellingGeneralAndAdministrativeExpenses": 31000000, "otherExpenses": 0, "operatingExpenses": 31000000, "costAndExpenses": 27495700000, "interestIncome": 0, "interestExpense": 321400000, "depreciationAndAmortization": 23400000, "ebitda": 461700000, "ebitdaratio": 0.016527476, "operatingIncome": 27651800000, "operatingIncomeRatio": 0.9898515498, "totalOtherIncomeExpensesNet": -27534900000, "incomeBeforeTax": 116900000, "incomeBeforeTaxRatio": 0.0041846696, "incomeTaxExpense": 31800000, "netIncome": 85100000, "netIncomeRatio": 0.0030463249, "eps": 1.77, "epsdiluted": 1.69, "weightedAverageShsOut": 46464000, "weightedAverageShsOutDil": 48667000, "link": "https://www.sec.gov/Archives/edgar/data/913760/000091376025000024/0000913760-25-000024-index.htm", "finalLink": "https://www.sec.gov/Archives/edgar/data/913760/000091376025000024/intl-20241231.htm"}, {"date": "2024-09-30", "symbol": "SNEX", "reportedCurrency": "USD", "cik": "0000913760", "fillingDate": "2024-11-29", "acceptedDate": "2024-11-29 09:20:36", "calendarYear": "2024", "period": "Q4", "revenue": 31139000000, "costOfRevenue": -66262400000, "grossProfit": 97401400000, "grossProfitRatio": 3.1279552972, "researchAndDevelopmentExpenses": 25000000, "generalAndAdministrativeExpenses": -98800000, "sellingAndMarketingExpenses": 12500000, "sellingGeneralAndAdministrativeExpenses": -86300000, "otherExpenses": 91700000, "operatingExpenses": 30400000, "costAndExpenses": 30708900000, "interestIncome": 0, "interestExpense": 337800000, "depreciationAndAmortization": 22400000, "ebitda": 458300000, "ebitdaratio": 0.0147178779, "operatingIncome": 430100000, "operatingIncomeRatio": 0.0138122612, "totalOtherIncomeExpensesNet": 0, "incomeBeforeTax": 98100000, "incomeBeforeTaxRatio": 0.0031503902, "incomeTaxExpense": 21400000, "netIncome": 76700000, "netIncomeRatio": 0.0024631491, "eps": 1.61, "epsdiluted": 1.55, "weightedAverageShsOut": 30807000, "weightedAverageShsOutDil": 32000000, "link": "https://www.sec.gov/Archives/edgar/data/913760/000091376024000187/0000913760-24-000187-index.htm", "finalLink": "https://www.sec.gov/Archives/edgar/data/913760/000091376024000187/intl-20240930.htm"}, {"date": "2024-06-30", "symbol": "SNEX", "reportedCurrency": "USD", "cik": "0000913760", "fillingDate": "2024-08-07", "acceptedDate": "2024-08-06 17:46:02", "calendarYear": "2024", "period": "Q3", "revenue": 27069700000, "costOfRevenue": 26502000000, "grossProfit": 567700000, "grossProfitRatio": 0.0209717876, "researchAndDevelopmentExpenses": 0, "generalAndAdministrativeExpenses": 75900000, "sellingAndMarketingExpenses": 12800000, "sellingGeneralAndAdministrativeExpenses": 88700000, "otherExpenses": 0, "operatingExpenses": 32800000, "costAndExpenses": 26664200000, "interestIncome": 0, "interestExpense": 321100000, "depreciationAndAmortization": 19600000, "ebitda": 425100000, "ebitdaratio": 0.0157039051, "operatingIncome": 411900000, "operatingIncomeRatio": 0.015216275, "totalOtherIncomeExpensesNet": -323900000, "incomeBeforeTax": 88000000, "incomeBeforeTaxRatio": 0.0032508672, "incomeTaxExpense": 26100000, "netIncome": 61900000, "netIncomeRatio": 0.0022866895, "eps": 1.95, "epsdiluted": 1.88, "weightedAverageShsOut": 30643270, "weightedAverageShsOutDil": 31743032, "link": "https://www.sec.gov/Archives/edgar/data/913760/000091376024000138/0000913760-24-000138-index.htm", "finalLink": "https://www.sec.gov/Archives/edgar/data/913760/000091376024000138/intl-20240630.htm"}, {"date": "2024-03-31", "symbol": "SNEX", "reportedCurrency": "USD", "cik": "0000913760", "fillingDate": "2024-05-09", "acceptedDate": "2024-05-08 18:38:53", "calendarYear": "2024", "period": "Q2", "revenue": 22106100000, "costOfRevenue": 21606700000, "grossProfit": 499400000, "grossProfitRatio": 0.0225910495, "researchAndDevelopmentExpenses": 18000000, "generalAndAdministrativeExpenses": 76900000, "sellingAndMarketingExpenses": 15600000, "sellingGeneralAndAdministrativeExpenses": 92500000, "otherExpenses": 48500000, "operatingExpenses": 159000000, "costAndExpenses": 21767100000, "interestIncome": 0, "interestExpense": 275400000, "depreciationAndAmortization": 18200000, "ebitda": 357200000, "ebitdaratio": 0.0161584359, "operatingIncome": 340400000, "operatingIncomeRatio": 0.0153984647, "totalOtherIncomeExpensesNet": -268100000, "incomeBeforeTax": 72300000, "incomeBeforeTaxRatio": 0.0032705905, "incomeTaxExpense": 19200000, "netIncome": 53100000, "netIncomeRatio": 0.0024020519, "eps": 1.68, "epsdiluted": 1.63, "weightedAverageShsOut": 30473856, "weightedAverageShsOutDil": 31498943, "link": "https://www.sec.gov/Archives/edgar/data/913760/000091376024000094/0000913760-24-000094-index.htm", "finalLink": "https://www.sec.gov/Archives/edgar/data/913760/000091376024000094/intl-20240331.htm"}, {"date": "2023-12-31", "symbol": "SNEX", "reportedCurrency": "USD", "cik": "0000913760", "fillingDate": "2024-02-06", "acceptedDate": "2024-02-06 17:29:34", "calendarYear": "2024", "period": "Q1", "revenue": 19573000000, "costOfRevenue": 19096100000, "grossProfit": 476900000, "grossProfitRatio": 0.024365197, "researchAndDevelopmentExpenses": 0, "generalAndAdministrativeExpenses": 15700000, "sellingAndMarketingExpenses": 11700000, "sellingGeneralAndAdministrativeExpenses": 27400000, "otherExpenses": 0, "operatingExpenses": 27400000, "costAndExpenses": 20247800000, "interestIncome": 0, "interestExpense": 249200000, "depreciationAndAmortization": 14400000, "ebitda": 357400000, "ebitdaratio": 0.0182598477, "operatingIncome": 345900000, "operatingIncomeRatio": 0.0176723037, "totalOtherIncomeExpensesNet": -250200000, "incomeBeforeTax": 95700000, "incomeBeforeTaxRatio": 0.0048893884, "incomeTaxExpense": 26600000, "netIncome": 69100000, "netIncomeRatio": 0.0035303735, "eps": 2.21, "epsdiluted": 2.13, "weightedAverageShsOut": 30233107, "weightedAverageShsOutDil": 31274307, "link": "https://www.sec.gov/Archives/edgar/data/913760/000091376024000025/0000913760-24-000025-index.htm", "finalLink": "https://www.sec.gov/Archives/edgar/data/913760/000091376024000025/intl-20231231.htm"}, {"date": "2023-09-30", "symbol": "SNEX", "reportedCurrency": "USD", "cik": "0000913760", "fillingDate": "2023-11-24", "acceptedDate": "2023-11-24 12:55:33", "calendarYear": "2023", "period": "Q4", "revenue": 16635600000, "costOfRevenue": 16257800000, "grossProfit": 377800000, "grossProfitRatio": 0.0227103321, "researchAndDevelopmentExpenses": 0, "generalAndAdministrativeExpenses": 29200000, "sellingAndMarketingExpenses": 13200000, "sellingGeneralAndAdministrativeExpenses": 42400000, "otherExpenses": 0, "operatingExpenses": 96300000, "costAndExpenses": 16302400000, "interestIncome": 0, "interestExpense": 266500000, "depreciationAndAmortization": 17500000, "ebitda": 357500000, "ebitdaratio": 0.0214900575, "operatingIncome": 403700000, "operatingIncomeRatio": 0.0242672341, "totalOtherIncomeExpensesNet": -328300000, "incomeBeforeTax": 75400000, "incomeBeforeTaxRatio": 0.0045324485, "incomeTaxExpense": 24700000, "netIncome": 50700000, "netIncomeRatio": 0.0030476809, "eps": 1.62, "epsdiluted": 1.57, "weightedAverageShsOut": 30131439, "weightedAverageShsOutDil": 31129733, "link": "https://www.sec.gov/Archives/edgar/data/913760/000091376023000159/0000913760-23-000159-index.htm", "finalLink": "https://www.sec.gov/Archives/edgar/data/913760/000091376023000159/intl-20230930.htm"}, {"date": "2023-06-30", "symbol": "SNEX", "reportedCurrency": "USD", "cik": "0000913760", "fillingDate": "2023-08-02", "acceptedDate": "2023-08-02 17:29:38", "calendarYear": "2023", "period": "Q3", "revenue": 15047900000, "costOfRevenue": 14583300000, "grossProfit": 464600000, "grossProfitRatio": 0.03087474, "researchAndDevelopmentExpenses": 0, "generalAndAdministrativeExpenses": 58100000, "sellingAndMarketingExpenses": 13700000, "sellingGeneralAndAdministrativeExpenses": 71800000, "otherExpenses": 0, "operatingExpenses": 165000000, "costAndExpenses": 14724100000, "interestIncome": 0, "interestExpense": 230900000, "depreciationAndAmortization": 16000000, "ebitda": 339800000, "ebitdaratio": 0.022581224, "operatingIncome": 435900000, "operatingIncomeRatio": 0.0289674971, "totalOtherIncomeExpensesNet": -341400000, "incomeBeforeTax": 94500000, "incomeBeforeTaxRatio": 0.006279946, "incomeTaxExpense": 25000000, "netIncome": 69500000, "netIncomeRatio": 0.0046185847, "eps": 2.23, "epsdiluted": 2.17, "weightedAverageShsOut": 30060249, "weightedAverageShsOutDil": 30981448, "link": "https://www.sec.gov/Archives/edgar/data/913760/000091376023000114/0000913760-23-000114-index.htm", "finalLink": "https://www.sec.gov/Archives/edgar/data/913760/000091376023000114/intl-20230630.htm"}, {"date": "2023-03-31", "symbol": "SNEX", "reportedCurrency": "USD", "cik": "0000913760", "fillingDate": "2023-05-03", "acceptedDate": "2023-05-03 17:20:53", "calendarYear": "2023", "period": "Q2", "revenue": 16161000000, "costOfRevenue": 15760400000, "grossProfit": 400600000, "grossProfitRatio": 0.02478807, "researchAndDevelopmentExpenses": 0, "generalAndAdministrativeExpenses": 74000000, "sellingAndMarketingExpenses": 14200000, "sellingGeneralAndAdministrativeExpenses": 88200000, "otherExpenses": 0, "operatingExpenses": 25500000, "costAndExpenses": 15910600000, "interestIncome": 0, "interestExpense": 193600000, "depreciationAndAmortization": 15400000, "ebitda": 265800000, "ebitdaratio": 0.016447002, "operatingIncome": 399400000, "operatingIncomeRatio": 0.0247138172, "totalOtherIncomeExpensesNet": -341900000, "incomeBeforeTax": 57500000, "incomeBeforeTaxRatio": 0.0035579481, "incomeTaxExpense": 15800000, "netIncome": 41700000, "netIncomeRatio": 0.0025802859, "eps": 1.35, "epsdiluted": 1.3, "weightedAverageShsOut": 29895039, "weightedAverageShsOutDil": 30931792, "link": "https://www.sec.gov/Archives/edgar/data/913760/000091376023000075/0000913760-23-000075-index.htm", "finalLink": "https://www.sec.gov/Archives/edgar/data/913760/000091376023000075/intl-20230331.htm"}, {"date": "2022-12-31", "symbol": "SNEX", "reportedCurrency": "USD", "cik": "0000913760", "fillingDate": "2023-02-07", "acceptedDate": "2023-02-07 16:44:45", "calendarYear": "2023", "period": "Q1", "revenue": 13011600000, "costOfRevenue": 12644800000, "grossProfit": 366800000, "grossProfitRatio": 0.0281902303, "researchAndDevelopmentExpenses": 0, "generalAndAdministrativeExpenses": 52900000, "sellingAndMarketingExpenses": 12900000, "sellingGeneralAndAdministrativeExpenses": 65800000, "otherExpenses": 0, "operatingExpenses": 28800000, "costAndExpenses": 12770600000, "interestIncome": 0, "interestExpense": 168700000, "depreciationAndAmortization": 16100000, "ebitda": 262600000, "ebitdaratio": 0.0201819915, "operatingIncome": 241500000, "operatingIncomeRatio": 0.0185603615, "totalOtherIncomeExpensesNet": -145900000, "incomeBeforeTax": 95600000, "incomeBeforeTaxRatio": 0.0073472901, "incomeTaxExpense": 19000000, "netIncome": 76600000, "netIncomeRatio": 0.0058870546, "eps": 2.5, "epsdiluted": 2.41, "weightedAverageShsOut": 31784232, "weightedAverageShsOutDil": 30749778, "link": "https://www.sec.gov/Archives/edgar/data/913760/000091376023000025/0000913760-23-000025-index.htm", "finalLink": "https://www.sec.gov/Archives/edgar/data/913760/000091376023000025/intl-20221231.htm"}, {"date": "2022-09-30", "symbol": "SNEX", "reportedCurrency": "USD", "cik": "0000913760", "fillingDate": "2022-11-29", "acceptedDate": "2022-11-29 16:25:31", "calendarYear": "2022", "period": "Q4", "revenue": 16381000000, "costOfRevenue": 16109500000, "grossProfit": 271500000, "grossProfitRatio": 0.0165740797, "researchAndDevelopmentExpenses": 0, "generalAndAdministrativeExpenses": 31100000, "sellingAndMarketingExpenses": 14000000, "sellingGeneralAndAdministrativeExpenses": 45100000, "otherExpenses": 0, "operatingExpenses": -116200000, "costAndExpenses": 16225400000, "interestIncome": 0, "interestExpense": 89200000, "depreciationAndAmortization": 16100000, "ebitda": 171700000, "ebitdaratio": 0.0104816556, "operatingIncome": 387700000, "operatingIncomeRatio": 0.0236676638, "totalOtherIncomeExpensesNet": -321300000, "incomeBeforeTax": 66400000, "incomeBeforeTaxRatio": 0.0040534766, "incomeTaxExpense": 14100000, "netIncome": 52300000, "netIncomeRatio": 0.0031927233, "eps": 1.72, "epsdiluted": 1.66, "weightedAverageShsOut": 19690761, "weightedAverageShsOutDil": 20352682, "link": "https://www.sec.gov/Archives/edgar/data/913760/000091376022000174/0000913760-22-000174-index.htm", "finalLink": "https://www.sec.gov/Archives/edgar/data/913760/000091376022000174/intl-20220930.htm"}, {"date": "2022-06-30", "symbol": "SNEX", "reportedCurrency": "USD", "cik": "0000913760", "fillingDate": "2022-08-03", "acceptedDate": "2022-08-03 16:25:30", "calendarYear": "2022", "period": "Q3", "revenue": 18930900000, "costOfRevenue": 18701900000, "grossProfit": 229000000, "grossProfitRatio": 0.0120966251, "researchAndDevelopmentExpenses": 0, "generalAndAdministrativeExpenses": 51200000, "sellingAndMarketingExpenses": 16000000, "sellingGeneralAndAdministrativeExpenses": 67200000, "otherExpenses": 0, "operatingExpenses": 29200000, "costAndExpenses": 18821200000, "interestIncome": 0, "interestExpense": 38800000, "depreciationAndAmortization": 16000000, "ebitda": 125700000, "ebitdaratio": 0.0066399379, "operatingIncome": 126000000, "operatingIncomeRatio": 0.006655785, "totalOtherIncomeExpensesNet": -55100000, "incomeBeforeTax": 70900000, "incomeBeforeTaxRatio": 0.0037451996, "incomeTaxExpense": 21800000, "netIncome": 49100000, "netIncomeRatio": 0.0025936432, "eps": 1.61, "epsdiluted": 1.58, "weightedAverageShsOut": 19634450, "weightedAverageShsOutDil": 20109992, "link": "https://www.sec.gov/Archives/edgar/data/913760/000091376022000133/0000913760-22-000133-index.htm", "finalLink": "https://www.sec.gov/Archives/edgar/data/913760/000091376022000133/intl-20220630.htm"}, {"date": "2022-03-31", "symbol": "SNEX", "reportedCurrency": "USD", "cik": "0000913760", "fillingDate": "2022-05-04", "acceptedDate": "2022-05-04 16:57:56", "calendarYear": "2022", "period": "Q2", "revenue": 16382700000, "costOfRevenue": 16167700000, "grossProfit": 215000000, "grossProfitRatio": 0.0131235999, "researchAndDevelopmentExpenses": 0, "generalAndAdministrativeExpenses": 30100000, "sellingAndMarketingExpenses": 14300000, "sellingGeneralAndAdministrativeExpenses": 44400000, "otherExpenses": 0, "operatingExpenses": 121000000, "costAndExpenses": 16277000000, "interestIncome": 0, "interestExpense": 24700000, "depreciationAndAmortization": 15300000, "ebitda": 121000000, "ebitdaratio": 0.0073858399, "operatingIncome": 400300000, "operatingIncomeRatio": 0.0244343118, "totalOtherIncomeExpensesNet": -312900000, "incomeBeforeTax": 87400000, "incomeBeforeTaxRatio": 0.005334896, "incomeTaxExpense": 23400000, "netIncome": 64000000, "netIncomeRatio": 0.00390656, "eps": 2.12, "epsdiluted": 2.07, "weightedAverageShsOut": 29360805, "weightedAverageShsOutDil": 30019062, "link": "https://www.sec.gov/Archives/edgar/data/913760/000091376022000087/0000913760-22-000087-index.htm", "finalLink": "https://www.sec.gov/Archives/edgar/data/913760/000091376022000087/intl-20220331.htm"}, {"date": "2021-12-31", "symbol": "SNEX", "reportedCurrency": "USD", "cik": "0000913760", "fillingDate": "2022-02-07", "acceptedDate": "2022-02-07 17:24:53", "calendarYear": "2022", "period": "Q1", "revenue": 14341400000, "costOfRevenue": 14176600000, "grossProfit": 164800000, "grossProfitRatio": 0.0114912073, "researchAndDevelopmentExpenses": 0, "generalAndAdministrativeExpenses": 27500000, "sellingAndMarketingExpenses": 11000000, "sellingGeneralAndAdministrativeExpenses": 38500000, "otherExpenses": 0, "operatingExpenses": 129000000, "costAndExpenses": 14261400000, "interestIncome": 0, "interestExpense": 27500000, "depreciationAndAmortization": 12900000, "ebitda": 92900000, "ebitdaratio": 0.0064777497, "operatingIncome": 313800000, "operatingIncomeRatio": 0.021880709, "totalOtherIncomeExpensesNet": -261300000, "incomeBeforeTax": 52500000, "incomeBeforeTaxRatio": 0.0036607305, "incomeTaxExpense": 10800000, "netIncome": 41700000, "netIncomeRatio": 0.0029076659, "eps": 1.39, "epsdiluted": 1.36, "weightedAverageShsOut": 19383303, "weightedAverageShsOutDil": 19858712, "link": "https://www.sec.gov/Archives/edgar/data/913760/000091376022000029/0000913760-22-000029-index.htm", "finalLink": "https://www.sec.gov/Archives/edgar/data/913760/000091376022000029/intl-20211231.htm"}, {"date": "2021-09-30", "symbol": "SNEX", "reportedCurrency": "USD", "cik": "0000913760", "fillingDate": "2021-11-29", "acceptedDate": "2021-11-29 16:59:36", "calendarYear": "2021", "period": "Q4", "revenue": 11846800000, "costOfRevenue": 11724000000, "grossProfit": 122800000, "grossProfitRatio": 0.0103656684, "researchAndDevelopmentExpenses": 0, "generalAndAdministrativeExpenses": 25600000, "sellingAndMarketingExpenses": 9900000, "sellingGeneralAndAdministrativeExpenses": 35500000, "otherExpenses": 0, "operatingExpenses": -138900000, "costAndExpenses": 11585100000, "interestIncome": 0, "interestExpense": 24300000, "depreciationAndAmortization": 15500000, "ebitda": 45100000, "ebitdaratio": 0.0038069352, "operatingIncome": 261700000, "operatingIncomeRatio": 0.0220903535, "totalOtherIncomeExpensesNet": -256800000, "incomeBeforeTax": 4900000, "incomeBeforeTaxRatio": 0.0004136138, "incomeTaxExpense": -2400000, "netIncome": 7300000, "netIncomeRatio": 0.0006162002, "eps": 0.25, "epsdiluted": 0.24, "weightedAverageShsOut": 19215840, "weightedAverageShsOutDil": 19704481, "link": "https://www.sec.gov/Archives/edgar/data/913760/000091376021000189/0000913760-21-000189-index.htm", "finalLink": "https://www.sec.gov/Archives/edgar/data/913760/000091376021000189/intl-20210930.htm"}, {"date": "2021-06-30", "symbol": "SNEX", "reportedCurrency": "USD", "cik": "0000913760", "fillingDate": "2021-08-09", "acceptedDate": "2021-08-09 16:22:16", "calendarYear": "2021", "period": "Q3", "revenue": 10192100000, "costOfRevenue": 10048100000, "grossProfit": 144000000, "grossProfitRatio": 0.0141285898, "researchAndDevelopmentExpenses": 0, "generalAndAdministrativeExpenses": 25200000, "sellingAndMarketingExpenses": 8100000, "sellingGeneralAndAdministrativeExpenses": 33300000, "otherExpenses": 0, "operatingExpenses": 115000000, "costAndExpenses": 10125100000, "interestIncome": 0, "interestExpense": 24600000, "depreciationAndAmortization": 11400000, "ebitda": 78400000, "ebitdaratio": 0.0076922322, "operatingIncome": 298000000, "operatingIncomeRatio": 0.0292383316, "totalOtherIncomeExpensesNet": -252000000, "incomeBeforeTax": 46000000, "incomeBeforeTaxRatio": 0.0045132995, "incomeTaxExpense": 11800000, "netIncome": 34200000, "netIncomeRatio": 0.0033555401, "eps": 1.15, "epsdiluted": 1.11, "weightedAverageShsOut": 19255452, "weightedAverageShsOutDil": 19855226, "link": "https://www.sec.gov/Archives/edgar/data/913760/000091376021000132/0000913760-21-000132-index.htm", "finalLink": "https://www.sec.gov/Archives/edgar/data/913760/000091376021000132/intl-20210630.htm"}, {"date": "2021-03-31", "symbol": "SNEX", "reportedCurrency": "USD", "cik": "0000913760", "fillingDate": "2021-05-10", "acceptedDate": "2021-05-10 16:26:35", "calendarYear": "2021", "period": "Q2", "revenue": 11244800000, "costOfRevenue": 11075700000, "grossProfit": 169100000, "grossProfitRatio": 0.015038062, "researchAndDevelopmentExpenses": 0, "generalAndAdministrativeExpenses": 22700000, "sellingAndMarketingExpenses": 6500000, "sellingGeneralAndAdministrativeExpenses": 29200000, "otherExpenses": 0, "operatingExpenses": 107000000, "costAndExpenses": 11146100000, "interestIncome": 0, "interestExpense": 21600000, "depreciationAndAmortization": 10600000, "ebitda": 109300000, "ebitdaratio": 0.0097200484, "operatingIncome": 334200000, "operatingIncomeRatio": 0.0297204041, "totalOtherIncomeExpensesNet": -257900000, "incomeBeforeTax": 76300000, "incomeBeforeTaxRatio": 0.0067853586, "incomeTaxExpense": 21000000, "netIncome": 55300000, "netIncomeRatio": 0.0049178287, "eps": 1.87, "epsdiluted": 1.82, "weightedAverageShsOut": 19112216, "weightedAverageShsOutDil": 19670539, "link": "https://www.sec.gov/Archives/edgar/data/913760/000091376021000077/0000913760-21-000077-index.htm", "finalLink": "https://www.sec.gov/Archives/edgar/data/913760/000091376021000077/intl-20210331.htm"}, {"date": "2020-12-31", "symbol": "SNEX", "reportedCurrency": "USD", "cik": "0000913760", "fillingDate": "2021-02-08", "acceptedDate": "2021-02-08 16:34:52", "calendarYear": "2021", "period": "Q1", "revenue": 9250500000, "costOfRevenue": 9129200000, "grossProfit": 121300000, "grossProfitRatio": 0.0131128047, "researchAndDevelopmentExpenses": 0, "generalAndAdministrativeExpenses": 24200000, "sellingAndMarketingExpenses": 8800000, "sellingGeneralAndAdministrativeExpenses": 33000000, "otherExpenses": 0, "operatingExpenses": 121000000, "costAndExpenses": 9203100000, "interestIncome": 0, "interestExpense": 20400000, "depreciationAndAmortization": 11200000, "ebitda": 58600000, "ebitdaratio": 0.0063347927, "operatingIncome": 256100000, "operatingIncomeRatio": 0.02768499, "totalOtherIncomeExpensesNet": -229200000, "incomeBeforeTax": 26900000, "incomeBeforeTaxRatio": 0.0029079509, "incomeTaxExpense": 7400000, "netIncome": 19500000, "netIncomeRatio": 0.0021079942, "eps": 0.67, "epsdiluted": 0.65, "weightedAverageShsOut": 28411312, "weightedAverageShsOutDil": 19470853, "link": "https://www.sec.gov/Archives/edgar/data/913760/000091376021000027/0000913760-21-000027-index.htm", "finalLink": "https://www.sec.gov/Archives/edgar/data/913760/000091376021000027/intl-20201231.htm"}, {"date": "2020-09-30", "symbol": "SNEX", "reportedCurrency": "USD", "cik": "0000913760", "fillingDate": "2020-12-14", "acceptedDate": "2020-12-14 16:22:08", "calendarYear": "2020", "period": "Q4", "revenue": 14284900000, "costOfRevenue": 14179400000, "grossProfit": 105500000, "grossProfitRatio": 0.007385421, "researchAndDevelopmentExpenses": 0, "generalAndAdministrativeExpenses": 25400000, "sellingAndMarketingExpenses": 6100000, "sellingGeneralAndAdministrativeExpenses": 31500000, "otherExpenses": 0, "operatingExpenses": 103000000, "costAndExpenses": 14256100000, "interestIncome": 0, "interestExpense": 24800000, "depreciationAndAmortization": 7200000, "ebitda": 121800000, "ebitdaratio": 0.008526486, "operatingIncome": 226200000, "operatingIncomeRatio": 0.0158349026, "totalOtherIncomeExpensesNet": -146300000, "incomeBeforeTax": 79900000, "incomeBeforeTaxRatio": 0.0055933188, "incomeTaxExpense": 2500000, "netIncome": 77400000, "netIncomeRatio": 0.0054183088, "eps": 2.67, "epsdiluted": 2.6, "weightedAverageShsOut": 29937213, "weightedAverageShsOutDil": 29038361, "link": "https://www.sec.gov/Archives/edgar/data/913760/000091376020000206/0000913760-20-000206-index.htm", "finalLink": "https://www.sec.gov/Archives/edgar/data/913760/000091376020000206/intl-20200930.htm"}, {"date": "2020-06-30", "symbol": "SNEX", "reportedCurrency": "USD", "cik": "0000913760", "fillingDate": "2020-08-07", "acceptedDate": "2020-08-06 19:06:18", "calendarYear": "2020", "period": "Q3", "revenue": 8243400000, "costOfRevenue": 8132600000, "grossProfit": 110800000, "grossProfitRatio": 0.0134410559, "researchAndDevelopmentExpenses": 0, "generalAndAdministrativeExpenses": 14300000, "sellingAndMarketingExpenses": 500000, "sellingGeneralAndAdministrativeExpenses": 14800000, "otherExpenses": 0, "operatingExpenses": 102000000, "costAndExpenses": 8178800000, "interestIncome": 0, "interestExpense": 15400000, "depreciationAndAmortization": 4400000, "ebitda": 68800000, "ebitdaratio": 0.0083460708, "operatingIncome": 227900000, "operatingIncomeRatio": 0.0276463595, "totalOtherIncomeExpensesNet": -178900000, "incomeBeforeTax": 49000000, "incomeBeforeTaxRatio": 0.0059441493, "incomeTaxExpense": 12400000, "netIncome": 36600000, "netIncomeRatio": 0.0044399156, "eps": 1.27, "epsdiluted": 1.25, "weightedAverageShsOut": 18807104, "weightedAverageShsOutDil": 19103166, "link": "https://www.sec.gov/Archives/edgar/data/913760/000091376020000136/0000913760-20-000136-index.htm", "finalLink": "https://www.sec.gov/Archives/edgar/data/913760/000091376020000136/intl630202010-qq3.htm"}, {"date": "2020-03-31", "symbol": "SNEX", "reportedCurrency": "USD", "cik": "0000913760", "fillingDate": "2020-05-07", "acceptedDate": "2020-05-06 20:46:44", "calendarYear": "2020", "period": "Q2", "revenue": 20366300000, "costOfRevenue": 20229600000, "grossProfit": 136700000, "grossProfitRatio": 0.0067120685, "researchAndDevelopmentExpenses": 0, "generalAndAdministrativeExpenses": 12100000, "sellingAndMarketingExpenses": 4200000, "sellingGeneralAndAdministrativeExpenses": 16300000, "otherExpenses": 0, "operatingExpenses": 99000000, "costAndExpenses": 20280100000, "interestIncome": 0, "interestExpense": 30000000, "depreciationAndAmortization": 4200000, "ebitda": 90300000, "ebitdaratio": 0.004433795, "operatingIncome": 243400000, "operatingIncomeRatio": 0.0119511153, "totalOtherIncomeExpensesNet": -187300000, "incomeBeforeTax": 56100000, "incomeBeforeTaxRatio": 0.0027545504, "incomeTaxExpense": 16800000, "netIncome": 39300000, "netIncomeRatio": 0.0019296583, "eps": 1.35, "epsdiluted": 1.33, "weightedAverageShsOut": 18872937, "weightedAverageShsOutDil": 19189953, "link": "https://www.sec.gov/Archives/edgar/data/913760/000091376020000062/0000913760-20-000062-index.htm", "finalLink": "https://www.sec.gov/Archives/edgar/data/913760/000091376020000062/intl331202010-qq2.htm"}, {"date": "2019-12-31", "symbol": "SNEX", "reportedCurrency": "USD", "cik": "0000913760", "fillingDate": "2020-02-05", "acceptedDate": "2020-02-05 17:19:32", "calendarYear": "2020", "period": "Q1", "revenue": 11245000000, "costOfRevenue": 11144700000, "grossProfit": 100300000, "grossProfitRatio": 0.0089195198, "researchAndDevelopmentExpenses": 0, "generalAndAdministrativeExpenses": 13600000, "sellingAndMarketingExpenses": 1400000, "sellingGeneralAndAdministrativeExpenses": 15000000, "otherExpenses": 0, "operatingExpenses": 104000000, "costAndExpenses": 11189600000, "interestIncome": 0, "interestExpense": 33800000, "depreciationAndAmortization": 3900000, "ebitda": 59400000, "ebitdaratio": 0.0052823477, "operatingIncome": 170500000, "operatingIncomeRatio": 0.0151622944, "totalOtherIncomeExpensesNet": -148800000, "incomeBeforeTax": 21700000, "incomeBeforeTaxRatio": 0.0019297466, "incomeTaxExpense": 5400000, "netIncome": 16300000, "netIncomeRatio": 0.0014495331, "eps": 0.57, "epsdiluted": 0.56, "weightedAverageShsOut": 18750270, "weightedAverageShsOutDil": 19074562, "link": "https://www.sec.gov/Archives/edgar/data/913760/000091376020000025/0000913760-20-000025-index.htm", "finalLink": "https://www.sec.gov/Archives/edgar/data/913760/000091376020000025/intl1231201910-qq1.htm"}, {"date": "2019-09-30", "symbol": "SNEX", "reportedCurrency": "USD", "cik": "0000913760", "fillingDate": "2019-12-12", "acceptedDate": "2019-12-11 18:03:58", "calendarYear": "2019", "period": "Q4", "revenue": 11279600000, "costOfRevenue": 11170600000, "grossProfit": 109000000, "grossProfitRatio": 0.0096634632, "researchAndDevelopmentExpenses": 0, "generalAndAdministrativeExpenses": 12400000, "sellingAndMarketingExpenses": 1100000, "sellingGeneralAndAdministrativeExpenses": 13500000, "otherExpenses": 0, "operatingExpenses": -64400000, "costAndExpenses": 11245600000, "interestIncome": 0, "interestExpense": 40800000, "depreciationAndAmortization": 4400000, "ebitda": 79300000, "ebitdaratio": 0.0070303911, "operatingIncome": 173400000, "operatingIncomeRatio": 0.0153728856, "totalOtherIncomeExpensesNet": -139300000, "incomeBeforeTax": 34100000, "incomeBeforeTaxRatio": 0.0030231568, "incomeTaxExpense": 6900000, "netIncome": 27200000, "netIncomeRatio": 0.002411433, "eps": 0.95, "epsdiluted": 0.93, "weightedAverageShsOut": 18762011, "weightedAverageShsOutDil": 19046420, "link": "https://www.sec.gov/Archives/edgar/data/913760/000091376019000141/0000913760-19-000141-index.htm", "finalLink": "https://www.sec.gov/Archives/edgar/data/913760/000091376019000141/intl0930201910-k.htm"}, {"date": "2019-06-30", "symbol": "SNEX", "reportedCurrency": "USD", "cik": "0000913760", "fillingDate": "2019-08-09", "acceptedDate": "2019-08-08 18:17:29", "calendarYear": "2019", "period": "Q3", "revenue": 7873000000, "costOfRevenue": 7765800000, "grossProfit": 107200000, "grossProfitRatio": 0.0136161565, "researchAndDevelopmentExpenses": 0, "generalAndAdministrativeExpenses": 13300000, "sellingAndMarketingExpenses": 1200000, "sellingGeneralAndAdministrativeExpenses": 14500000, "otherExpenses": 0, "operatingExpenses": 113000000, "costAndExpenses": 7851400000, "interestIncome": 0, "interestExpense": 42500000, "depreciationAndAmortization": 3500000, "ebitda": 67600000, "ebitdaratio": 0.0085863076, "operatingIncome": 165600000, "operatingIncomeRatio": 0.0210339134, "totalOtherIncomeExpensesNet": -144000000, "incomeBeforeTax": 21600000, "incomeBeforeTaxRatio": 0.0027435539, "incomeTaxExpense": 5300000, "netIncome": 16300000, "netIncomeRatio": 0.0020703671, "eps": 0.57, "epsdiluted": 0.56, "weightedAverageShsOut": 18781401, "weightedAverageShsOutDil": 19011526, "link": "https://www.sec.gov/Archives/edgar/data/913760/000091376019000110/0000913760-19-000110-index.htm", "finalLink": "https://www.sec.gov/Archives/edgar/data/913760/000091376019000110/intl0630201910-q.htm"}, {"date": "2019-03-31", "symbol": "SNEX", "reportedCurrency": "USD", "cik": "0000913760", "fillingDate": "2019-05-09", "acceptedDate": "2019-05-08 18:17:31", "calendarYear": "2019", "period": "Q2", "revenue": 7192200000, "costOfRevenue": 7086500000, "grossProfit": 105700000, "grossProfitRatio": 0.0146964767, "researchAndDevelopmentExpenses": 0, "generalAndAdministrativeExpenses": 12900000, "sellingAndMarketingExpenses": 1500000, "sellingGeneralAndAdministrativeExpenses": 14400000, "otherExpenses": 0, "operatingExpenses": 105000000, "costAndExpenses": 7166700000, "interestIncome": 0, "interestExpense": 38400000, "depreciationAndAmortization": 3200000, "ebitda": 72500000, "ebitdaratio": 0.0100803648, "operatingIncome": 165200000, "operatingIncomeRatio": 0.0229693279, "totalOtherIncomeExpensesNet": -134300000, "incomeBeforeTax": 30900000, "incomeBeforeTaxRatio": 0.004296321, "incomeTaxExpense": 7500000, "netIncome": 23400000, "netIncomeRatio": 0.0032535247, "eps": 0.82, "epsdiluted": 0.81, "weightedAverageShsOut": 18753490, "weightedAverageShsOutDil": 19004793, "link": "https://www.sec.gov/Archives/edgar/data/913760/000091376019000080/0000913760-19-000080-index.htm", "finalLink": "https://www.sec.gov/Archives/edgar/data/913760/000091376019000080/intl0331201910-q.htm"}, {"date": "2018-12-31", "symbol": "SNEX", "reportedCurrency": "USD", "cik": "0000913760", "fillingDate": "2019-02-07", "acceptedDate": "2019-02-06 17:58:39", "calendarYear": "2019", "period": "Q1", "revenue": 6552200000, "costOfRevenue": 6459300000, "grossProfit": 92900000, "grossProfitRatio": 0.0141784439, "researchAndDevelopmentExpenses": 0, "generalAndAdministrativeExpenses": 11800000, "sellingAndMarketingExpenses": 1400000, "sellingGeneralAndAdministrativeExpenses": 13200000, "otherExpenses": 0, "operatingExpenses": 5300000, "costAndExpenses": 6527800000, "interestIncome": 0, "interestExpense": 33000000, "depreciationAndAmortization": 2900000, "ebitda": 60300000, "ebitdaratio": 0.0092030158, "operatingIncome": 149000000, "operatingIncomeRatio": 0.0227404536, "totalOtherIncomeExpensesNet": -124600000, "incomeBeforeTax": 24400000, "incomeBeforeTaxRatio": 0.0037239401, "incomeTaxExpense": 6200000, "netIncome": 18200000, "netIncomeRatio": 0.002777693, "eps": 0.64, "epsdiluted": 0.63, "weightedAverageShsOut": 18659748, "weightedAverageShsOutDil": 18993046, "link": "https://www.sec.gov/Archives/edgar/data/913760/000091376019000022/0000913760-19-000022-index.htm", "finalLink": "https://www.sec.gov/Archives/edgar/data/913760/000091376019000022/intl1231201810-q.htm"}, {"date": "2018-09-30", "symbol": "SNEX", "reportedCurrency": "USD", "cik": "0000913760", "fillingDate": "2018-12-12", "acceptedDate": "2018-12-11 17:57:05", "calendarYear": "2018", "period": "Q4", "revenue": 6078800000, "costOfRevenue": 5996500000, "grossProfit": 82300000, "grossProfitRatio": 0.0135388564, "researchAndDevelopmentExpenses": 0, "generalAndAdministrativeExpenses": 10700000, "sellingAndMarketingExpenses": 900000, "sellingGeneralAndAdministrativeExpenses": 11600000, "otherExpenses": -145100000, "operatingExpenses": -60100000, "costAndExpenses": 6058300000, "interestIncome": 0, "interestExpense": 25300000, "depreciationAndAmortization": 3200000, "ebitda": 49000000, "ebitdaratio": 0.0080608015, "operatingIncome": 142400000, "operatingIncomeRatio": 0.0234256761, "totalOtherIncomeExpensesNet": -121900000, "incomeBeforeTax": 20500000, "incomeBeforeTaxRatio": 0.0033723761, "incomeTaxExpense": 4800000, "netIncome": 15700000, "netIncomeRatio": 0.0025827466, "eps": 2.74, "epsdiluted": 2.67, "weightedAverageShsOut": 18621506, "weightedAverageShsOutDil": 19110543, "link": "https://www.sec.gov/Archives/edgar/data/913760/000091376018000157/0000913760-18-000157-index.htm", "finalLink": "https://www.sec.gov/Archives/edgar/data/913760/000091376018000157/intl0930201810-k.htm"}, {"date": "2018-06-30", "symbol": "SNEX", "reportedCurrency": "USD", "cik": "0000913760", "fillingDate": "2018-08-06", "acceptedDate": "2018-08-06 16:34:37", "calendarYear": "2018", "period": "Q3", "revenue": 7118300000, "costOfRevenue": 7028500000, "grossProfit": 89800000, "grossProfitRatio": 0.0126153716, "researchAndDevelopmentExpenses": 0, "generalAndAdministrativeExpenses": 11000000, "sellingAndMarketingExpenses": 1000000, "sellingGeneralAndAdministrativeExpenses": 12000000, "otherExpenses": 0, "operatingExpenses": 93000000, "costAndExpenses": 7087400000, "interestIncome": 0, "interestExpense": 22100000, "depreciationAndAmortization": 2800000, "ebitda": 57800000, "ebitdaratio": 0.0081199163, "operatingIncome": 154600000, "operatingIncomeRatio": 0.0217186688, "totalOtherIncomeExpensesNet": -121700000, "incomeBeforeTax": 32900000, "incomeBeforeTaxRatio": 0.0046218901, "incomeTaxExpense": 8900000, "netIncome": 24000000, "netIncomeRatio": 0.0033715915, "eps": 0.85, "epsdiluted": 0.83, "weightedAverageShsOut": 18597165, "weightedAverageShsOutDil": 18976898, "link": "https://www.sec.gov/Archives/edgar/data/913760/000091376018000126/0000913760-18-000126-index.htm", "finalLink": "https://www.sec.gov/Archives/edgar/data/913760/000091376018000126/intl630201810-q.htm"}, {"date": "2018-03-31", "symbol": "SNEX", "reportedCurrency": "USD", "cik": "0000913760", "fillingDate": "2018-05-08", "acceptedDate": "2018-05-08 16:56:33", "calendarYear": "2018", "period": "Q2", "revenue": 6507000000, "costOfRevenue": 6421900000, "grossProfit": 85100000, "grossProfitRatio": 0.0130782235, "researchAndDevelopmentExpenses": 0, "generalAndAdministrativeExpenses": 10100000, "sellingAndMarketingExpenses": 3400000, "sellingGeneralAndAdministrativeExpenses": 13500000, "otherExpenses": 0, "operatingExpenses": 92000000, "costAndExpenses": 6477500000, "interestIncome": 0, "interestExpense": 19000000, "depreciationAndAmortization": 2900000, "ebitda": 51400000, "ebitdaratio": 0.0078991855, "operatingIncome": 154300000, "operatingIncomeRatio": 0.0237129245, "totalOtherIncomeExpensesNet": -124800000, "incomeBeforeTax": 29500000, "incomeBeforeTaxRatio": 0.0045335792, "incomeTaxExpense": 6800000, "netIncome": 22700000, "netIncomeRatio": 0.0034885508, "eps": 0.8, "epsdiluted": 0.79, "weightedAverageShsOut": 18559849, "weightedAverageShsOutDil": 18859333, "link": "https://www.sec.gov/Archives/edgar/data/913760/000091376018000072/0000913760-18-000072-index.htm", "finalLink": "https://www.sec.gov/Archives/edgar/data/913760/000091376018000072/intl331201810-q.htm"}, {"date": "2017-12-31", "symbol": "SNEX", "reportedCurrency": "USD", "cik": "0000913760", "fillingDate": "2018-02-07", "acceptedDate": "2018-02-07 17:00:32", "calendarYear": "2018", "period": "Q1", "revenue": 7918600000, "costOfRevenue": 7851200000, "grossProfit": 67400000, "grossProfitRatio": 0.0085116056, "researchAndDevelopmentExpenses": 0, "generalAndAdministrativeExpenses": 10800000, "sellingAndMarketingExpenses": 900000, "sellingGeneralAndAdministrativeExpenses": 11700000, "otherExpenses": 0, "operatingExpenses": 4700000, "costAndExpenses": 7900000000, "interestIncome": 0, "interestExpense": 14300000, "depreciationAndAmortization": 2700000, "ebitda": 35600000, "ebitdaratio": 0.0044957442, "operatingIncome": 130300000, "operatingIncomeRatio": 0.0164549289, "totalOtherIncomeExpensesNet": -111700000, "incomeBeforeTax": 18600000, "incomeBeforeTaxRatio": 0.0023489001, "incomeTaxExpense": 25500000, "netIncome": -6900000, "netIncomeRatio": -0.0008713662, "eps": -0.25, "epsdiluted": -0.25, "weightedAverageShsOut": 27628623, "weightedAverageShsOutDil": 27628608, "link": "https://www.sec.gov/Archives/edgar/data/913760/000091376018000022/0000913760-18-000022-index.htm", "finalLink": "https://www.sec.gov/Archives/edgar/data/913760/000091376018000022/intl1231201710-q.htm"}, {"date": "2017-09-30", "symbol": "SNEX", "reportedCurrency": "USD", "cik": "0000913760", "fillingDate": "2017-12-14", "acceptedDate": "2017-12-14 16:16:36", "calendarYear": "2017", "period": "Q4", "revenue": 12382500000, "costOfRevenue": 12312400000, "grossProfit": 70100000, "grossProfitRatio": 0.0056612154, "researchAndDevelopmentExpenses": 0, "generalAndAdministrativeExpenses": 17900000, "sellingAndMarketingExpenses": 900000, "sellingGeneralAndAdministrativeExpenses": 18800000, "otherExpenses": -133000000, "operatingExpenses": -61000000, "costAndExpenses": 12405000000, "interestIncome": 0, "interestExpense": 12000000, "depreciationAndAmortization": 2600000, "ebitda": -19900000, "ebitdaratio": -0.0016071068, "operatingIncome": 131100000, "operatingIncomeRatio": 0.0105875227, "totalOtherIncomeExpensesNet": -153600000, "incomeBeforeTax": -22500000, "incomeBeforeTaxRatio": -0.0018170806, "incomeTaxExpense": 1100000, "netIncome": -23600000, "netIncomeRatio": -0.0019059156, "eps": 2.33, "epsdiluted": 2.29, "weightedAverageShsOut": 18486131, "weightedAverageShsOutDil": 18772002, "link": "https://www.sec.gov/Archives/edgar/data/913760/000091376017000119/0000913760-17-000119-index.htm", "finalLink": "https://www.sec.gov/Archives/edgar/data/913760/000091376017000119/intl0930201710-k.htm"}, {"date": "2017-06-30", "symbol": "SNEX", "reportedCurrency": "USD", "cik": "0000913760", "fillingDate": "2017-08-08", "acceptedDate": "2017-08-08 16:40:02", "calendarYear": "2017", "period": "Q3", "revenue": 5505900000, "costOfRevenue": 5446900000, "grossProfit": 59000000, "grossProfitRatio": 0.0107157776, "researchAndDevelopmentExpenses": 0, "generalAndAdministrativeExpenses": 9800000, "sellingAndMarketingExpenses": 1000000, "sellingGeneralAndAdministrativeExpenses": 10800000, "otherExpenses": 0, "operatingExpenses": 3700000, "costAndExpenses": 5490900000, "interestIncome": 0, "interestExpense": 11200000, "depreciationAndAmortization": 2400000, "ebitda": 28600000, "ebitdaratio": 0.0051944278, "operatingIncome": 123300000, "operatingIncomeRatio": 0.022394159, "totalOtherIncomeExpensesNet": -108300000, "incomeBeforeTax": 15000000, "incomeBeforeTaxRatio": 0.0027243502, "incomeTaxExpense": 2300000, "netIncome": 12700000, "netIncomeRatio": 0.0023066165, "eps": 0.45, "epsdiluted": 0.44, "weightedAverageShsOut": 18447053, "weightedAverageShsOutDil": 28053192, "link": "https://www.sec.gov/Archives/edgar/data/913760/000091376017000092/0000913760-17-000092-index.htm", "finalLink": "https://www.sec.gov/Archives/edgar/data/913760/000091376017000092/intl630201710-q.htm"}, {"date": "2017-03-31", "symbol": "SNEX", "reportedCurrency": "USD", "cik": "0000913760", "fillingDate": "2017-05-10", "acceptedDate": "2017-05-10 16:43:28", "calendarYear": "2017", "period": "Q2", "revenue": 5460800000, "costOfRevenue": 5403500000, "grossProfit": 57300000, "grossProfitRatio": 0.0104929681, "researchAndDevelopmentExpenses": 0, "generalAndAdministrativeExpenses": 9200000, "sellingAndMarketingExpenses": 1200000, "sellingGeneralAndAdministrativeExpenses": 10400000, "otherExpenses": 0, "operatingExpenses": 92000000, "costAndExpenses": 5446400000, "interestIncome": 0, "interestExpense": 10000000, "depreciationAndAmortization": 2400000, "ebitda": 26700000, "ebitdaratio": 0.0048893935, "operatingIncome": 123900000, "operatingIncomeRatio": 0.0226889833, "totalOtherIncomeExpensesNet": -109600000, "incomeBeforeTax": 14300000, "incomeBeforeTaxRatio": 0.0026186639, "incomeTaxExpense": 3300000, "netIncome": 11000000, "netIncomeRatio": 0.0020143569, "eps": 0.39, "epsdiluted": 0.39, "weightedAverageShsOut": 18404236, "weightedAverageShsOutDil": 18661418, "link": "https://www.sec.gov/Archives/edgar/data/913760/000091376017000067/0000913760-17-000067-index.htm", "finalLink": "https://www.sec.gov/Archives/edgar/data/913760/000091376017000067/intl331201710-q.htm"}, {"date": "2016-12-31", "symbol": "SNEX", "reportedCurrency": "USD", "cik": "0000913760", "fillingDate": "2017-02-08", "acceptedDate": "2017-02-08 17:31:22", "calendarYear": "2017", "period": "Q1", "revenue": 6074400000, "costOfRevenue": 6021800000, "grossProfit": 52600000, "grossProfitRatio": 0.0086592915, "researchAndDevelopmentExpenses": 0, "generalAndAdministrativeExpenses": 9900000, "sellingAndMarketingExpenses": 900000, "sellingGeneralAndAdministrativeExpenses": 10800000, "otherExpenses": 0, "operatingExpenses": 80098000, "costAndExpenses": 6066000000, "interestIncome": 0, "interestExpense": 8900000, "depreciationAndAmortization": 2400000, "ebitda": 19700000, "ebitdaratio": 0.0032431187, "operatingIncome": 42759000, "operatingIncomeRatio": 0.0070392137, "totalOtherIncomeExpensesNet": -34359000, "incomeBeforeTax": 8400000, "incomeBeforeTaxRatio": 0.0013828526, "incomeTaxExpense": 2100000, "netIncome": 6300000, "netIncomeRatio": 0.0010371395, "eps": 0.23, "epsdiluted": 0.23, "weightedAverageShsOut": 18248244, "weightedAverageShsOutDil": 18484995, "link": "https://www.sec.gov/Archives/edgar/data/913760/000091376017000021/0000913760-17-000021-index.htm", "finalLink": "https://www.sec.gov/Archives/edgar/data/913760/000091376017000021/intl1231201610-q.htm"}, {"date": "2016-09-30", "symbol": "SNEX", "reportedCurrency": "USD", "cik": "0000913760", "fillingDate": "2016-12-14", "acceptedDate": "2016-12-14 16:40:41", "calendarYear": "2016", "period": "Q4", "revenue": 2777600000, "costOfRevenue": 2725300000, "grossProfit": 52300000, "grossProfitRatio": 0.0188292051, "researchAndDevelopmentExpenses": 0, "generalAndAdministrativeExpenses": 19300000, "sellingAndMarketingExpenses": 900000, "sellingGeneralAndAdministrativeExpenses": 20200000, "otherExpenses": -78900000, "operatingExpenses": -58700000, "costAndExpenses": 2764600000, "interestIncome": 0, "interestExpense": 7500000, "depreciationAndAmortization": 2400000, "ebitda": 28700000, "ebitdaratio": 0.0103326613, "operatingIncome": 111000000, "operatingIncomeRatio": 0.0399625576, "totalOtherIncomeExpensesNet": -91800000, "incomeBeforeTax": 19200000, "incomeBeforeTaxRatio": 0.0069124424, "incomeTaxExpense": 2400000, "netIncome": 16800000, "netIncomeRatio": 0.0060483871, "eps": 0.91, "epsdiluted": 0.9, "weightedAverageShsOut": 27756391, "weightedAverageShsOutDil": 27496121, "link": "https://www.sec.gov/Archives/edgar/data/913760/000091376016000359/0000913760-16-000359-index.htm", "finalLink": "https://www.sec.gov/Archives/edgar/data/913760/000091376016000359/intl0930201610-k.htm"}, {"date": "2016-06-30", "symbol": "SNEX", "reportedCurrency": "USD", "cik": "0000913760", "fillingDate": "2016-08-03", "acceptedDate": "2016-08-03 17:04:23", "calendarYear": "2016", "period": "Q3", "revenue": 4868500000, "costOfRevenue": 4812900000, "grossProfit": 55600000, "grossProfitRatio": 0.0114203553, "researchAndDevelopmentExpenses": 0, "generalAndAdministrativeExpenses": 14800000, "sellingAndMarketingExpenses": 43800000, "sellingGeneralAndAdministrativeExpenses": 16000000, "otherExpenses": 0, "operatingExpenses": 78609000, "costAndExpenses": 4751200000, "interestIncome": 0, "interestExpense": 7700000, "depreciationAndAmortization": 2100000, "ebitda": 31200000, "ebitdaratio": 0.0064085447, "operatingIncome": 117300000, "operatingIncomeRatio": 0.0240936633, "totalOtherIncomeExpensesNet": -95900000, "incomeBeforeTax": 21400000, "incomeBeforeTaxRatio": 0.0043956044, "incomeTaxExpense": 6800000, "netIncome": 14600000, "netIncomeRatio": 0.0029988703, "eps": 0.79, "epsdiluted": 0.78, "weightedAverageShsOut": 18138754, "weightedAverageShsOutDil": 27483676, "link": "https://www.sec.gov/Archives/edgar/data/913760/000091376016000308/0000913760-16-000308-index.htm", "finalLink": "https://www.sec.gov/Archives/edgar/data/913760/000091376016000308/intl630201610-q.htm"}, {"date": "2016-03-31", "symbol": "SNEX", "reportedCurrency": "USD", "cik": "0000913760", "fillingDate": "2016-05-04", "acceptedDate": "2016-05-04 16:44:45", "calendarYear": "2016", "period": "Q2", "revenue": 3708900000, "costOfRevenue": 3654100000, "grossProfit": 54800000, "grossProfitRatio": 0.0147752703, "researchAndDevelopmentExpenses": 0, "generalAndAdministrativeExpenses": 13500000, "sellingAndMarketingExpenses": 48708000, "sellingGeneralAndAdministrativeExpenses": 15800000, "otherExpenses": 0, "operatingExpenses": 2700000, "costAndExpenses": 3596000000, "interestIncome": 0, "interestExpense": 7100000, "depreciationAndAmortization": 2200000, "ebitda": 29300000, "ebitdaratio": 0.0078999164, "operatingIncome": 112900000, "operatingIncomeRatio": 0.0304402923, "totalOtherIncomeExpensesNet": -92900000, "incomeBeforeTax": 20000000, "incomeBeforeTaxRatio": 0.0053924344, "incomeTaxExpense": 5500000, "netIncome": 14500000, "netIncomeRatio": 0.003909515, "eps": 0.62, "epsdiluted": 0.51, "weightedAverageShsOut": 27888964, "weightedAverageShsOutDil": 28133175, "link": "https://www.sec.gov/Archives/edgar/data/913760/000091376016000278/0000913760-16-000278-index.htm", "finalLink": "https://www.sec.gov/Archives/edgar/data/913760/000091376016000278/intl331201610-q.htm"}, {"date": "2015-12-31", "symbol": "SNEX", "reportedCurrency": "USD", "cik": "0000913760", "fillingDate": "2016-02-09", "acceptedDate": "2016-02-09 16:29:56", "calendarYear": "2016", "period": "Q1", "revenue": 3399900000, "costOfRevenue": 3354300000, "grossProfit": 45600000, "grossProfitRatio": 0.0134121592, "researchAndDevelopmentExpenses": 0, "generalAndAdministrativeExpenses": 14500000, "sellingAndMarketingExpenses": 43019000, "sellingGeneralAndAdministrativeExpenses": 15200000, "otherExpenses": 0, "operatingExpenses": 2900000, "costAndExpenses": 3297200000, "interestIncome": 0, "interestExpense": 6000000, "depreciationAndAmortization": 1900000, "ebitda": 20000000, "ebitdaratio": 0.005882526, "operatingIncome": 102700000, "operatingIncomeRatio": 0.0302067708, "totalOtherIncomeExpensesNet": -90600000, "incomeBeforeTax": 12100000, "incomeBeforeTaxRatio": 0.0035589282, "incomeTaxExpense": 3300000, "netIncome": 8800000, "netIncomeRatio": 0.0025883114, "eps": 0.31, "epsdiluted": 0.31, "weightedAverageShsOut": 18648150, "weightedAverageShsOutDil": 18991903, "link": "https://www.sec.gov/Archives/edgar/data/913760/000091376016000230/0000913760-16-000230-index.htm", "finalLink": "https://www.sec.gov/Archives/edgar/data/913760/000091376016000230/intl1231201510-q.htm"}, {"date": "2015-09-30", "symbol": "SNEX", "reportedCurrency": "USD", "cik": "0000913760", "fillingDate": "2015-12-09", "acceptedDate": "2015-12-09 16:32:14", "calendarYear": "2015", "period": "Q4", "revenue": 668008000, "costOfRevenue": 2564900000, "grossProfit": -1896892000, "grossProfitRatio": -2.8396246752, "researchAndDevelopmentExpenses": 0, "generalAndAdministrativeExpenses": 17726000, "sellingAndMarketingExpenses": 700000, "sellingGeneralAndAdministrativeExpenses": 15000000, "otherExpenses": -78800000, "operatingExpenses": -63800000, "costAndExpenses": 2501100000, "interestIncome": 0, "interestExpense": 5000000, "depreciationAndAmortization": 1800000, "ebitda": 36000000, "ebitdaratio": 0.0538915702, "operatingIncome": 127300000, "operatingIncomeRatio": 0.19056658, "totalOtherIncomeExpensesNet": -98100000, "incomeBeforeTax": 29200000, "incomeBeforeTaxRatio": 0.0437120514, "incomeTaxExpense": 8100000, "netIncome": 21100000, "netIncomeRatio": 0.0315864481, "eps": 0.17, "epsdiluted": 0.16, "weightedAverageShsOut": 18380645, "weightedAverageShsOutDil": 18869427, "link": "https://www.sec.gov/Archives/edgar/data/913760/000091376015000180/0000913760-15-000180-index.htm", "finalLink": "https://www.sec.gov/Archives/edgar/data/913760/000091376015000180/intl0930201510-k.htm"}, {"date": "2015-06-30", "symbol": "SNEX", "reportedCurrency": "USD", "cik": "0000913760", "fillingDate": "2015-08-06", "acceptedDate": "2015-08-06 08:18:42", "calendarYear": "2015", "period": "Q3", "revenue": 3995100000, "costOfRevenue": 3949600000, "grossProfit": 45500000, "grossProfitRatio": 0.0113889515, "researchAndDevelopmentExpenses": 0, "generalAndAdministrativeExpenses": 13400000, "sellingAndMarketingExpenses": 41119000, "sellingGeneralAndAdministrativeExpenses": 14100000, "otherExpenses": 0, "operatingExpenses": 2500000, "costAndExpenses": 3891700000, "interestIncome": 0, "interestExpense": 4900000, "depreciationAndAmortization": 1700000, "ebitda": 23800000, "ebitdaratio": 0.0059572977, "operatingIncome": 103400000, "operatingIncomeRatio": 0.0258817051, "totalOtherIncomeExpensesNet": -86200000, "incomeBeforeTax": 17200000, "incomeBeforeTaxRatio": 0.004305274, "incomeTaxExpense": 5000000, "netIncome": 12200000, "netIncomeRatio": 0.0030537408, "eps": 0.43, "epsdiluted": 0.41, "weightedAverageShsOut": 29518580, "weightedAverageShsOutDil": 28627121, "link": "https://www.sec.gov/Archives/edgar/data/913760/000091376015000125/0000913760-15-000125-index.htm", "finalLink": "https://www.sec.gov/Archives/edgar/data/913760/000091376015000125/intl0630201510-q.htm"}, {"date": "2015-03-31", "symbol": "SNEX", "reportedCurrency": "USD", "cik": "0000913760", "fillingDate": "2015-05-07", "acceptedDate": "2015-05-07 06:04:57", "calendarYear": "2015", "period": "Q2", "revenue": 14442000000, "costOfRevenue": 14392700000, "grossProfit": 49300000, "grossProfitRatio": 0.0034136546, "researchAndDevelopmentExpenses": 0, "generalAndAdministrativeExpenses": 14500000, "sellingAndMarketingExpenses": 37624000, "sellingGeneralAndAdministrativeExpenses": 15200000, "otherExpenses": 0, "operatingExpenses": 74514000, "costAndExpenses": 14334100000, "interestIncome": 0, "interestExpense": 4500000, "depreciationAndAmortization": 1800000, "ebitda": 24400000, "ebitdaratio": 0.0016895167, "operatingIncome": 107900000, "operatingIncomeRatio": 0.0074712644, "totalOtherIncomeExpensesNet": -89800000, "incomeBeforeTax": 18100000, "incomeBeforeTaxRatio": 0.001253289, "incomeTaxExpense": 5100000, "netIncome": 13000000, "netIncomeRatio": 0.0009001523, "eps": 0.68, "epsdiluted": 0.45, "weightedAverageShsOut": 27898516, "weightedAverageShsOutDil": 18957780, "link": "https://www.sec.gov/Archives/edgar/data/913760/000091376015000092/0000913760-15-000092-index.htm", "finalLink": "https://www.sec.gov/Archives/edgar/data/913760/000091376015000092/intl0331201510-q.htm"}, {"date": "2014-12-31", "symbol": "SNEX", "reportedCurrency": "USD", "cik": "0000913760", "fillingDate": "2015-02-09", "acceptedDate": "2015-02-09 16:29:46", "calendarYear": "2015", "period": "Q1", "revenue": 13627700000, "costOfRevenue": 13588200000, "grossProfit": 39500000, "grossProfitRatio": 0.0028985082, "researchAndDevelopmentExpenses": 0, "generalAndAdministrativeExpenses": 13141000, "sellingAndMarketingExpenses": 600000, "sellingGeneralAndAdministrativeExpenses": 14200000, "otherExpenses": 0, "operatingExpenses": 3300000, "costAndExpenses": 13534500000, "interestIncome": 0, "interestExpense": 2700000, "depreciationAndAmortization": 1900000, "ebitda": 18200000, "ebitdaratio": 0.0013355152, "operatingIncome": 93200000, "operatingIncomeRatio": 0.0068390117, "totalOtherIncomeExpensesNet": -79600000, "incomeBeforeTax": 13600000, "incomeBeforeTaxRatio": 0.0009979674, "incomeTaxExpense": 4200000, "netIncome": 9400000, "netIncomeRatio": 0.0006897716, "eps": 0.35, "epsdiluted": 0.33, "weightedAverageShsOut": 27773292, "weightedAverageShsOutDil": 28143043, "link": "https://www.sec.gov/Archives/edgar/data/913760/000091376015000029/0000913760-15-000029-index.htm", "finalLink": "https://www.sec.gov/Archives/edgar/data/913760/000091376015000029/intl1231201410-q.htm"}, {"date": "2014-09-30", "symbol": "SNEX", "reportedCurrency": "USD", "cik": "0000913760", "fillingDate": "2014-12-10", "acceptedDate": "2014-12-10 17:07:18", "calendarYear": "2014", "period": "Q4", "revenue": 10655700000, "costOfRevenue": 10223000000, "grossProfit": 432700000, "grossProfitRatio": 0.0406073745, "researchAndDevelopmentExpenses": 0, "generalAndAdministrativeExpenses": 13766000, "sellingAndMarketingExpenses": 600000, "sellingGeneralAndAdministrativeExpenses": 52978000, "otherExpenses": -15900000, "operatingExpenses": -51200000, "costAndExpenses": 10569000000, "interestIncome": 0, "interestExpense": 2500000, "depreciationAndAmortization": 1900000, "ebitda": 12200000, "ebitdaratio": 0.0011449271, "operatingIncome": 86700000, "operatingIncomeRatio": 0.0081364903, "totalOtherIncomeExpensesNet": -78900000, "incomeBeforeTax": 7800000, "incomeBeforeTaxRatio": 0.0007320026, "incomeTaxExpense": 2000000, "netIncome": 5800000, "netIncomeRatio": 0.0005443096, "eps": 0.0393, "epsdiluted": 0.0381, "weightedAverageShsOut": 18432968, "weightedAverageShsOutDil": 19018794, "link": "https://www.sec.gov/Archives/edgar/data/913760/000091376014000155/0000913760-14-000155-index.htm", "finalLink": "https://www.sec.gov/Archives/edgar/data/913760/000091376014000155/intl0930201410-k.htm"}, {"date": "2014-06-30", "symbol": "SNEX", "reportedCurrency": "USD", "cik": "0000913760", "fillingDate": "2014-08-06", "acceptedDate": "2014-08-06 16:33:13", "calendarYear": "2014", "period": "Q3", "revenue": 7005100000, "costOfRevenue": 6975800000, "grossProfit": 29300000, "grossProfitRatio": 0.0041826669, "researchAndDevelopmentExpenses": 0, "generalAndAdministrativeExpenses": 12682000, "sellingAndMarketingExpenses": 800000, "sellingGeneralAndAdministrativeExpenses": 14100000, "otherExpenses": 0, "operatingExpenses": 72543000, "costAndExpenses": 6929100000, "interestIncome": 0, "interestExpense": 2500000, "depreciationAndAmortization": 1900000, "ebitda": 8400000, "ebitdaratio": 0.0011991264, "operatingIncome": 76000000, "operatingIncomeRatio": 0.0108492384, "totalOtherIncomeExpensesNet": -72000000, "incomeBeforeTax": 4000000, "incomeBeforeTaxRatio": 0.0005710125, "incomeTaxExpense": 300000, "netIncome": 3500000, "netIncomeRatio": 0.000499636, "eps": 0.13, "epsdiluted": 0.12, "weightedAverageShsOut": 27624309, "weightedAverageShsOutDil": 28400739, "link": "https://www.sec.gov/Archives/edgar/data/913760/000091376014000110/0000913760-14-000110-index.htm", "finalLink": "https://www.sec.gov/Archives/edgar/data/913760/000091376014000110/intl630201410-q.htm"}, {"date": "2014-03-31", "symbol": "SNEX", "reportedCurrency": "USD", "cik": "0000913760", "fillingDate": "2014-05-07", "acceptedDate": "2014-05-07 16:37:58", "calendarYear": "2014", "period": "Q2", "revenue": 8452900000, "costOfRevenue": 8416900000, "grossProfit": 36000000, "grossProfitRatio": 0.0042588934, "researchAndDevelopmentExpenses": 0, "generalAndAdministrativeExpenses": 13900000, "sellingAndMarketingExpenses": 1300000, "sellingGeneralAndAdministrativeExpenses": 15200000, "otherExpenses": 0, "operatingExpenses": 4100000, "costAndExpenses": 8367000000, "interestIncome": 0, "interestExpense": 2800000, "depreciationAndAmortization": 1700000, "ebitda": 14800000, "ebitdaratio": 0.0017508784, "operatingIncome": 85900000, "operatingIncomeRatio": 0.0101621929, "totalOtherIncomeExpensesNet": -75600000, "incomeBeforeTax": 10300000, "incomeBeforeTaxRatio": 0.0012185167, "incomeTaxExpense": 2600000, "netIncome": 7500000, "netIncomeRatio": 0.0008872695, "eps": 0.26, "epsdiluted": 0.26, "weightedAverageShsOut": 28121484, "weightedAverageShsOutDil": 28432692, "link": "https://www.sec.gov/Archives/edgar/data/913760/000091376014000077/0000913760-14-000077-index.htm", "finalLink": "https://www.sec.gov/Archives/edgar/data/913760/000091376014000077/intl331201410-q.htm"}, {"date": "2013-12-31", "symbol": "SNEX", "reportedCurrency": "USD", "cik": "0000913760", "fillingDate": "2014-02-10", "acceptedDate": "2014-02-10 16:34:45", "calendarYear": "2014", "period": "Q1", "revenue": 7908700000, "costOfRevenue": 7878900000, "grossProfit": 29800000, "grossProfitRatio": 0.0037680023, "researchAndDevelopmentExpenses": 0, "generalAndAdministrativeExpenses": 14000000, "sellingAndMarketingExpenses": 29135000, "sellingGeneralAndAdministrativeExpenses": 14400000, "otherExpenses": 0, "operatingExpenses": 4400000, "costAndExpenses": 7835300000, "interestIncome": 0, "interestExpense": 2700000, "depreciationAndAmortization": 1900000, "ebitda": 8500000, "ebitdaratio": 0.0010747658, "operatingIncome": 73400000, "operatingIncomeRatio": 0.0092809185, "totalOtherIncomeExpensesNet": -69500000, "incomeBeforeTax": 3900000, "incomeBeforeTaxRatio": 0.0004931278, "incomeTaxExpense": 1500000, "netIncome": 2500000, "netIncomeRatio": 0.0003161076, "eps": 0.0867, "epsdiluted": 0.0808, "weightedAverageShsOut": 27986517, "weightedAverageShsOutDil": 29037663, "link": "https://www.sec.gov/Archives/edgar/data/913760/000091376014000029/0000913760-14-000029-index.htm", "finalLink": "https://www.sec.gov/Archives/edgar/data/913760/000091376014000029/intl1231201310-q.htm"}, {"date": "2013-09-30", "symbol": "SNEX", "reportedCurrency": "USD", "cik": "0000913760", "fillingDate": "2014-01-15", "acceptedDate": "2014-01-15 16:38:26", "calendarYear": "2013", "period": "Q4", "revenue": 6896200000, "costOfRevenue": 6955200000, "grossProfit": -59000000, "grossProfitRatio": -0.0085554363, "researchAndDevelopmentExpenses": 0, "generalAndAdministrativeExpenses": 4800000, "sellingAndMarketingExpenses": 600000, "sellingGeneralAndAdministrativeExpenses": 47287000, "otherExpenses": 0, "operatingExpenses": -18800000, "costAndExpenses": 6936400000, "interestIncome": 0, "interestExpense": 2900000, "depreciationAndAmortization": 1900000, "ebitda": 3100000, "ebitdaratio": 0.0004495229, "operatingIncome": -40200000, "operatingIncomeRatio": -0.0058292973, "totalOtherIncomeExpensesNet": 38500000, "incomeBeforeTax": -1700000, "incomeBeforeTaxRatio": -0.0002465126, "incomeTaxExpense": -3400000, "netIncome": 1700000, "netIncomeRatio": 0.0002465126, "eps": 0.0333, "epsdiluted": 0.0267, "weightedAverageShsOut": 18443233000000, "weightedAverageShsOutDil": 19068497000000, "link": "https://www.sec.gov/Archives/edgar/data/913760/000091376014000006/0000913760-14-000006-index.htm", "finalLink": "https://www.sec.gov/Archives/edgar/data/913760/000091376014000006/intl0930201310-k.htm"}, {"date": "2013-06-30", "symbol": "SNEX", "reportedCurrency": "USD", "cik": "0000913760", "fillingDate": "2013-08-07", "acceptedDate": "2013-08-07 17:26:52", "calendarYear": "2013", "period": "Q3", "revenue": 363432000, "costOfRevenue": 9627600000, "grossProfit": -9264168000, "grossProfitRatio": -25.4907878228, "researchAndDevelopmentExpenses": 0, "generalAndAdministrativeExpenses": 12741000, "sellingAndMarketingExpenses": 25389000, "sellingGeneralAndAdministrativeExpenses": 12700000, "otherExpenses": 0, "operatingExpenses": 56451000, "costAndExpenses": 9577800000, "interestIncome": 0, "interestExpense": 1800000, "depreciationAndAmortization": 2000000, "ebitda": 10900000, "ebitdaratio": 0.0299918554, "operatingIncome": 7800000, "operatingIncomeRatio": 0.0214620617, "totalOtherIncomeExpensesNet": -700000, "incomeBeforeTax": 7100000, "incomeBeforeTaxRatio": 0.0195359792, "incomeTaxExpense": 2000000, "netIncome": 2800000, "netIncomeRatio": 0.0077043298, "eps": 0.12, "epsdiluted": 0.11, "weightedAverageShsOut": 27720966, "weightedAverageShsOutDil": 28296060, "link": "https://www.sec.gov/Archives/edgar/data/913760/000091376013000139/0000913760-13-000139-index.htm", "finalLink": "https://www.sec.gov/Archives/edgar/data/913760/000091376013000139/intl630201310-q.htm"}, {"date": "2013-03-31", "symbol": "SNEX", "reportedCurrency": "USD", "cik": "0000913760", "fillingDate": "2013-05-08", "acceptedDate": "2013-05-08 16:34:06", "calendarYear": "2013", "period": "Q2", "revenue": 351070000, "costOfRevenue": 274343000, "grossProfit": 76727000, "grossProfitRatio": 0.2185518558, "researchAndDevelopmentExpenses": 0, "generalAndAdministrativeExpenses": 12600000, "sellingAndMarketingExpenses": 500000, "sellingGeneralAndAdministrativeExpenses": 13100000, "otherExpenses": 0, "operatingExpenses": 3500000, "costAndExpenses": 219272000, "interestIncome": 0, "interestExpense": 1600000, "depreciationAndAmortization": 2300000, "ebitda": 6600000, "ebitdaratio": 0.0187996696, "operatingIncome": 21583000, "operatingIncomeRatio": 0.061477768, "totalOtherIncomeExpensesNet": -19883000, "incomeBeforeTax": 1700000, "incomeBeforeTaxRatio": 0.0048423391, "incomeTaxExpense": 0, "netIncome": 1500000, "netIncomeRatio": 0.0042726522, "eps": 0.0533, "epsdiluted": 0.0533, "weightedAverageShsOut": 27571456, "weightedAverageShsOutDil": 28251888, "link": "https://www.sec.gov/Archives/edgar/data/913760/000091376013000081/0000913760-13-000081-index.htm", "finalLink": "https://www.sec.gov/Archives/edgar/data/913760/000091376013000081/intl331201310-q.htm"}, {"date": "2012-12-31", "symbol": "SNEX", "reportedCurrency": "USD", "cik": "0000913760", "fillingDate": "2013-02-07", "acceptedDate": "2013-02-07 10:22:07", "calendarYear": "2013", "period": "Q1", "revenue": 12552800000, "costOfRevenue": 249197000, "grossProfit": 12303603000, "grossProfitRatio": 0.9801480944, "researchAndDevelopmentExpenses": 0, "generalAndAdministrativeExpenses": 12132000, "sellingAndMarketingExpenses": 400000, "sellingGeneralAndAdministrativeExpenses": 12800000, "otherExpenses": 0, "operatingExpenses": 52301000, "costAndExpenses": 12463600000, "interestIncome": 0, "interestExpense": 3500000, "depreciationAndAmortization": 1800000, "ebitda": 24100000, "ebitdaratio": 0.0019198904, "operatingIncome": 22269000, "operatingIncomeRatio": 0.0017740265, "totalOtherIncomeExpensesNet": -3469000, "incomeBeforeTax": 18800000, "incomeBeforeTaxRatio": 0.0014976738, "incomeTaxExpense": 5500000, "netIncome": 13300000, "netIncomeRatio": 0.0010595246, "eps": 0.47, "epsdiluted": 0.1, "weightedAverageShsOut": 27399507, "weightedAverageShsOutDil": 28168012, "link": "https://www.sec.gov/Archives/edgar/data/913760/000091376013000026/0000913760-13-000026-index.htm", "finalLink": "https://www.sec.gov/Archives/edgar/data/913760/000091376013000026/intl1231201210-q.htm"}, {"date": "2012-09-30", "symbol": "SNEX", "reportedCurrency": "USD", "cik": "0000913760", "fillingDate": "2012-12-12", "acceptedDate": "2012-12-12 17:24:54", "calendarYear": "2012", "period": "Q4", "revenue": 17668100000, "costOfRevenue": 17609600000, "grossProfit": 58500000, "grossProfitRatio": 0.0033110521, "researchAndDevelopmentExpenses": 0, "generalAndAdministrativeExpenses": 15600000, "sellingAndMarketingExpenses": 600000, "sellingGeneralAndAdministrativeExpenses": 15900000, "otherExpenses": -72100000, "operatingExpenses": -56200000, "costAndExpenses": 17550100000, "interestIncome": 0, "interestExpense": 3300000, "depreciationAndAmortization": 1900000, "ebitda": 23900000, "ebitdaratio": 0.0013527204, "operatingIncome": 118000000, "operatingIncomeRatio": 0.0066787034, "totalOtherIncomeExpensesNet": -107500000, "incomeBeforeTax": 10500000, "incomeBeforeTaxRatio": 0.0005942914, "incomeTaxExpense": 2200000, "netIncome": 8300000, "netIncomeRatio": 0.0004697732, "eps": 0.32, "epsdiluted": 0.31, "weightedAverageShsOut": 18282939000000, "weightedAverageShsOutDil": 19156899000000, "link": "https://www.sec.gov/Archives/edgar/data/913760/000091376012000116/0000913760-12-000116-index.htm", "finalLink": "https://www.sec.gov/Archives/edgar/data/913760/000091376012000116/intl0930201210-k.htm"}, {"date": "2012-06-30", "symbol": "SNEX", "reportedCurrency": "USD", "cik": "0000913760", "fillingDate": "2012-08-08", "acceptedDate": "2012-08-08 17:08:48", "calendarYear": "2012", "period": "Q3", "revenue": 17351100000, "costOfRevenue": 17289800000, "grossProfit": 61300000, "grossProfitRatio": 0.0035329172, "researchAndDevelopmentExpenses": 0, "generalAndAdministrativeExpenses": 15300000, "sellingAndMarketingExpenses": 700000, "sellingGeneralAndAdministrativeExpenses": 15700000, "otherExpenses": -75600000, "operatingExpenses": -59900000, "costAndExpenses": 17344100000, "interestIncome": 0, "interestExpense": 2600000, "depreciationAndAmortization": 1900000, "ebitda": 10400000, "ebitdaratio": 0.0005993856, "operatingIncome": 4700000, "operatingIncomeRatio": 0.0002708762, "totalOtherIncomeExpensesNet": 1200000, "incomeBeforeTax": 5900000, "incomeBeforeTaxRatio": 0.0003400361, "incomeTaxExpense": 1200000, "netIncome": 4700000, "netIncomeRatio": 0.0002708762, "eps": 0.24, "epsdiluted": 0.23, "weightedAverageShsOut": 27589234, "weightedAverageShsOutDil": 28648000, "link": "https://www.sec.gov/Archives/edgar/data/913760/000091376012000079/0000913760-12-000079-index.htm", "finalLink": "https://www.sec.gov/Archives/edgar/data/913760/000091376012000079/intl0630201210-q.htm"}, {"date": "2012-03-31", "symbol": "SNEX", "reportedCurrency": "USD", "cik": "0000913760", "fillingDate": "2012-05-09", "acceptedDate": "2012-05-09 17:10:43", "calendarYear": "2012", "period": "Q2", "revenue": 16951000000, "costOfRevenue": 16894500000, "grossProfit": 56500000, "grossProfitRatio": 0.0033331367, "researchAndDevelopmentExpenses": 0, "generalAndAdministrativeExpenses": 15800000, "sellingAndMarketingExpenses": 500000, "sellingGeneralAndAdministrativeExpenses": 15900000, "otherExpenses": -75400000, "operatingExpenses": -59500000, "costAndExpenses": 16946600000, "interestIncome": 0, "interestExpense": 3600000, "depreciationAndAmortization": 1900000, "ebitda": 9100000, "ebitdaratio": 0.0005368415, "operatingIncome": 2400000, "operatingIncomeRatio": 0.0001415846, "totalOtherIncomeExpensesNet": 1200000, "incomeBeforeTax": 3600000, "incomeBeforeTaxRatio": 0.0002123769, "incomeTaxExpense": 1200000, "netIncome": 2400000, "netIncomeRatio": 0.0001415846, "eps": 0.13, "epsdiluted": 0.12, "weightedAverageShsOut": 18303968, "weightedAverageShsOutDil": 19187360, "link": "https://www.sec.gov/Archives/edgar/data/913760/000091376012000052/0000913760-12-000052-index.htm", "finalLink": "https://www.sec.gov/Archives/edgar/data/913760/000091376012000052/intl0331201210-q.htm"}, {"date": "2011-12-31", "symbol": "SNEX", "reportedCurrency": "USD", "cik": "0000913760", "fillingDate": "2012-02-08", "acceptedDate": "2012-02-08 16:25:08", "calendarYear": "2012", "period": "Q1", "revenue": 17290400000, "costOfRevenue": 17247800000, "grossProfit": 42600000, "grossProfitRatio": 0.0024637949, "researchAndDevelopmentExpenses": 0, "generalAndAdministrativeExpenses": 11400000, "sellingAndMarketingExpenses": 400000, "sellingGeneralAndAdministrativeExpenses": 11800000, "otherExpenses": -61300000, "operatingExpenses": -49500000, "costAndExpenses": 17289700000, "interestIncome": 0, "interestExpense": 2100000, "depreciationAndAmortization": 1500000, "ebitda": 2900000, "ebitdaratio": 0.0001677231, "operatingIncome": 700000, "operatingIncomeRatio": 4.04849e-05, "totalOtherIncomeExpensesNet": -1400000, "incomeBeforeTax": -700000, "incomeBeforeTaxRatio": -4.04849e-05, "incomeTaxExpense": -200000, "netIncome": -400000, "netIncomeRatio": -2.31342e-05, "eps": -0.022, "epsdiluted": -0.022, "weightedAverageShsOut": 18163489, "weightedAverageShsOutDil": 18163489, "link": "https://www.sec.gov/Archives/edgar/data/913760/000091376012000015/0000913760-12-000015-index.htm", "finalLink": "https://www.sec.gov/Archives/edgar/data/913760/000091376012000015/intl1231201110-q.htm"}, {"date": "2011-09-30", "symbol": "SNEX", "reportedCurrency": "USD", "cik": "0000913760", "fillingDate": "2011-12-14", "acceptedDate": "2011-12-14 16:41:57", "calendarYear": "2011", "period": "Q4", "revenue": 24070400000, "costOfRevenue": 24015600000, "grossProfit": 54800000, "grossProfitRatio": 0.0022766551, "researchAndDevelopmentExpenses": 0, "generalAndAdministrativeExpenses": 22400000, "sellingAndMarketingExpenses": 1800000, "sellingGeneralAndAdministrativeExpenses": 23100000, "otherExpenses": -76400000, "operatingExpenses": -53300000, "costAndExpenses": 23962300000, "interestIncome": 0, "interestExpense": 2200000, "depreciationAndAmortization": 1300000, "ebitda": 28600000, "ebitdaratio": 0.0011881813, "operatingIncome": 108100000, "operatingIncomeRatio": 0.0044909931, "totalOtherIncomeExpensesNet": -95100000, "incomeBeforeTax": 13000000, "incomeBeforeTaxRatio": 0.0005400824, "incomeTaxExpense": 5400000, "netIncome": 7500000, "netIncomeRatio": 0.000311586, "eps": 0.25, "epsdiluted": 0.25, "weightedAverageShsOut": 17618085000000, "weightedAverageShsOutDil": 18567454000000, "link": "https://www.sec.gov/Archives/edgar/data/913760/000091376011000012/0000913760-11-000012-index.htm", "finalLink": "https://www.sec.gov/Archives/edgar/data/913760/000091376011000012/intl0930201110-k.htm"}, {"date": "2011-06-30", "symbol": "SNEX", "reportedCurrency": "USD", "cik": "0000913760", "fillingDate": "2011-08-09", "acceptedDate": "2011-08-09 17:13:59", "calendarYear": "2011", "period": "Q3", "revenue": 20573400000, "costOfRevenue": 20518300000, "grossProfit": 55100000, "grossProfitRatio": 0.0026782156, "researchAndDevelopmentExpenses": 0, "generalAndAdministrativeExpenses": 9200000, "sellingAndMarketingExpenses": 0, "sellingGeneralAndAdministrativeExpenses": 9200000, "otherExpenses": -62700000, "operatingExpenses": -50300000, "costAndExpenses": 20554900000, "interestIncome": 0, "interestExpense": 2000000, "depreciationAndAmortization": 1300000, "ebitda": 20600000, "ebitdaratio": 0.0010012929, "operatingIncome": 10300000, "operatingIncomeRatio": 0.0005006465, "totalOtherIncomeExpensesNet": 7000000, "incomeBeforeTax": 17300000, "incomeBeforeTaxRatio": 0.0008408916, "incomeTaxExpense": 7000000, "netIncome": 10400000, "netIncomeRatio": 0.0005055071, "eps": 0.58, "epsdiluted": 0.55, "weightedAverageShsOut": 17901613, "weightedAverageShsOutDil": 19280696, "link": "https://www.sec.gov/Archives/edgar/data/913760/000144530511002465/0001445305-11-002465-index.htm", "finalLink": "https://www.sec.gov/Archives/edgar/data/913760/000144530511002465/intl0630201110-q.htm"}, {"date": "2011-03-31", "symbol": "SNEX", "reportedCurrency": "USD", "cik": "0000913760", "fillingDate": "2011-05-10", "acceptedDate": "2011-05-10 16:46:27", "calendarYear": "2011", "period": "Q2", "revenue": 14583000000, "costOfRevenue": 14522400000, "grossProfit": 60600000, "grossProfitRatio": 0.0041555236, "researchAndDevelopmentExpenses": 0, "generalAndAdministrativeExpenses": 7500000, "sellingAndMarketingExpenses": 0, "sellingGeneralAndAdministrativeExpenses": 7500000, "otherExpenses": -59700000, "operatingExpenses": -49100000, "costAndExpenses": 14557600000, "interestIncome": 0, "interestExpense": 3300000, "depreciationAndAmortization": 1100000, "ebitda": 27700000, "ebitdaratio": 0.001899472, "operatingIncome": 15300000, "operatingIncomeRatio": 0.0010491668, "totalOtherIncomeExpensesNet": 8000000, "incomeBeforeTax": 23300000, "incomeBeforeTaxRatio": 0.0015977508, "incomeTaxExpense": 8000000, "netIncome": 15400000, "netIncomeRatio": 0.0010560241, "eps": 0.87, "epsdiluted": 0.81, "weightedAverageShsOut": 17830888, "weightedAverageShsOutDil": 19224588, "link": "https://www.sec.gov/Archives/edgar/data/913760/000144530511000870/0001445305-11-000870-index.htm", "finalLink": "https://www.sec.gov/Archives/edgar/data/913760/000144530511000870/iaac0331201110-q.htm"}, {"date": "2010-12-31", "symbol": "SNEX", "reportedCurrency": "USD", "cik": "0000913760", "fillingDate": "2011-02-09", "acceptedDate": "2011-02-09 16:53:04", "calendarYear": "2011", "period": "Q1", "revenue": 16270800000, "costOfRevenue": 16222000000, "grossProfit": 48800000, "grossProfitRatio": 0.0029992379, "researchAndDevelopmentExpenses": 0, "generalAndAdministrativeExpenses": 9700000, "sellingAndMarketingExpenses": 200000, "sellingGeneralAndAdministrativeExpenses": 9900000, "otherExpenses": 0, "operatingExpenses": 44500000, "costAndExpenses": 16174100000, "interestIncome": 0, "interestExpense": 3800000, "depreciationAndAmortization": 1000000, "ebitda": 10700000, "ebitdaratio": 0.0006576198, "operatingIncome": 96700000, "operatingIncomeRatio": 0.005943162, "totalOtherIncomeExpensesNet": -90800000, "incomeBeforeTax": 5900000, "incomeBeforeTaxRatio": 0.0003626128, "incomeTaxExpense": 2100000, "netIncome": 4000000, "netIncomeRatio": 0.0002458392, "eps": 0.15, "epsdiluted": 0.22, "weightedAverageShsOut": 26134647, "weightedAverageShsOutDil": 18424125, "link": "https://www.sec.gov/Archives/edgar/data/913760/000119312511029073/0001193125-11-029073-index.htm", "finalLink": "https://www.sec.gov/Archives/edgar/data/913760/000119312511029073/d10q.htm"}, {"date": "2010-09-30", "symbol": "SNEX", "reportedCurrency": "USD", "cik": "0000913760", "fillingDate": "2010-12-16", "acceptedDate": "2010-12-16 16:51:34", "calendarYear": "2010", "period": "Q4", "revenue": 15706300000, "costOfRevenue": 15676400000, "grossProfit": 29900000, "grossProfitRatio": 0.0019036947, "researchAndDevelopmentExpenses": 0, "generalAndAdministrativeExpenses": 7400000, "sellingAndMarketingExpenses": 0, "sellingGeneralAndAdministrativeExpenses": 7400000, "otherExpenses": -43400000, "operatingExpenses": -36000000, "costAndExpenses": 15640400000, "interestIncome": 0, "interestExpense": 2400000, "depreciationAndAmortization": 800000, "ebitda": -1600000, "ebitdaratio": -0.00010187, "operatingIncome": 65900000, "operatingIncomeRatio": 0.0041957686, "totalOtherIncomeExpensesNet": -70600000, "incomeBeforeTax": -4700000, "incomeBeforeTaxRatio": -0.000299243, "incomeTaxExpense": -1700000, "netIncome": -4500000, "netIncomeRatio": -0.0002865092, "eps": -0.26, "epsdiluted": -0.25, "weightedAverageShsOut": 8895697000000, "weightedAverageShsOutDil": 10182586000000, "link": "https://www.sec.gov/Archives/edgar/data/913760/000119312510282509/0001193125-10-282509-index.htm", "finalLink": "https://www.sec.gov/Archives/edgar/data/913760/000119312510282509/d10ka.htm"}]