[{"date": "2025-06-30", "symbol": "ISRG", "reportedCurrency": "USD", "cik": "0001035267", "fillingDate": "2025-06-30", "acceptedDate": "2025-06-29 20:00:00", "calendarYear": "2025", "period": "Q2", "revenue": 2440000000, "costOfRevenue": 818900000, "grossProfit": 1621100000, "grossProfitRatio": 0.6643852459, "researchAndDevelopmentExpenses": 313300000, "generalAndAdministrativeExpenses": 0, "sellingAndMarketingExpenses": 0, "sellingGeneralAndAdministrativeExpenses": 561200000, "otherExpenses": 0, "operatingExpenses": 877700000, "costAndExpenses": 1696600000, "interestIncome": 88700000, "interestExpense": 0, "depreciationAndAmortization": 155300000, "ebitda": 987400000, "ebitdaratio": 0.4046721311, "operatingIncome": 743400000, "operatingIncomeRatio": 0.3046721311, "totalOtherIncomeExpensesNet": 88700000, "incomeBeforeTax": 832100000, "incomeBeforeTaxRatio": 0.3410245902, "incomeTaxExpense": 167900000, "netIncome": 658400000, "netIncomeRatio": 0.2698360656, "eps": 1.84, "epsdiluted": 1.81, "weightedAverageShsOut": 358500000, "weightedAverageShsOutDil": 364100000, "link": null, "finalLink": null}, {"date": "2025-03-31", "symbol": "ISRG", "reportedCurrency": "USD", "cik": "0001035267", "fillingDate": "2025-04-23", "acceptedDate": "2025-04-23 17:13:16", "calendarYear": "2025", "period": "Q1", "revenue": 2253400000, "costOfRevenue": 795700000, "grossProfit": 1457700000, "grossProfitRatio": 0.6468891453, "researchAndDevelopmentExpenses": 316200000, "generalAndAdministrativeExpenses": 0, "sellingAndMarketingExpenses": 0, "sellingGeneralAndAdministrativeExpenses": 563400000, "otherExpenses": 0, "operatingExpenses": 879600000, "costAndExpenses": 1675300000, "interestIncome": 90400000, "interestExpense": 0, "depreciationAndAmortization": 140900000, "ebitda": 719000000, "ebitdaratio": 0.3190734002, "operatingIncome": 578100000, "operatingIncomeRatio": 0.2565456643, "totalOtherIncomeExpensesNet": 90400000, "incomeBeforeTax": 668500000, "incomeBeforeTaxRatio": 0.2966628206, "incomeTaxExpense": -35200000, "netIncome": 698400000, "netIncomeRatio": 0.3099316588, "eps": 1.9535664335664336, "epsdiluted": 1.9155238617663193, "weightedAverageShsOut": 357500000, "weightedAverageShsOutDil": 364600000, "link": "https://www.sec.gov/Archives/edgar/data/1035267/000103526725000109/0001035267-25-000109-index.htm", "finalLink": "https://www.sec.gov/Archives/edgar/data/1035267/000103526725000109/isrg-20250331.htm"}, {"date": "2024-12-31", "symbol": "ISRG", "reportedCurrency": "USD", "cik": "0001035267", "fillingDate": "2025-01-31", "acceptedDate": "2025-01-31 17:20:49", "calendarYear": "2024", "period": "Q4", "revenue": 2413500000, "costOfRevenue": 771300000, "grossProfit": 1642200000, "grossProfitRatio": 0.6804226227, "researchAndDevelopmentExpenses": 294700000, "generalAndAdministrativeExpenses": 0, "sellingAndMarketingExpenses": 0, "sellingGeneralAndAdministrativeExpenses": 612600000, "otherExpenses": 0, "operatingExpenses": 907300000, "costAndExpenses": 1678600000, "interestIncome": 74900000, "interestExpense": 0, "depreciationAndAmortization": 124700000, "ebitda": 859600000, "ebitdaratio": 0.3561632484, "operatingIncome": 734900000, "operatingIncomeRatio": 0.3044955459, "totalOtherIncomeExpensesNet": 74900000, "incomeBeforeTax": 809800000, "incomeBeforeTaxRatio": 0.3355293143, "incomeTaxExpense": 121800000, "netIncome": 685700000, "netIncomeRatio": 0.2841102134, "eps": 1.92, "epsdiluted": 1.88, "weightedAverageShsOut": 356400000, "weightedAverageShsOutDil": 363900000, "link": "https://www.sec.gov/Archives/edgar/data/1035267/000103526725000017/0001035267-25-000017-index.htm", "finalLink": "https://www.sec.gov/Archives/edgar/data/1035267/000103526725000017/isrg-20241231.htm"}, {"date": "2024-09-30", "symbol": "ISRG", "reportedCurrency": "USD", "cik": "0001035267", "fillingDate": "2024-10-18", "acceptedDate": "2024-10-18 16:45:39", "calendarYear": "2024", "period": "Q3", "revenue": 2038100000, "costOfRevenue": 664200000, "grossProfit": 1373900000, "grossProfitRatio": 0.6741082381, "researchAndDevelopmentExpenses": 286000000, "generalAndAdministrativeExpenses": 0, "sellingAndMarketingExpenses": 0, "sellingGeneralAndAdministrativeExpenses": 510600000, "otherExpenses": 0, "operatingExpenses": 796600000, "costAndExpenses": 1460800000, "interestIncome": 93700000, "interestExpense": 0, "depreciationAndAmortization": 116200000, "ebitda": 693500000, "ebitdaratio": 0.3402678966, "operatingIncome": 577300000, "operatingIncomeRatio": 0.2832540111, "totalOtherIncomeExpensesNet": 93700000, "incomeBeforeTax": 671000000, "incomeBeforeTaxRatio": 0.3292282027, "incomeTaxExpense": 100400000, "netIncome": 565100000, "netIncomeRatio": 0.2772680438, "eps": 1.59, "epsdiluted": 1.56, "weightedAverageShsOut": 355800000, "weightedAverageShsOutDil": 362700000, "link": "https://www.sec.gov/Archives/edgar/data/1035267/000103526724000247/0001035267-24-000247-index.htm", "finalLink": "https://www.sec.gov/Archives/edgar/data/1035267/000103526724000247/isrg-20240930.htm"}, {"date": "2024-06-30", "symbol": "ISRG", "reportedCurrency": "USD", "cik": "0001035267", "fillingDate": "2024-07-19", "acceptedDate": "2024-07-19 17:03:43", "calendarYear": "2024", "period": "Q2", "revenue": 2009900000, "costOfRevenue": 637200000, "grossProfit": 1372700000, "grossProfitRatio": 0.682969302, "researchAndDevelopmentExpenses": 280100000, "generalAndAdministrativeExpenses": 0, "sellingAndMarketingExpenses": 0, "sellingGeneralAndAdministrativeExpenses": 525300000, "otherExpenses": 0, "operatingExpenses": 805400000, "costAndExpenses": 1442600000, "interestIncome": 87200000, "interestExpense": 0, "depreciationAndAmortization": 111800000, "ebitda": 679100000, "ebitdaratio": 0.3378775063, "operatingIncome": 567300000, "operatingIncomeRatio": 0.2822528484, "totalOtherIncomeExpensesNet": 87200000, "incomeBeforeTax": 654500000, "incomeBeforeTaxRatio": 0.3256380914, "incomeTaxExpense": 123000000, "netIncome": 526900000, "netIncomeRatio": 0.2621523459, "eps": 1.48, "epsdiluted": 1.46, "weightedAverageShsOut": 355000000, "weightedAverageShsOutDil": 361000000, "link": "https://www.sec.gov/Archives/edgar/data/1035267/000103526724000207/0001035267-24-000207-index.htm", "finalLink": "https://www.sec.gov/Archives/edgar/data/1035267/000103526724000207/isrg-20240630.htm"}, {"date": "2024-03-31", "symbol": "ISRG", "reportedCurrency": "USD", "cik": "0001035267", "fillingDate": "2024-04-19", "acceptedDate": "2024-04-19 09:00:40", "calendarYear": "2024", "period": "Q1", "revenue": 1890600000, "costOfRevenue": 645200000, "grossProfit": 1245400000, "grossProfitRatio": 0.6587326775, "researchAndDevelopmentExpenses": 284500000, "generalAndAdministrativeExpenses": 0, "sellingAndMarketingExpenses": 0, "sellingGeneralAndAdministrativeExpenses": 491500000, "otherExpenses": 0, "operatingExpenses": 776000000, "costAndExpenses": 1421200000, "interestIncome": 69100000, "interestExpense": 0, "depreciationAndAmortization": 109300000, "ebitda": 578700000, "ebitdaratio": 0.3060933037, "operatingIncome": 469400000, "operatingIncomeRatio": 0.248280969, "totalOtherIncomeExpensesNet": 69100000, "incomeBeforeTax": 538500000, "incomeBeforeTaxRatio": 0.2848302126, "incomeTaxExpense": -8900000, "netIncome": 544900000, "netIncomeRatio": 0.2882153814, "eps": 1.54, "epsdiluted": 1.51, "weightedAverageShsOut": 353500000, "weightedAverageShsOutDil": 360500000, "link": "https://www.sec.gov/Archives/edgar/data/1035267/000103526724000137/0001035267-24-000137-index.htm", "finalLink": "https://www.sec.gov/Archives/edgar/data/1035267/000103526724000137/isrg-20240331.htm"}, {"date": "2023-12-31", "symbol": "ISRG", "reportedCurrency": "USD", "cik": "0001035267", "fillingDate": "2024-01-31", "acceptedDate": "2024-01-31 17:16:45", "calendarYear": "2023", "period": "Q4", "revenue": 1928300000, "costOfRevenue": 650900000, "grossProfit": 1277400000, "grossProfitRatio": 0.6624487891, "researchAndDevelopmentExpenses": 260100000, "generalAndAdministrativeExpenses": 0, "sellingAndMarketingExpenses": 0, "sellingGeneralAndAdministrativeExpenses": 567100000, "otherExpenses": 0, "operatingExpenses": 827200000, "costAndExpenses": 1478100000, "interestIncome": 65700000, "interestExpense": 0, "depreciationAndAmortization": 123200000, "ebitda": 573400000, "ebitdaratio": 0.2973603692, "operatingIncome": 450200000, "operatingIncomeRatio": 0.2334698958, "totalOtherIncomeExpensesNet": 65700000, "incomeBeforeTax": 515900000, "incomeBeforeTaxRatio": 0.2675413577, "incomeTaxExpense": -94800000, "netIncome": 606200000, "netIncomeRatio": 0.3143701706, "eps": 1.72, "epsdiluted": 1.69, "weightedAverageShsOut": 352100000, "weightedAverageShsOutDil": 358200000, "link": "https://www.sec.gov/Archives/edgar/data/1035267/000103526724000021/0001035267-24-000021-index.htm", "finalLink": "https://www.sec.gov/Archives/edgar/data/1035267/000103526724000021/isrg-20231231.htm"}, {"date": "2023-09-30", "symbol": "ISRG", "reportedCurrency": "USD", "cik": "0001035267", "fillingDate": "2023-10-20", "acceptedDate": "2023-10-20 17:04:46", "calendarYear": "2023", "period": "Q3", "revenue": 1743700000, "costOfRevenue": 576500000, "grossProfit": 1167200000, "grossProfitRatio": 0.6693812009, "researchAndDevelopmentExpenses": 249400000, "generalAndAdministrativeExpenses": 0, "sellingAndMarketingExpenses": 0, "sellingGeneralAndAdministrativeExpenses": 452000000, "otherExpenses": 0, "operatingExpenses": 701400000, "costAndExpenses": 1277900000, "interestIncome": 56200000, "interestExpense": 0, "depreciationAndAmortization": 108600000, "ebitda": 574400000, "ebitdaratio": 0.3294144635, "operatingIncome": 465800000, "operatingIncomeRatio": 0.2671331078, "totalOtherIncomeExpensesNet": 56200000, "incomeBeforeTax": 522000000, "incomeBeforeTaxRatio": 0.2993634226, "incomeTaxExpense": 102200000, "netIncome": 415700000, "netIncomeRatio": 0.2384011011, "eps": 1.18, "epsdiluted": 1.16, "weightedAverageShsOut": 351700000, "weightedAverageShsOutDil": 358200000, "link": "https://www.sec.gov/Archives/edgar/data/1035267/000103526723000196/0001035267-23-000196-index.htm", "finalLink": "https://www.sec.gov/Archives/edgar/data/1035267/000103526723000196/isrg-20230930.htm"}, {"date": "2023-06-30", "symbol": "ISRG", "reportedCurrency": "USD", "cik": "0001035267", "fillingDate": "2023-07-24", "acceptedDate": "2023-07-21 19:22:59", "calendarYear": "2023", "period": "Q2", "revenue": 1755900000, "costOfRevenue": 584000000, "grossProfit": 1171900000, "grossProfitRatio": 0.6674070277, "researchAndDevelopmentExpenses": 244400000, "generalAndAdministrativeExpenses": 0, "sellingAndMarketingExpenses": 0, "sellingGeneralAndAdministrativeExpenses": 464300000, "otherExpenses": 0, "operatingExpenses": 708700000, "costAndExpenses": 1292700000, "interestIncome": 36000000, "interestExpense": 0, "depreciationAndAmortization": 97300000, "ebitda": 560500000, "ebitdaratio": 0.3192095222, "operatingIncome": 463200000, "operatingIncomeRatio": 0.2637963438, "totalOtherIncomeExpensesNet": 36000000, "incomeBeforeTax": 499200000, "incomeBeforeTaxRatio": 0.2842986503, "incomeTaxExpense": 73200000, "netIncome": 420800000, "netIncomeRatio": 0.2396491828, "eps": 1.2, "epsdiluted": 1.18, "weightedAverageShsOut": 350900000, "weightedAverageShsOutDil": 357300000, "link": "https://www.sec.gov/Archives/edgar/data/1035267/000103526723000159/0001035267-23-000159-index.htm", "finalLink": "https://www.sec.gov/Archives/edgar/data/1035267/000103526723000159/isrg-20230630.htm"}, {"date": "2023-03-31", "symbol": "ISRG", "reportedCurrency": "USD", "cik": "0001035267", "fillingDate": "2023-04-20", "acceptedDate": "2023-04-20 16:45:19", "calendarYear": "2023", "period": "Q1", "revenue": 1696200000, "costOfRevenue": 583200000, "grossProfit": 1113000000, "grossProfitRatio": 0.6561726212, "researchAndDevelopmentExpenses": 244900000, "generalAndAdministrativeExpenses": 0, "sellingAndMarketingExpenses": 0, "sellingGeneralAndAdministrativeExpenses": 480500000, "otherExpenses": 0, "operatingExpenses": 725400000, "costAndExpenses": 1308600000, "interestIncome": 34200000, "interestExpense": 0, "depreciationAndAmortization": 92700000, "ebitda": 480300000, "ebitdaratio": 0.2831623629, "operatingIncome": 387600000, "operatingIncomeRatio": 0.2285107888, "totalOtherIncomeExpensesNet": 34200000, "incomeBeforeTax": 421800000, "incomeBeforeTaxRatio": 0.2486735055, "incomeTaxExpense": 61000000, "netIncome": 355300000, "netIncomeRatio": 0.2094682231, "eps": 1.01, "epsdiluted": 1, "weightedAverageShsOut": 350200000, "weightedAverageShsOutDil": 356000000, "link": "https://www.sec.gov/Archives/edgar/data/1035267/000103526723000092/0001035267-23-000092-index.htm", "finalLink": "https://www.sec.gov/Archives/edgar/data/1035267/000103526723000092/isrg-20230331.htm"}, {"date": "2022-12-31", "symbol": "ISRG", "reportedCurrency": "USD", "cik": "0001035267", "fillingDate": "2023-02-10", "acceptedDate": "2023-02-10 17:11:19", "calendarYear": "2022", "period": "Q4", "revenue": 1655000000, "costOfRevenue": 544100000, "grossProfit": 1110900000, "grossProfitRatio": 0.6712386707, "researchAndDevelopmentExpenses": 244100000, "generalAndAdministrativeExpenses": 0, "sellingAndMarketingExpenses": 0, "sellingGeneralAndAdministrativeExpenses": 494300000, "otherExpenses": 0, "operatingExpenses": 738400000, "costAndExpenses": 1282500000, "interestIncome": 22200000, "interestExpense": 0, "depreciationAndAmortization": 106200000, "ebitda": 478700000, "ebitdaratio": 0.289244713, "operatingIncome": 372500000, "operatingIncomeRatio": 0.2250755287, "totalOtherIncomeExpensesNet": 22200000, "incomeBeforeTax": 394700000, "incomeBeforeTaxRatio": 0.238489426, "incomeTaxExpense": 58000000, "netIncome": 324900000, "netIncomeRatio": 0.1963141994, "eps": 0.93, "epsdiluted": 0.91, "weightedAverageShsOut": 351100000, "weightedAverageShsOutDil": 357000000, "link": "https://www.sec.gov/Archives/edgar/data/1035267/000103526723000019/0001035267-23-000019-index.htm", "finalLink": "https://www.sec.gov/Archives/edgar/data/1035267/000103526723000019/isrg-20221231.htm"}, {"date": "2022-09-30", "symbol": "ISRG", "reportedCurrency": "USD", "cik": "0001035267", "fillingDate": "2022-10-21", "acceptedDate": "2022-10-21 17:03:02", "calendarYear": "2022", "period": "Q3", "revenue": 1557400000, "costOfRevenue": 505300000, "grossProfit": 1052100000, "grossProfitRatio": 0.6755489919, "researchAndDevelopmentExpenses": 217100000, "generalAndAdministrativeExpenses": 0, "sellingAndMarketingExpenses": 0, "sellingGeneralAndAdministrativeExpenses": 436100000, "otherExpenses": 0, "operatingExpenses": 653200000, "costAndExpenses": 1158500000, "interestIncome": 3900000, "interestExpense": 0, "depreciationAndAmortization": 89800000, "ebitda": 488700000, "ebitdaratio": 0.3137922178, "operatingIncome": 398900000, "operatingIncomeRatio": 0.2561320149, "totalOtherIncomeExpensesNet": 3900000, "incomeBeforeTax": 402800000, "incomeBeforeTaxRatio": 0.2586361885, "incomeTaxExpense": 78100000, "netIncome": 324000000, "netIncomeRatio": 0.2080390394, "eps": 0.91, "epsdiluted": 0.9, "weightedAverageShsOut": 355300000, "weightedAverageShsOutDil": 360500000, "link": "https://www.sec.gov/Archives/edgar/data/1035267/000103526722000169/0001035267-22-000169-index.htm", "finalLink": "https://www.sec.gov/Archives/edgar/data/1035267/000103526722000169/isrg-20220930.htm"}, {"date": "2022-06-30", "symbol": "ISRG", "reportedCurrency": "USD", "cik": "0001035267", "fillingDate": "2022-07-22", "acceptedDate": "2022-07-22 17:24:57", "calendarYear": "2022", "period": "Q2", "revenue": 1522100000, "costOfRevenue": 498800000, "grossProfit": 1023300000, "grossProfitRatio": 0.6722948558, "researchAndDevelopmentExpenses": 207300000, "generalAndAdministrativeExpenses": 0, "sellingAndMarketingExpenses": 0, "sellingGeneralAndAdministrativeExpenses": 418400000, "otherExpenses": 0, "operatingExpenses": 625700000, "costAndExpenses": 1124500000, "interestIncome": 9300000, "interestExpense": 0, "depreciationAndAmortization": 86000000, "ebitda": 483600000, "ebitdaratio": 0.3177189409, "operatingIncome": 397600000, "operatingIncomeRatio": 0.261218054, "totalOtherIncomeExpensesNet": 9300000, "incomeBeforeTax": 406900000, "incomeBeforeTaxRatio": 0.2673280336, "incomeTaxExpense": 93300000, "netIncome": 307800000, "netIncomeRatio": 0.2022206163, "eps": 0.86, "epsdiluted": 0.85, "weightedAverageShsOut": 358100000, "weightedAverageShsOutDil": 363900000, "link": "https://www.sec.gov/Archives/edgar/data/1035267/000103526722000128/0001035267-22-000128-index.htm", "finalLink": "https://www.sec.gov/Archives/edgar/data/1035267/000103526722000128/isrg-20220630.htm"}, {"date": "2022-03-31", "symbol": "ISRG", "reportedCurrency": "USD", "cik": "0001035267", "fillingDate": "2022-04-22", "acceptedDate": "2022-04-22 17:26:40", "calendarYear": "2022", "period": "Q1", "revenue": 1487700000, "costOfRevenue": 478000000, "grossProfit": 1009700000, "grossProfitRatio": 0.6786986624, "researchAndDevelopmentExpenses": 210500000, "generalAndAdministrativeExpenses": 0, "sellingAndMarketingExpenses": 0, "sellingGeneralAndAdministrativeExpenses": 391100000, "otherExpenses": 0, "operatingExpenses": 601600000, "costAndExpenses": 1079600000, "interestIncome": 5700000, "interestExpense": 0, "depreciationAndAmortization": 83800000, "ebitda": 491900000, "ebitdaratio": 0.3306446192, "operatingIncome": 408100000, "operatingIncomeRatio": 0.2743160583, "totalOtherIncomeExpensesNet": -5700000, "incomeBeforeTax": 402400000, "incomeBeforeTaxRatio": 0.2704846407, "incomeTaxExpense": 33000000, "netIncome": 365600000, "netIncomeRatio": 0.2457484708, "eps": 1.02, "epsdiluted": 1, "weightedAverageShsOut": 358400000, "weightedAverageShsOutDil": 366700000, "link": "https://www.sec.gov/Archives/edgar/data/1035267/000103526722000085/0001035267-22-000085-index.htm", "finalLink": "https://www.sec.gov/Archives/edgar/data/1035267/000103526722000085/isrg-20220331.htm"}, {"date": "2021-12-31", "symbol": "ISRG", "reportedCurrency": "USD", "cik": "0001035267", "fillingDate": "2022-02-03", "acceptedDate": "2022-02-03 16:59:03", "calendarYear": "2021", "period": "Q4", "revenue": 1550700000, "costOfRevenue": 489900000, "grossProfit": 1060800000, "grossProfitRatio": 0.6840781583, "researchAndDevelopmentExpenses": 183400000, "generalAndAdministrativeExpenses": 0, "sellingAndMarketingExpenses": 0, "sellingGeneralAndAdministrativeExpenses": 427000000, "otherExpenses": 0, "operatingExpenses": 610400000, "costAndExpenses": 1100300000, "interestIncome": 3800000, "interestExpense": 0, "depreciationAndAmortization": 80900000, "ebitda": 531300000, "ebitdaratio": 0.3426194622, "operatingIncome": 450400000, "operatingIncomeRatio": 0.2904494744, "totalOtherIncomeExpensesNet": 3800000, "incomeBeforeTax": 454200000, "incomeBeforeTaxRatio": 0.2928999807, "incomeTaxExpense": 71500000, "netIncome": 380600000, "netIncomeRatio": 0.2454375443, "eps": 1.06, "epsdiluted": 1.04, "weightedAverageShsOut": 357500000, "weightedAverageShsOutDil": 367400000, "link": "https://www.sec.gov/Archives/edgar/data/1035267/000103526722000014/0001035267-22-000014-index.htm", "finalLink": "https://www.sec.gov/Archives/edgar/data/1035267/000103526722000014/isrg-20211231.htm"}, {"date": "2021-09-30", "symbol": "ISRG", "reportedCurrency": "USD", "cik": "0001035267", "fillingDate": "2021-10-20", "acceptedDate": "2021-10-20 17:01:06", "calendarYear": "2021", "period": "Q3", "revenue": 1403300000, "costOfRevenue": 431900000, "grossProfit": 971400000, "grossProfitRatio": 0.6922254685, "researchAndDevelopmentExpenses": 165500000, "generalAndAdministrativeExpenses": 0, "sellingAndMarketingExpenses": 0, "sellingGeneralAndAdministrativeExpenses": 363300000, "otherExpenses": 0, "operatingExpenses": 528800000, "costAndExpenses": 960700000, "interestIncome": 18500000, "interestExpense": 0, "depreciationAndAmortization": 82100000, "ebitda": 524600000, "ebitdaratio": 0.3738331077, "operatingIncome": 442600000, "operatingIncomeRatio": 0.3153994157, "totalOtherIncomeExpensesNet": 18500000, "incomeBeforeTax": 461100000, "incomeBeforeTaxRatio": 0.3285826267, "incomeTaxExpense": 73900000, "netIncome": 380500000, "netIncomeRatio": 0.2711465831, "eps": 1.07, "epsdiluted": 1.04, "weightedAverageShsOut": 356799999, "weightedAverageShsOutDil": 366800000, "link": "https://www.sec.gov/Archives/edgar/data/1035267/000103526721000178/0001035267-21-000178-index.htm", "finalLink": "https://www.sec.gov/Archives/edgar/data/1035267/000103526721000178/isrg-20210930.htm"}, {"date": "2021-06-30", "symbol": "ISRG", "reportedCurrency": "USD", "cik": "0001035267", "fillingDate": "2021-07-21", "acceptedDate": "2021-07-21 17:14:15", "calendarYear": "2021", "period": "Q2", "revenue": 1464000000, "costOfRevenue": 440300000, "grossProfit": 1023700000, "grossProfitRatio": 0.6992486339, "researchAndDevelopmentExpenses": 162300000, "generalAndAdministrativeExpenses": 0, "sellingAndMarketingExpenses": 0, "sellingGeneralAndAdministrativeExpenses": 350200000, "otherExpenses": 0, "operatingExpenses": 512500000, "costAndExpenses": 952800000, "interestIncome": 15000000, "interestExpense": 0, "depreciationAndAmortization": 75600000, "ebitda": 586800000, "ebitdaratio": 0.4008196721, "operatingIncome": 511200000, "operatingIncomeRatio": 0.3491803279, "totalOtherIncomeExpensesNet": 15000000, "incomeBeforeTax": 526200000, "incomeBeforeTaxRatio": 0.3594262295, "incomeTaxExpense": 3200000, "netIncome": 517200000, "netIncomeRatio": 0.3532786885, "eps": 1.45, "epsdiluted": 1.42, "weightedAverageShsOut": 355800000, "weightedAverageShsOutDil": 364800000, "link": "https://www.sec.gov/Archives/edgar/data/1035267/000103526721000119/0001035267-21-000119-index.htm", "finalLink": "https://www.sec.gov/Archives/edgar/data/1035267/000103526721000119/isrg-20210630.htm"}, {"date": "2021-03-31", "symbol": "ISRG", "reportedCurrency": "USD", "cik": "0001035267", "fillingDate": "2021-04-21", "acceptedDate": "2021-04-21 16:25:33", "calendarYear": "2021", "period": "Q1", "revenue": 1292100000, "costOfRevenue": 389500000, "grossProfit": 902600000, "grossProfitRatio": 0.6985527436, "researchAndDevelopmentExpenses": 159800000, "generalAndAdministrativeExpenses": 0, "sellingAndMarketingExpenses": 0, "sellingGeneralAndAdministrativeExpenses": 326000000, "otherExpenses": 0, "operatingExpenses": 485800000, "costAndExpenses": 875300000, "interestIncome": 32000000, "interestExpense": 0, "depreciationAndAmortization": 71700000, "ebitda": 488500000, "ebitdaratio": 0.3780667131, "operatingIncome": 416800000, "operatingIncomeRatio": 0.322575652, "totalOtherIncomeExpensesNet": 32000000, "incomeBeforeTax": 448800000, "incomeBeforeTaxRatio": 0.347341537, "incomeTaxExpense": 13600000, "netIncome": 426300000, "netIncomeRatio": 0.3299280241, "eps": 1.2, "epsdiluted": 1.17, "weightedAverageShsOut": 353400012, "weightedAverageShsOutDil": 362850013, "link": "https://www.sec.gov/Archives/edgar/data/1035267/000103526721000067/0001035267-21-000067-index.htm", "finalLink": "https://www.sec.gov/Archives/edgar/data/1035267/000103526721000067/isrg-20210331.htm"}, {"date": "2020-12-31", "symbol": "ISRG", "reportedCurrency": "USD", "cik": "0001035267", "fillingDate": "2021-02-10", "acceptedDate": "2021-02-09 21:47:57", "calendarYear": "2020", "period": "Q4", "revenue": 1329100000, "costOfRevenue": 433300000, "grossProfit": 895800000, "grossProfitRatio": 0.673989918, "researchAndDevelopmentExpenses": 149800000, "generalAndAdministrativeExpenses": 308100000, "sellingAndMarketingExpenses": 22100000, "sellingGeneralAndAdministrativeExpenses": 330200000, "otherExpenses": 0, "operatingExpenses": 480000000, "costAndExpenses": 913300000, "interestIncome": 20700000, "interestExpense": 0, "depreciationAndAmortization": 79800000, "ebitda": 495600000, "ebitdaratio": 0.3728839064, "operatingIncome": 415800000, "operatingIncomeRatio": 0.3128432774, "totalOtherIncomeExpensesNet": 20700000, "incomeBeforeTax": 436500000, "incomeBeforeTaxRatio": 0.3284177263, "incomeTaxExpense": 72900000, "netIncome": 365200000, "netIncomeRatio": 0.2747724024, "eps": 1.04, "epsdiluted": 1.01, "weightedAverageShsOut": 352800000, "weightedAverageShsOutDil": 363300000, "link": "https://www.sec.gov/Archives/edgar/data/1035267/000103526721000028/0001035267-21-000028-index.htm", "finalLink": "https://www.sec.gov/Archives/edgar/data/1035267/000103526721000028/isrg-20201231.htm"}, {"date": "2020-09-30", "symbol": "ISRG", "reportedCurrency": "USD", "cik": "0001035267", "fillingDate": "2020-10-19", "acceptedDate": "2020-10-19 17:22:39", "calendarYear": "2020", "period": "Q3", "revenue": 1077700000, "costOfRevenue": 353400000, "grossProfit": 724300000, "grossProfitRatio": 0.6720794284, "researchAndDevelopmentExpenses": 155000000, "generalAndAdministrativeExpenses": 0, "sellingAndMarketingExpenses": 0, "sellingGeneralAndAdministrativeExpenses": 298900000, "otherExpenses": 0, "operatingExpenses": 453900000, "costAndExpenses": 807300000, "interestIncome": 84800000, "interestExpense": 0, "depreciationAndAmortization": 69200000, "ebitda": 339600000, "ebitdaratio": 0.3151155238, "operatingIncome": 270400000, "operatingIncomeRatio": 0.2509047045, "totalOtherIncomeExpensesNet": 84800000, "incomeBeforeTax": 355200000, "incomeBeforeTaxRatio": 0.3295907952, "incomeTaxExpense": 38400000, "netIncome": 313900000, "netIncomeRatio": 0.2912684421, "eps": 0.89, "epsdiluted": 0.87, "weightedAverageShsOut": 351900000, "weightedAverageShsOutDil": 361800000, "link": "https://www.sec.gov/Archives/edgar/data/1035267/000103526720000166/0001035267-20-000166-index.htm", "finalLink": "https://www.sec.gov/Archives/edgar/data/1035267/000103526720000166/isrg-20200930.htm"}, {"date": "2020-06-30", "symbol": "ISRG", "reportedCurrency": "USD", "cik": "0001035267", "fillingDate": "2020-07-23", "acceptedDate": "2020-07-23 16:23:34", "calendarYear": "2020", "period": "Q2", "revenue": 852100000, "costOfRevenue": 349200000, "grossProfit": 502900000, "grossProfitRatio": 0.590188945, "researchAndDevelopmentExpenses": 143200000, "generalAndAdministrativeExpenses": 0, "sellingAndMarketingExpenses": 0, "sellingGeneralAndAdministrativeExpenses": 279100000, "otherExpenses": 0, "operatingExpenses": 422300000, "costAndExpenses": 771500000, "interestIncome": 26600000, "interestExpense": 0, "depreciationAndAmortization": 63800000, "ebitda": 144400000, "ebitdaratio": 0.169463678, "operatingIncome": 80600000, "operatingIncomeRatio": 0.0945898369, "totalOtherIncomeExpensesNet": 26600000, "incomeBeforeTax": 107200000, "incomeBeforeTaxRatio": 0.1258068302, "incomeTaxExpense": 37000000, "netIncome": 68000000, "netIncomeRatio": 0.07980284, "eps": 0.19, "epsdiluted": 0.19, "weightedAverageShsOut": 350400000, "weightedAverageShsOutDil": 359100000, "link": "https://www.sec.gov/Archives/edgar/data/1035267/000103526720000122/0001035267-20-000122-index.htm", "finalLink": "https://www.sec.gov/Archives/edgar/data/1035267/000103526720000122/isrg-20200630.htm"}, {"date": "2020-03-31", "symbol": "ISRG", "reportedCurrency": "USD", "cik": "0001035267", "fillingDate": "2020-04-17", "acceptedDate": "2020-04-17 17:22:31", "calendarYear": "2020", "period": "Q1", "revenue": 1099500000, "costOfRevenue": 361300000, "grossProfit": 738200000, "grossProfitRatio": 0.6713960891, "researchAndDevelopmentExpenses": 147100000, "generalAndAdministrativeExpenses": 308100000, "sellingAndMarketingExpenses": 0, "sellingGeneralAndAdministrativeExpenses": 308100000, "otherExpenses": 0, "operatingExpenses": 455200000, "costAndExpenses": 816500000, "interestIncome": 25100000, "interestExpense": 0, "depreciationAndAmortization": 63400000, "ebitda": 346400000, "ebitdaratio": 0.3150522965, "operatingIncome": 283000000, "operatingIncomeRatio": 0.2573897226, "totalOtherIncomeExpensesNet": 25100000, "incomeBeforeTax": 308100000, "incomeBeforeTaxRatio": 0.280218281, "incomeTaxExpense": -8100000, "netIncome": 313500000, "netIncomeRatio": 0.2851296044, "eps": 0.9, "epsdiluted": 0.87, "weightedAverageShsOut": 349200000, "weightedAverageShsOutDil": 359400000, "link": "https://www.sec.gov/Archives/edgar/data/1035267/000103526720000075/0001035267-20-000075-index.htm", "finalLink": "https://www.sec.gov/Archives/edgar/data/1035267/000103526720000075/isrg-20200331.htm"}, {"date": "2019-12-31", "symbol": "ISRG", "reportedCurrency": "USD", "cik": "0001035267", "fillingDate": "2020-02-07", "acceptedDate": "2020-02-07 17:18:28", "calendarYear": "2019", "period": "Q4", "revenue": 1277700000, "costOfRevenue": 381700000, "grossProfit": 896000000, "grossProfitRatio": 0.7012600767, "researchAndDevelopmentExpenses": 156600000, "generalAndAdministrativeExpenses": 341800000, "sellingAndMarketingExpenses": 0, "sellingGeneralAndAdministrativeExpenses": 341800000, "otherExpenses": 0, "operatingExpenses": 498400000, "costAndExpenses": 880100000, "interestIncome": 34100000, "interestExpense": 0, "depreciationAndAmortization": 63800000, "ebitda": 461400000, "ebitdaratio": 0.3611176332, "operatingIncome": 397600000, "operatingIncomeRatio": 0.311184159, "totalOtherIncomeExpensesNet": 34100000, "incomeBeforeTax": 431700000, "incomeBeforeTaxRatio": 0.3378727401, "incomeTaxExpense": 69000000, "netIncome": 357700000, "netIncomeRatio": 0.2799561712, "eps": 1.03, "epsdiluted": 1, "weightedAverageShsOut": 347400000, "weightedAverageShsOutDil": 359100000, "link": "https://www.sec.gov/Archives/edgar/data/1035267/000103526720000032/0001035267-20-000032-index.htm", "finalLink": "https://www.sec.gov/Archives/edgar/data/1035267/000103526720000032/isrg-20191231.htm"}, {"date": "2019-09-30", "symbol": "ISRG", "reportedCurrency": "USD", "cik": "0001035267", "fillingDate": "2019-10-18", "acceptedDate": "2019-10-18 17:18:46", "calendarYear": "2019", "period": "Q3", "revenue": 1128200000, "costOfRevenue": 342600000, "grossProfit": 785600000, "grossProfitRatio": 0.6963304379, "researchAndDevelopmentExpenses": 135900000, "generalAndAdministrativeExpenses": 284000000, "sellingAndMarketingExpenses": 0, "sellingGeneralAndAdministrativeExpenses": 284000000, "otherExpenses": 0, "operatingExpenses": 419900000, "costAndExpenses": 762500000, "interestIncome": 33300000, "interestExpense": 0, "depreciationAndAmortization": 50900000, "ebitda": 416600000, "ebitdaratio": 0.3692607694, "operatingIncome": 365700000, "operatingIncomeRatio": 0.3241446552, "totalOtherIncomeExpensesNet": 33300000, "incomeBeforeTax": 399000000, "incomeBeforeTaxRatio": 0.3536606985, "incomeTaxExpense": 300000, "netIncome": 396800000, "netIncomeRatio": 0.3517106896, "eps": 1.15, "epsdiluted": 1.11, "weightedAverageShsOut": 346200000, "weightedAverageShsOutDil": 357900000, "link": "https://www.sec.gov/Archives/edgar/data/1035267/000103526719000139/0001035267-19-000139-index.htm", "finalLink": "https://www.sec.gov/Archives/edgar/data/1035267/000103526719000139/isrg-20190930.htm"}, {"date": "2019-06-30", "symbol": "ISRG", "reportedCurrency": "USD", "cik": "0001035267", "fillingDate": "2019-07-22", "acceptedDate": "2019-07-19 17:35:46", "calendarYear": "2019", "period": "Q2", "revenue": 1098900000, "costOfRevenue": 339900000, "grossProfit": 759000000, "grossProfitRatio": 0.6906906907, "researchAndDevelopmentExpenses": 120800000, "generalAndAdministrativeExpenses": 279200000, "sellingAndMarketingExpenses": 0, "sellingGeneralAndAdministrativeExpenses": 279200000, "otherExpenses": 0, "operatingExpenses": 400000000, "costAndExpenses": 739900000, "interestIncome": 32800000, "interestExpense": 0, "depreciationAndAmortization": 46700000, "ebitda": 405700000, "ebitdaratio": 0.3691873692, "operatingIncome": 359000000, "operatingIncomeRatio": 0.3266903267, "totalOtherIncomeExpensesNet": 32800000, "incomeBeforeTax": 391800000, "incomeBeforeTaxRatio": 0.3565383565, "incomeTaxExpense": 75400000, "netIncome": 318300000, "netIncomeRatio": 0.2896532897, "eps": 0.92, "epsdiluted": 0.89, "weightedAverageShsOut": 346200000, "weightedAverageShsOutDil": 357900000, "link": "https://www.sec.gov/Archives/edgar/data/1035267/000103526719000088/0001035267-19-000088-index.htm", "finalLink": "https://www.sec.gov/Archives/edgar/data/1035267/000103526719000088/isrg-20190630x10q.htm"}, {"date": "2019-03-31", "symbol": "ISRG", "reportedCurrency": "USD", "cik": "0001035267", "fillingDate": "2019-04-19", "acceptedDate": "2019-04-19 16:57:32", "calendarYear": "2019", "period": "Q1", "revenue": 973700000, "costOfRevenue": 304100000, "grossProfit": 669600000, "grossProfitRatio": 0.6876861456, "researchAndDevelopmentExpenses": 144000000, "generalAndAdministrativeExpenses": 273400000, "sellingAndMarketingExpenses": 0, "sellingGeneralAndAdministrativeExpenses": 273400000, "otherExpenses": 0, "operatingExpenses": 417400000, "costAndExpenses": 721500000, "interestIncome": 27500000, "interestExpense": 0, "depreciationAndAmortization": 41600000, "ebitda": 293800000, "ebitdaratio": 0.3017356475, "operatingIncome": 252200000, "operatingIncomeRatio": 0.259012016, "totalOtherIncomeExpensesNet": 27500000, "incomeBeforeTax": 279700000, "incomeBeforeTaxRatio": 0.2872548013, "incomeTaxExpense": -24300000, "netIncome": 306500000, "netIncomeRatio": 0.3147786793, "eps": 0.89, "epsdiluted": 0.85, "weightedAverageShsOut": 345000000, "weightedAverageShsOutDil": 358800000, "link": "https://www.sec.gov/Archives/edgar/data/1035267/000103526719000038/0001035267-19-000038-index.htm", "finalLink": "https://www.sec.gov/Archives/edgar/data/1035267/000103526719000038/isrg-20190331x10q.htm"}, {"date": "2018-12-31", "symbol": "ISRG", "reportedCurrency": "USD", "cik": "0001035267", "fillingDate": "2019-02-04", "acceptedDate": "2019-02-04 17:27:54", "calendarYear": "2018", "period": "Q4", "revenue": 1046500000, "costOfRevenue": 310800000, "grossProfit": 735700000, "grossProfitRatio": 0.7030100334, "researchAndDevelopmentExpenses": 119900000, "generalAndAdministrativeExpenses": 283800000, "sellingAndMarketingExpenses": 0, "sellingGeneralAndAdministrativeExpenses": 283800000, "otherExpenses": 0, "operatingExpenses": 403700000, "costAndExpenses": 714500000, "interestIncome": 26800000, "interestExpense": 0, "depreciationAndAmortization": 36300000, "ebitda": 364900000, "ebitdaratio": 0.3486860965, "operatingIncome": 332000000, "operatingIncomeRatio": 0.3172479694, "totalOtherIncomeExpensesNet": 26800000, "incomeBeforeTax": 358800000, "incomeBeforeTaxRatio": 0.3428571429, "incomeTaxExpense": 67500000, "netIncome": 292500000, "netIncomeRatio": 0.2795031056, "eps": 0.85, "epsdiluted": 0.85, "weightedAverageShsOut": 343800000, "weightedAverageShsOutDil": 345000000, "link": "https://www.sec.gov/Archives/edgar/data/1035267/000103526719000012/0001035267-19-000012-index.htm", "finalLink": "https://www.sec.gov/Archives/edgar/data/1035267/000103526719000012/isrg-20181231x10k.htm"}, {"date": "2018-09-30", "symbol": "ISRG", "reportedCurrency": "USD", "cik": "0001035267", "fillingDate": "2018-10-22", "acceptedDate": "2018-10-19 19:30:07", "calendarYear": "2018", "period": "Q3", "revenue": 920900000, "costOfRevenue": 278600000, "grossProfit": 642300000, "grossProfitRatio": 0.6974698664, "researchAndDevelopmentExpenses": 107600000, "generalAndAdministrativeExpenses": 221400000, "sellingAndMarketingExpenses": 0, "sellingGeneralAndAdministrativeExpenses": 221400000, "otherExpenses": 0, "operatingExpenses": 329000000, "costAndExpenses": 607600000, "interestIncome": 21900000, "interestExpense": 0, "depreciationAndAmortization": 31000000, "ebitda": 342500000, "ebitdaratio": 0.3719187751, "operatingIncome": 313300000, "operatingIncomeRatio": 0.3402106635, "totalOtherIncomeExpensesNet": 21900000, "incomeBeforeTax": 335200000, "incomeBeforeTaxRatio": 0.3639917472, "incomeTaxExpense": 43400000, "netIncome": 292500000, "netIncomeRatio": 0.3176240634, "eps": 0.86, "epsdiluted": 0.82, "weightedAverageShsOut": 342000000, "weightedAverageShsOutDil": 357600000, "link": "https://www.sec.gov/Archives/edgar/data/1035267/000103526718000127/0001035267-18-000127-index.htm", "finalLink": "https://www.sec.gov/Archives/edgar/data/1035267/000103526718000127/isrg-20180930x10q.htm"}, {"date": "2018-06-30", "symbol": "ISRG", "reportedCurrency": "USD", "cik": "0001035267", "fillingDate": "2018-07-20", "acceptedDate": "2018-07-20 16:34:50", "calendarYear": "2018", "period": "Q2", "revenue": 909300000, "costOfRevenue": 277000000, "grossProfit": 632300000, "grossProfitRatio": 0.6953700649, "researchAndDevelopmentExpenses": 95100000, "generalAndAdministrativeExpenses": 259800000, "sellingAndMarketingExpenses": 0, "sellingGeneralAndAdministrativeExpenses": 259800000, "otherExpenses": 0, "operatingExpenses": 354900000, "costAndExpenses": 631900000, "interestIncome": 18200000, "interestExpense": 0, "depreciationAndAmortization": 29200000, "ebitda": 306600000, "ebitdaratio": 0.337182448, "operatingIncome": 277400000, "operatingIncomeRatio": 0.3050698339, "totalOtherIncomeExpensesNet": 18200000, "incomeBeforeTax": 295600000, "incomeBeforeTaxRatio": 0.3250852304, "incomeTaxExpense": 41000000, "netIncome": 255300000, "netIncomeRatio": 0.280765424, "eps": 0.75, "epsdiluted": 0.72, "weightedAverageShsOut": 341100000, "weightedAverageShsOutDil": 341100000, "link": "https://www.sec.gov/Archives/edgar/data/1035267/000103526718000084/0001035267-18-000084-index.htm", "finalLink": "https://www.sec.gov/Archives/edgar/data/1035267/000103526718000084/isrg-20180630x10q.htm"}, {"date": "2018-03-31", "symbol": "ISRG", "reportedCurrency": "USD", "cik": "0001035267", "fillingDate": "2018-04-18", "acceptedDate": "2018-04-18 17:23:18", "calendarYear": "2018", "period": "Q1", "revenue": 847500000, "costOfRevenue": 253700000, "grossProfit": 593800000, "grossProfitRatio": 0.7006489676, "researchAndDevelopmentExpenses": 95500000, "generalAndAdministrativeExpenses": 221600000, "sellingAndMarketingExpenses": 0, "sellingGeneralAndAdministrativeExpenses": 221600000, "otherExpenses": 0, "operatingExpenses": 317100000, "costAndExpenses": 570800000, "interestIncome": 13200000, "interestExpense": 0, "depreciationAndAmortization": 26300000, "ebitda": 303000000, "ebitdaratio": 0.3575221239, "operatingIncome": 276700000, "operatingIncomeRatio": 0.3264896755, "totalOtherIncomeExpensesNet": 13200000, "incomeBeforeTax": 289900000, "incomeBeforeTaxRatio": 0.3420648968, "incomeTaxExpense": 2600000, "netIncome": 287600000, "netIncomeRatio": 0.3393510324, "eps": 0.85, "epsdiluted": 0.81, "weightedAverageShsOut": 338400000, "weightedAverageShsOutDil": 354000000, "link": "https://www.sec.gov/Archives/edgar/data/1035267/000103526718000048/0001035267-18-000048-index.htm", "finalLink": "https://www.sec.gov/Archives/edgar/data/1035267/000103526718000048/isrg-20180331x10q.htm"}, {"date": "2017-12-31", "symbol": "ISRG", "reportedCurrency": "USD", "cik": "0001035267", "fillingDate": "2018-02-02", "acceptedDate": "2018-02-02 17:18:02", "calendarYear": "2017", "period": "Q4", "revenue": 892400000, "costOfRevenue": 259100000, "grossProfit": 633300000, "grossProfitRatio": 0.7096593456, "researchAndDevelopmentExpenses": 87100000, "generalAndAdministrativeExpenses": 219200000, "sellingAndMarketingExpenses": 0, "sellingGeneralAndAdministrativeExpenses": 219200000, "otherExpenses": 0, "operatingExpenses": 306300000, "costAndExpenses": 565400000, "interestIncome": 12300000, "interestExpense": 0, "depreciationAndAmortization": 27600000, "ebitda": 351300000, "ebitdaratio": 0.3936575527, "operatingIncome": 327000000, "operatingIncomeRatio": 0.3664276109, "totalOtherIncomeExpensesNet": 12300000, "incomeBeforeTax": 339300000, "incomeBeforeTaxRatio": 0.3802106679, "incomeTaxExpense": 378100000, "netIncome": -38800000, "netIncomeRatio": -0.0434782609, "eps": -0.12, "epsdiluted": -0.12, "weightedAverageShsOut": 336600000, "weightedAverageShsOutDil": 336600000, "link": "https://www.sec.gov/Archives/edgar/data/1035267/000103526718000013/0001035267-18-000013-index.htm", "finalLink": "https://www.sec.gov/Archives/edgar/data/1035267/000103526718000013/isrg-20171231x10k.htm"}, {"date": "2017-09-30", "symbol": "ISRG", "reportedCurrency": "USD", "cik": "0001035267", "fillingDate": "2017-10-20", "acceptedDate": "2017-10-20 16:49:57", "calendarYear": "2017", "period": "Q3", "revenue": 806100000, "costOfRevenue": 239300000, "grossProfit": 566800000, "grossProfitRatio": 0.7031385684, "researchAndDevelopmentExpenses": 83400000, "generalAndAdministrativeExpenses": 204800000, "sellingAndMarketingExpenses": 0, "sellingGeneralAndAdministrativeExpenses": 204800000, "otherExpenses": 0, "operatingExpenses": 288200000, "costAndExpenses": 527500000, "interestIncome": 10800000, "interestExpense": 0, "depreciationAndAmortization": 24900000, "ebitda": 305500000, "ebitdaratio": 0.3789852376, "operatingIncome": 278600000, "operatingIncomeRatio": 0.345614688, "totalOtherIncomeExpensesNet": 10800000, "incomeBeforeTax": 289400000, "incomeBeforeTaxRatio": 0.3590125295, "incomeTaxExpense": -8100000, "netIncome": 297500000, "netIncomeRatio": 0.3690609106, "eps": 0.89, "epsdiluted": 0.85, "weightedAverageShsOut": 335400000, "weightedAverageShsOutDil": 350399999, "link": "https://www.sec.gov/Archives/edgar/data/1035267/000103526717000147/0001035267-17-000147-index.htm", "finalLink": "https://www.sec.gov/Archives/edgar/data/1035267/000103526717000147/isrg-20170930x10q.htm"}, {"date": "2017-06-30", "symbol": "ISRG", "reportedCurrency": "USD", "cik": "0001035267", "fillingDate": "2017-07-21", "acceptedDate": "2017-07-21 16:39:38", "calendarYear": "2017", "period": "Q2", "revenue": 756200000, "costOfRevenue": 228300000, "grossProfit": 527900000, "grossProfitRatio": 0.6980957419, "researchAndDevelopmentExpenses": 84600000, "generalAndAdministrativeExpenses": 185800000, "sellingAndMarketingExpenses": 0, "sellingGeneralAndAdministrativeExpenses": 185800000, "otherExpenses": 0, "operatingExpenses": 270400000, "costAndExpenses": 498700000, "interestIncome": 10100000, "interestExpense": 0, "depreciationAndAmortization": 23900000, "ebitda": 283800000, "ebitdaratio": 0.3752975403, "operatingIncome": 257500000, "operatingIncomeRatio": 0.3405183814, "totalOtherIncomeExpensesNet": 7700000, "incomeBeforeTax": 267600000, "incomeBeforeTaxRatio": 0.3538746363, "incomeTaxExpense": 46100000, "netIncome": 221500000, "netIncomeRatio": 0.2929119281, "eps": 0.67, "epsdiluted": 0.64, "weightedAverageShsOut": 333000000, "weightedAverageShsOutDil": 345600000, "link": "https://www.sec.gov/Archives/edgar/data/1035267/000103526717000101/0001035267-17-000101-index.htm", "finalLink": "https://www.sec.gov/Archives/edgar/data/1035267/000103526717000101/isrg-20170630x10q.htm"}, {"date": "2017-03-31", "symbol": "ISRG", "reportedCurrency": "USD", "cik": "0001035267", "fillingDate": "2017-04-19", "acceptedDate": "2017-04-19 17:29:20", "calendarYear": "2017", "period": "Q1", "revenue": 674200000, "costOfRevenue": 208100000, "grossProfit": 466100000, "grossProfitRatio": 0.6913378819, "researchAndDevelopmentExpenses": 73500000, "generalAndAdministrativeExpenses": 201100000, "sellingAndMarketingExpenses": 0, "sellingGeneralAndAdministrativeExpenses": 201100000, "otherExpenses": 0, "operatingExpenses": 274600000, "costAndExpenses": 482700000, "interestIncome": 8700000, "interestExpense": 0, "depreciationAndAmortization": 22700000, "ebitda": 216100000, "ebitdaratio": 0.3205280332, "operatingIncome": 191500000, "operatingIncomeRatio": 0.2840403441, "totalOtherIncomeExpensesNet": 8700000, "incomeBeforeTax": 200200000, "incomeBeforeTaxRatio": 0.2969445268, "incomeTaxExpense": 20400000, "netIncome": 179800000, "netIncomeRatio": 0.2666864432, "eps": 0.54, "epsdiluted": 0.52, "weightedAverageShsOut": 335700000, "weightedAverageShsOutDil": 346500000, "link": "https://www.sec.gov/Archives/edgar/data/1035267/000103526717000063/0001035267-17-000063-index.htm", "finalLink": "https://www.sec.gov/Archives/edgar/data/1035267/000103526717000063/isrg-20170331x10q.htm"}, {"date": "2016-12-31", "symbol": "ISRG", "reportedCurrency": "USD", "cik": "0001035267", "fillingDate": "2017-02-06", "acceptedDate": "2017-02-03 18:05:19", "calendarYear": "2016", "period": "Q4", "revenue": 756900000, "costOfRevenue": 229700000, "grossProfit": 527200000, "grossProfitRatio": 0.6965253006, "researchAndDevelopmentExpenses": 69100000, "generalAndAdministrativeExpenses": 193700000, "sellingAndMarketingExpenses": 0, "sellingGeneralAndAdministrativeExpenses": 193700000, "otherExpenses": 0, "operatingExpenses": 262800000, "costAndExpenses": 492500000, "interestIncome": 11700000, "interestExpense": 0, "depreciationAndAmortization": 24100000, "ebitda": 288500000, "ebitdaratio": 0.3811599947, "operatingIncome": 264400000, "operatingIncomeRatio": 0.3493195931, "totalOtherIncomeExpensesNet": 11700000, "incomeBeforeTax": 276100000, "incomeBeforeTaxRatio": 0.3647773814, "incomeTaxExpense": 72100000, "netIncome": 204000000, "netIncomeRatio": 0.2695204122, "eps": 0.58, "epsdiluted": 0.57, "weightedAverageShsOut": 349200000, "weightedAverageShsOutDil": 358200000, "link": "https://www.sec.gov/Archives/edgar/data/1035267/000103526717000021/0001035267-17-000021-index.htm", "finalLink": "https://www.sec.gov/Archives/edgar/data/1035267/000103526717000021/isrg-20161231x10k.htm"}, {"date": "2016-09-30", "symbol": "ISRG", "reportedCurrency": "USD", "cik": "0001035267", "fillingDate": "2016-10-19", "acceptedDate": "2016-10-19 16:15:36", "calendarYear": "2016", "period": "Q3", "revenue": 682900000, "costOfRevenue": 195900000, "grossProfit": 487000000, "grossProfitRatio": 0.7131351589, "researchAndDevelopmentExpenses": 62600000, "generalAndAdministrativeExpenses": 168000000, "sellingAndMarketingExpenses": 0, "sellingGeneralAndAdministrativeExpenses": 168000000, "otherExpenses": 0, "operatingExpenses": 230600000, "costAndExpenses": 426500000, "interestIncome": 10400000, "interestExpense": 0, "depreciationAndAmortization": 22300000, "ebitda": 278700000, "ebitdaratio": 0.4081124616, "operatingIncome": 256400000, "operatingIncomeRatio": 0.3754576073, "totalOtherIncomeExpensesNet": 10400000, "incomeBeforeTax": 266800000, "incomeBeforeTaxRatio": 0.390686777, "incomeTaxExpense": 55800000, "netIncome": 211000000, "netIncomeRatio": 0.3089764241, "eps": 0.61, "epsdiluted": 0.59, "weightedAverageShsOut": 348300000, "weightedAverageShsOutDil": 357300000, "link": "https://www.sec.gov/Archives/edgar/data/1035267/000103526716000240/0001035267-16-000240-index.htm", "finalLink": "https://www.sec.gov/Archives/edgar/data/1035267/000103526716000240/isrg-20160930x10q.htm"}, {"date": "2016-06-30", "symbol": "ISRG", "reportedCurrency": "USD", "cik": "0001035267", "fillingDate": "2016-07-20", "acceptedDate": "2016-07-20 16:50:02", "calendarYear": "2016", "period": "Q2", "revenue": 670100000, "costOfRevenue": 199200000, "grossProfit": 470900000, "grossProfitRatio": 0.7027309357, "researchAndDevelopmentExpenses": 54700000, "generalAndAdministrativeExpenses": 170800000, "sellingAndMarketingExpenses": 0, "sellingGeneralAndAdministrativeExpenses": 170800000, "otherExpenses": 0, "operatingExpenses": 225500000, "costAndExpenses": 424700000, "interestIncome": 8000000, "interestExpense": 0, "depreciationAndAmortization": 22300000, "ebitda": 267700000, "ebitdaratio": 0.399492613, "operatingIncome": 245400000, "operatingIncomeRatio": 0.3662139979, "totalOtherIncomeExpensesNet": 8000000, "incomeBeforeTax": 253400000, "incomeBeforeTaxRatio": 0.3781525146, "incomeTaxExpense": 68900000, "netIncome": 184500000, "netIncomeRatio": 0.27533204, "eps": 0.54, "epsdiluted": 0.52, "weightedAverageShsOut": 344700000, "weightedAverageShsOutDil": 352800000, "link": "https://www.sec.gov/Archives/edgar/data/1035267/000103526716000215/0001035267-16-000215-index.htm", "finalLink": "https://www.sec.gov/Archives/edgar/data/1035267/000103526716000215/isrg-20160630x10q.htm"}, {"date": "2016-03-31", "symbol": "ISRG", "reportedCurrency": "USD", "cik": "0001035267", "fillingDate": "2016-04-19", "acceptedDate": "2016-04-19 16:08:30", "calendarYear": "2016", "period": "Q1", "revenue": 594500000, "costOfRevenue": 189500000, "grossProfit": 405000000, "grossProfitRatio": 0.6812447435, "researchAndDevelopmentExpenses": 53200000, "generalAndAdministrativeExpenses": 172800000, "sellingAndMarketingExpenses": 0, "sellingGeneralAndAdministrativeExpenses": 172800000, "otherExpenses": 0, "operatingExpenses": 226000000, "costAndExpenses": 415500000, "interestIncome": 5500000, "interestExpense": 0, "depreciationAndAmortization": 23400000, "ebitda": 204600000, "ebitdaratio": 0.3441547519, "operatingIncome": 179000000, "operatingIncomeRatio": 0.3010933558, "totalOtherIncomeExpensesNet": 5500000, "incomeBeforeTax": 184500000, "incomeBeforeTaxRatio": 0.3103448276, "incomeTaxExpense": 48100000, "netIncome": 136400000, "netIncomeRatio": 0.2294365013, "eps": 0.4, "epsdiluted": 0.39, "weightedAverageShsOut": 339300000, "weightedAverageShsOutDil": 346500000, "link": "https://www.sec.gov/Archives/edgar/data/1035267/000103526716000174/0001035267-16-000174-index.htm", "finalLink": "https://www.sec.gov/Archives/edgar/data/1035267/000103526716000174/isrg-20160331x10q.htm"}, {"date": "2015-12-31", "symbol": "ISRG", "reportedCurrency": "USD", "cik": "0001035267", "fillingDate": "2016-02-02", "acceptedDate": "2016-02-02 17:22:41", "calendarYear": "2015", "period": "Q4", "revenue": 676500000, "costOfRevenue": 217700000, "grossProfit": 458800000, "grossProfitRatio": 0.6781966001, "researchAndDevelopmentExpenses": 52600000, "generalAndAdministrativeExpenses": 160300000, "sellingAndMarketingExpenses": 0, "sellingGeneralAndAdministrativeExpenses": 160300000, "otherExpenses": 0, "operatingExpenses": 212900000, "costAndExpenses": 430600000, "interestIncome": 5900000, "interestExpense": 0, "depreciationAndAmortization": 24600000, "ebitda": 270500000, "ebitdaratio": 0.3998521803, "operatingIncome": 245900000, "operatingIncomeRatio": 0.363488544, "totalOtherIncomeExpensesNet": 5900000, "incomeBeforeTax": 251800000, "incomeBeforeTaxRatio": 0.3722099039, "incomeTaxExpense": 61800000, "netIncome": 190000000, "netIncomeRatio": 0.280857354, "eps": 0.57, "epsdiluted": 0.55, "weightedAverageShsOut": 335700000, "weightedAverageShsOutDil": 342900000, "link": "https://www.sec.gov/Archives/edgar/data/1035267/000103526716000130/0001035267-16-000130-index.htm", "finalLink": "https://www.sec.gov/Archives/edgar/data/1035267/000103526716000130/isrg-20151231x10k.htm"}, {"date": "2015-09-30", "symbol": "ISRG", "reportedCurrency": "USD", "cik": "0001035267", "fillingDate": "2015-10-21", "acceptedDate": "2015-10-21 15:09:04", "calendarYear": "2015", "period": "Q3", "revenue": 589700000, "costOfRevenue": 193900000, "grossProfit": 395800000, "grossProfitRatio": 0.67118874, "researchAndDevelopmentExpenses": 51000000, "generalAndAdministrativeExpenses": 154900000, "sellingAndMarketingExpenses": 0, "sellingGeneralAndAdministrativeExpenses": 154900000, "otherExpenses": 0, "operatingExpenses": 205900000, "costAndExpenses": 399800000, "interestIncome": 3700000, "interestExpense": 0, "depreciationAndAmortization": 23600000, "ebitda": 213500000, "ebitdaratio": 0.3620484992, "operatingIncome": 189900000, "operatingIncomeRatio": 0.3220281499, "totalOtherIncomeExpensesNet": 3700000, "incomeBeforeTax": 193600000, "incomeBeforeTaxRatio": 0.3283025267, "incomeTaxExpense": 26300000, "netIncome": 167300000, "netIncomeRatio": 0.2837035781, "eps": 0.5, "epsdiluted": 0.49, "weightedAverageShsOut": 335700000, "weightedAverageShsOutDil": 342000000, "link": "https://www.sec.gov/Archives/edgar/data/1035267/000103526715000104/0001035267-15-000104-index.htm", "finalLink": "https://www.sec.gov/Archives/edgar/data/1035267/000103526715000104/isrg-20150930x10q.htm"}, {"date": "2015-06-30", "symbol": "ISRG", "reportedCurrency": "USD", "cik": "0001035267", "fillingDate": "2015-07-22", "acceptedDate": "2015-07-22 16:21:31", "calendarYear": "2015", "period": "Q2", "revenue": 586100000, "costOfRevenue": 199600000, "grossProfit": 386500000, "grossProfitRatio": 0.6594437809, "researchAndDevelopmentExpenses": 49400000, "generalAndAdministrativeExpenses": 163300000, "sellingAndMarketingExpenses": 0, "sellingGeneralAndAdministrativeExpenses": 163300000, "otherExpenses": 0, "operatingExpenses": 212700000, "costAndExpenses": 412300000, "interestIncome": 0, "interestExpense": 4600000, "depreciationAndAmortization": 21100000, "ebitda": 194900000, "ebitdaratio": 0.3325371097, "operatingIncome": 173800000, "operatingIncomeRatio": 0.2965364272, "totalOtherIncomeExpensesNet": 4600000, "incomeBeforeTax": 178400000, "incomeBeforeTaxRatio": 0.3043849172, "incomeTaxExpense": 43900000, "netIncome": 134500000, "netIncomeRatio": 0.2294830234, "eps": 0.4, "epsdiluted": 0.4, "weightedAverageShsOut": 332100000, "weightedAverageShsOutDil": 340200000, "link": "https://www.sec.gov/Archives/edgar/data/1035267/000103526715000071/0001035267-15-000071-index.htm", "finalLink": "https://www.sec.gov/Archives/edgar/data/1035267/000103526715000071/isrg-20150630x10q.htm"}, {"date": "2015-03-31", "symbol": "ISRG", "reportedCurrency": "USD", "cik": "0001035267", "fillingDate": "2015-04-22", "acceptedDate": "2015-04-22 16:07:42", "calendarYear": "2015", "period": "Q1", "revenue": 532100000, "costOfRevenue": 195300000, "grossProfit": 336800000, "grossProfitRatio": 0.6329637286, "researchAndDevelopmentExpenses": 44400000, "generalAndAdministrativeExpenses": 162000000, "sellingAndMarketingExpenses": 0, "sellingGeneralAndAdministrativeExpenses": 162000000, "otherExpenses": 0, "operatingExpenses": 206400000, "costAndExpenses": 401700000, "interestIncome": 4300000, "interestExpense": 0, "depreciationAndAmortization": 20200000, "ebitda": 150600000, "ebitdaratio": 0.2830295057, "operatingIncome": 130400000, "operatingIncomeRatio": 0.2450667168, "totalOtherIncomeExpensesNet": 4300000, "incomeBeforeTax": 134700000, "incomeBeforeTaxRatio": 0.2531479045, "incomeTaxExpense": 37700000, "netIncome": 97000000, "netIncomeRatio": 0.1822965608, "eps": 0.29, "epsdiluted": 0.29, "weightedAverageShsOut": 330300000, "weightedAverageShsOutDil": 339300000, "link": "https://www.sec.gov/Archives/edgar/data/1035267/000103526715000036/0001035267-15-000036-index.htm", "finalLink": "https://www.sec.gov/Archives/edgar/data/1035267/000103526715000036/isrg-20150331x10q.htm"}, {"date": "2014-12-31", "symbol": "ISRG", "reportedCurrency": "USD", "cik": "0001035267", "fillingDate": "2015-02-06", "acceptedDate": "2015-02-05 19:35:06", "calendarYear": "2014", "period": "Q4", "revenue": 604700000, "costOfRevenue": 211300000, "grossProfit": 393400000, "grossProfitRatio": 0.6505705308, "researchAndDevelopmentExpenses": 47300000, "generalAndAdministrativeExpenses": 160000000, "sellingAndMarketingExpenses": 0, "sellingGeneralAndAdministrativeExpenses": 160000000, "otherExpenses": 0, "operatingExpenses": 207300000, "costAndExpenses": 418600000, "interestIncome": 0, "interestExpense": 0, "depreciationAndAmortization": 20300000, "ebitda": 211800000, "ebitdaratio": 0.3502563255, "operatingIncome": 186100000, "operatingIncomeRatio": 0.307755912, "totalOtherIncomeExpensesNet": -1300000, "incomeBeforeTax": 184800000, "incomeBeforeTaxRatio": 0.3056060857, "incomeTaxExpense": 38000000, "netIncome": 146800000, "netIncomeRatio": 0.2427650074, "eps": 0.44, "epsdiluted": 0.44, "weightedAverageShsOut": 326700000, "weightedAverageShsOutDil": 330300000, "link": "https://www.sec.gov/Archives/edgar/data/1035267/000103526715000014/0001035267-15-000014-index.htm", "finalLink": "https://www.sec.gov/Archives/edgar/data/1035267/000103526715000014/isrg-20141231x10k.htm"}, {"date": "2014-09-30", "symbol": "ISRG", "reportedCurrency": "USD", "cik": "0001035267", "fillingDate": "2014-10-23", "acceptedDate": "2014-10-23 15:42:30", "calendarYear": "2014", "period": "Q3", "revenue": 550100000, "costOfRevenue": 189500000, "grossProfit": 360600000, "grossProfitRatio": 0.6555171787, "researchAndDevelopmentExpenses": 47500000, "generalAndAdministrativeExpenses": 154000000, "sellingAndMarketingExpenses": 0, "sellingGeneralAndAdministrativeExpenses": 154000000, "otherExpenses": 0, "operatingExpenses": 201500000, "costAndExpenses": 391000000, "interestIncome": 0, "interestExpense": 0, "depreciationAndAmortization": 19900000, "ebitda": 179000000, "ebitdaratio": 0.3253953827, "operatingIncome": 159100000, "operatingIncomeRatio": 0.2892201418, "totalOtherIncomeExpensesNet": 2000000, "incomeBeforeTax": 161100000, "incomeBeforeTaxRatio": 0.2928558444, "incomeTaxExpense": 37400000, "netIncome": 123700000, "netIncomeRatio": 0.2248682058, "eps": 0.38, "epsdiluted": 0.37, "weightedAverageShsOut": 324900000, "weightedAverageShsOutDil": 332100000, "link": "https://www.sec.gov/Archives/edgar/data/1035267/000103526714000104/0001035267-14-000104-index.htm", "finalLink": "https://www.sec.gov/Archives/edgar/data/1035267/000103526714000104/isrg-20140930x10q.htm"}, {"date": "2014-06-30", "symbol": "ISRG", "reportedCurrency": "USD", "cik": "0001035267", "fillingDate": "2014-07-24", "acceptedDate": "2014-07-23 20:19:14", "calendarYear": "2014", "period": "Q2", "revenue": 512200000, "costOfRevenue": 167800000, "grossProfit": 344400000, "grossProfitRatio": 0.6723935963, "researchAndDevelopmentExpenses": 40200000, "generalAndAdministrativeExpenses": 161200000, "sellingAndMarketingExpenses": 0, "sellingGeneralAndAdministrativeExpenses": 161200000, "otherExpenses": 0, "operatingExpenses": 201400000, "costAndExpenses": 369200000, "interestIncome": 0, "interestExpense": 0, "depreciationAndAmortization": 17200000, "ebitda": 160200000, "ebitdaratio": 0.3127684498, "operatingIncome": 143000000, "operatingIncomeRatio": 0.2791878173, "totalOtherIncomeExpensesNet": -400000, "incomeBeforeTax": 142600000, "incomeBeforeTaxRatio": 0.2784068723, "incomeTaxExpense": 38600000, "netIncome": 104000000, "netIncomeRatio": 0.2030456853, "eps": 0.31, "epsdiluted": 0.31, "weightedAverageShsOut": 332100000, "weightedAverageShsOutDil": 338400000, "link": "https://www.sec.gov/Archives/edgar/data/1035267/000103526714000072/0001035267-14-000072-index.htm", "finalLink": "https://www.sec.gov/Archives/edgar/data/1035267/000103526714000072/isrg-20140630x10q.htm"}, {"date": "2014-03-31", "symbol": "ISRG", "reportedCurrency": "USD", "cik": "0001035267", "fillingDate": "2014-04-25", "acceptedDate": "2014-04-25 15:24:07", "calendarYear": "2014", "period": "Q1", "revenue": 464700000, "costOfRevenue": 149300000, "grossProfit": 315400000, "grossProfitRatio": 0.6787174521, "researchAndDevelopmentExpenses": 43000000, "generalAndAdministrativeExpenses": 215800000, "sellingAndMarketingExpenses": 0, "sellingGeneralAndAdministrativeExpenses": 215800000, "otherExpenses": 0, "operatingExpenses": 258800000, "costAndExpenses": 258800000, "interestIncome": 3900000, "interestExpense": 0, "depreciationAndAmortization": 17000000, "ebitda": 73600000, "ebitdaratio": 0.1583817517, "operatingIncome": 56600000, "operatingIncomeRatio": 0.1217990101, "totalOtherIncomeExpensesNet": 3900000, "incomeBeforeTax": 60500000, "incomeBeforeTaxRatio": 0.1301915214, "incomeTaxExpense": 16200000, "netIncome": 44300000, "netIncomeRatio": 0.0953303206, "eps": 0.13, "epsdiluted": 0.13, "weightedAverageShsOut": 352707006, "weightedAverageShsOutDil": 352831858, "link": "https://www.sec.gov/Archives/edgar/data/1035267/000103526714000053/0001035267-14-000053-index.htm", "finalLink": "https://www.sec.gov/Archives/edgar/data/1035267/000103526714000053/isrg-20140331x10q.htm"}, {"date": "2013-12-31", "symbol": "ISRG", "reportedCurrency": "USD", "cik": "0001035267", "fillingDate": "2014-02-03", "acceptedDate": "2014-02-03 17:13:14", "calendarYear": "2013", "period": "Q4", "revenue": 576200000, "costOfRevenue": 178200000, "grossProfit": 398000000, "grossProfitRatio": 0.6907323846, "researchAndDevelopmentExpenses": 41700000, "generalAndAdministrativeExpenses": 147700000, "sellingAndMarketingExpenses": 0, "sellingGeneralAndAdministrativeExpenses": 147700000, "otherExpenses": 0, "operatingExpenses": 189400000, "costAndExpenses": 189400000, "interestIncome": 5900000, "interestExpense": 0, "depreciationAndAmortization": 18100000, "ebitda": 226700000, "ebitdaratio": 0.3934397779, "operatingIncome": 208600000, "operatingIncomeRatio": 0.3620270739, "totalOtherIncomeExpensesNet": 5900000, "incomeBeforeTax": 214500000, "incomeBeforeTaxRatio": 0.3722665741, "incomeTaxExpense": 48300000, "netIncome": 166200000, "netIncomeRatio": 0.2884415134, "eps": 0.48, "epsdiluted": 0.48, "weightedAverageShsOut": 349067263, "weightedAverageShsOutDil": 349485981, "link": "https://www.sec.gov/Archives/edgar/data/1035267/000103526714000009/0001035267-14-000009-index.htm", "finalLink": "https://www.sec.gov/Archives/edgar/data/1035267/000103526714000009/isrg-20131231x10k.htm"}, {"date": "2013-09-30", "symbol": "ISRG", "reportedCurrency": "USD", "cik": "0001035267", "fillingDate": "2013-10-18", "acceptedDate": "2013-10-18 13:43:10", "calendarYear": "2013", "period": "Q3", "revenue": 499000000, "costOfRevenue": 142300000, "grossProfit": 356700000, "grossProfitRatio": 0.7148296593, "researchAndDevelopmentExpenses": 43200000, "generalAndAdministrativeExpenses": 139300000, "sellingAndMarketingExpenses": 0, "sellingGeneralAndAdministrativeExpenses": 139300000, "otherExpenses": 0, "operatingExpenses": 182500000, "costAndExpenses": 324800000, "interestIncome": 3900000, "interestExpense": 0, "depreciationAndAmortization": 16600000, "ebitda": 190800000, "ebitdaratio": 0.3823647295, "operatingIncome": 174200000, "operatingIncomeRatio": 0.3490981964, "totalOtherIncomeExpensesNet": 3900000, "incomeBeforeTax": 178100000, "incomeBeforeTaxRatio": 0.3569138277, "incomeTaxExpense": 21300000, "netIncome": 156800000, "netIncomeRatio": 0.3142284569, "eps": 0.45, "epsdiluted": 0.44, "weightedAverageShsOut": 347400000, "weightedAverageShsOutDil": 353700000, "link": "https://www.sec.gov/Archives/edgar/data/1035267/000103526713000040/0001035267-13-000040-index.htm", "finalLink": "https://www.sec.gov/Archives/edgar/data/1035267/000103526713000040/isrg-2013930x10q.htm"}, {"date": "2013-06-30", "symbol": "ISRG", "reportedCurrency": "USD", "cik": "0001035267", "fillingDate": "2013-07-22", "acceptedDate": "2013-07-22 17:16:15", "calendarYear": "2013", "period": "Q2", "revenue": 578500000, "costOfRevenue": 173300000, "grossProfit": 405200000, "grossProfitRatio": 0.7004321521, "researchAndDevelopmentExpenses": 41200000, "generalAndAdministrativeExpenses": 145500000, "sellingAndMarketingExpenses": 0, "sellingGeneralAndAdministrativeExpenses": 145500000, "otherExpenses": 0, "operatingExpenses": 186700000, "costAndExpenses": 360000000, "interestIncome": 0, "interestExpense": 4300000, "depreciationAndAmortization": 16600000, "ebitda": 235100000, "ebitdaratio": 0.4063958513, "operatingIncome": 218500000, "operatingIncomeRatio": 0.3777009507, "totalOtherIncomeExpensesNet": 4300000, "incomeBeforeTax": 222800000, "incomeBeforeTaxRatio": 0.3851339672, "incomeTaxExpense": 63700000, "netIncome": 159100000, "netIncomeRatio": 0.2750216076, "eps": 0.44, "epsdiluted": 0.43, "weightedAverageShsOut": 359100000, "weightedAverageShsOutDil": 367200000, "link": "https://www.sec.gov/Archives/edgar/data/1035267/000119312513297410/0001193125-13-297410-index.htm", "finalLink": "https://www.sec.gov/Archives/edgar/data/1035267/000119312513297410/d551118d10q.htm"}, {"date": "2013-03-31", "symbol": "ISRG", "reportedCurrency": "USD", "cik": "0001035267", "fillingDate": "2013-04-19", "acceptedDate": "2013-04-19 12:48:18", "calendarYear": "2013", "period": "Q1", "revenue": 611400000, "costOfRevenue": 177100000, "grossProfit": 434300000, "grossProfitRatio": 0.7103369316, "researchAndDevelopmentExpenses": 41600000, "generalAndAdministrativeExpenses": 141500000, "sellingAndMarketingExpenses": 0, "sellingGeneralAndAdministrativeExpenses": 141500000, "otherExpenses": 0, "operatingExpenses": 183100000, "costAndExpenses": 360200000, "interestIncome": 0, "interestExpense": 4300000, "depreciationAndAmortization": 16000000, "ebitda": 267200000, "ebitdaratio": 0.4370297677, "operatingIncome": 251200000, "operatingIncomeRatio": 0.4108603206, "totalOtherIncomeExpensesNet": 4300000, "incomeBeforeTax": 255500000, "incomeBeforeTaxRatio": 0.4178933595, "incomeTaxExpense": 66600000, "netIncome": 188900000, "netIncomeRatio": 0.3089630357, "eps": 0.52, "epsdiluted": 0.51, "weightedAverageShsOut": 362700000, "weightedAverageShsOutDil": 372600000, "link": "https://www.sec.gov/Archives/edgar/data/1035267/000119312513162385/0001193125-13-162385-index.htm", "finalLink": "https://www.sec.gov/Archives/edgar/data/1035267/000119312513162385/d508282d10q.htm"}, {"date": "2012-12-31", "symbol": "ISRG", "reportedCurrency": "USD", "cik": "0001035267", "fillingDate": "2013-02-04", "acceptedDate": "2013-02-04 16:09:03", "calendarYear": "2012", "period": "Q4", "revenue": 609300000, "costOfRevenue": 171400000, "grossProfit": 437900000, "grossProfitRatio": 0.7186935828, "researchAndDevelopmentExpenses": 41700000, "generalAndAdministrativeExpenses": 148100000, "sellingAndMarketingExpenses": 0, "sellingGeneralAndAdministrativeExpenses": 148100000, "otherExpenses": 0, "operatingExpenses": 189800000, "costAndExpenses": 361200000, "interestIncome": 3500000, "interestExpense": 0, "depreciationAndAmortization": 15400000, "ebitda": 263500000, "ebitdaratio": 0.4324634827, "operatingIncome": 248100000, "operatingIncomeRatio": 0.4071885771, "totalOtherIncomeExpensesNet": 3700000, "incomeBeforeTax": 251800000, "incomeBeforeTaxRatio": 0.4132611193, "incomeTaxExpense": 76900000, "netIncome": 174900000, "netIncomeRatio": 0.2870507139, "eps": 0.49, "epsdiluted": 0.47, "weightedAverageShsOut": 360000000, "weightedAverageShsOutDil": 370800000, "link": "https://www.sec.gov/Archives/edgar/data/1035267/000119312513036675/0001193125-13-036675-index.htm", "finalLink": "https://www.sec.gov/Archives/edgar/data/1035267/000119312513036675/d445195d10k.htm"}, {"date": "2012-09-30", "symbol": "ISRG", "reportedCurrency": "USD", "cik": "0001035267", "fillingDate": "2012-10-18", "acceptedDate": "2012-10-18 16:10:11", "calendarYear": "2012", "period": "Q3", "revenue": 537800000, "costOfRevenue": 147700000, "grossProfit": 390100000, "grossProfitRatio": 0.7253625883, "researchAndDevelopmentExpenses": 49700000, "generalAndAdministrativeExpenses": 129000000, "sellingAndMarketingExpenses": 0, "sellingGeneralAndAdministrativeExpenses": 129000000, "otherExpenses": 0, "operatingExpenses": 178700000, "costAndExpenses": 326400000, "interestIncome": 0, "interestExpense": 4300000, "depreciationAndAmortization": 15200000, "ebitda": 226600000, "ebitdaratio": 0.4213462254, "operatingIncome": 211400000, "operatingIncomeRatio": 0.3930829305, "totalOtherIncomeExpensesNet": 4300000, "incomeBeforeTax": 215700000, "incomeBeforeTaxRatio": 0.4010784678, "incomeTaxExpense": 32400000, "netIncome": 183300000, "netIncomeRatio": 0.3408330234, "eps": 0.51, "epsdiluted": 0.5, "weightedAverageShsOut": 359100000, "weightedAverageShsOutDil": 369900000, "link": "https://www.sec.gov/Archives/edgar/data/1035267/000119312512427223/0001193125-12-427223-index.htm", "finalLink": "https://www.sec.gov/Archives/edgar/data/1035267/000119312512427223/d410790d10q.htm"}, {"date": "2012-06-30", "symbol": "ISRG", "reportedCurrency": "USD", "cik": "0001035267", "fillingDate": "2012-07-23", "acceptedDate": "2012-07-20 19:51:13", "calendarYear": "2012", "period": "Q2", "revenue": 536500000, "costOfRevenue": 150100000, "grossProfit": 386400000, "grossProfitRatio": 0.7202236719, "researchAndDevelopmentExpenses": 40200000, "generalAndAdministrativeExpenses": 120900000, "sellingAndMarketingExpenses": 0, "sellingGeneralAndAdministrativeExpenses": 120900000, "otherExpenses": 0, "operatingExpenses": 161100000, "costAndExpenses": 311200000, "interestIncome": 0, "interestExpense": 4000000, "depreciationAndAmortization": 13900000, "ebitda": 239200000, "ebitdaratio": 0.4458527493, "operatingIncome": 225300000, "operatingIncomeRatio": 0.419944082, "totalOtherIncomeExpensesNet": 4000000, "incomeBeforeTax": 229300000, "incomeBeforeTaxRatio": 0.4273998136, "incomeTaxExpense": 74400000, "netIncome": 154900000, "netIncomeRatio": 0.288723206, "eps": 0.43, "epsdiluted": 0.42, "weightedAverageShsOut": 359100000, "weightedAverageShsOutDil": 371700000, "link": "https://www.sec.gov/Archives/edgar/data/1035267/000119312512309316/0001193125-12-309316-index.htm", "finalLink": "https://www.sec.gov/Archives/edgar/data/1035267/000119312512309316/d361804d10q.htm"}, {"date": "2012-03-31", "symbol": "ISRG", "reportedCurrency": "USD", "cik": "0001035267", "fillingDate": "2012-04-19", "acceptedDate": "2012-04-18 18:49:11", "calendarYear": "2012", "period": "Q1", "revenue": 495200000, "costOfRevenue": 139300000, "grossProfit": 355900000, "grossProfitRatio": 0.7186995153, "researchAndDevelopmentExpenses": 38400000, "generalAndAdministrativeExpenses": 124200000, "sellingAndMarketingExpenses": 0, "sellingGeneralAndAdministrativeExpenses": 124200000, "otherExpenses": 0, "operatingExpenses": 162600000, "costAndExpenses": 301900000, "interestIncome": 0, "interestExpense": 3800000, "depreciationAndAmortization": 13300000, "ebitda": 206600000, "ebitdaratio": 0.4172051696, "operatingIncome": 193300000, "operatingIncomeRatio": 0.3903473344, "totalOtherIncomeExpensesNet": 3800000, "incomeBeforeTax": 197100000, "incomeBeforeTaxRatio": 0.3980210016, "incomeTaxExpense": 53600000, "netIncome": 143500000, "netIncomeRatio": 0.2897819063, "eps": 0.4, "epsdiluted": 0.39, "weightedAverageShsOut": 355500000, "weightedAverageShsOutDil": 369000000, "link": "https://www.sec.gov/Archives/edgar/data/1035267/000119312512168803/0001193125-12-168803-index.htm", "finalLink": "https://www.sec.gov/Archives/edgar/data/1035267/000119312512168803/d317048d10q.htm"}, {"date": "2011-12-31", "symbol": "ISRG", "reportedCurrency": "USD", "cik": "0001035267", "fillingDate": "2012-02-06", "acceptedDate": "2012-02-03 19:13:36", "calendarYear": "2011", "period": "Q4", "revenue": 496800000, "costOfRevenue": 133900000, "grossProfit": 362900000, "grossProfitRatio": 0.7304750403, "researchAndDevelopmentExpenses": 41400000, "generalAndAdministrativeExpenses": 122000000, "sellingAndMarketingExpenses": 0, "sellingGeneralAndAdministrativeExpenses": 122000000, "otherExpenses": 0, "operatingExpenses": 163400000, "costAndExpenses": 297300000, "interestIncome": -1900000, "interestExpense": 0, "depreciationAndAmortization": 12500000, "ebitda": 212000000, "ebitdaratio": 0.4267310789, "operatingIncome": 199500000, "operatingIncomeRatio": 0.4015700483, "totalOtherIncomeExpensesNet": 3600000, "incomeBeforeTax": 203100000, "incomeBeforeTaxRatio": 0.4088164251, "incomeTaxExpense": 51900000, "netIncome": 151200000, "netIncomeRatio": 0.3043478261, "eps": 0.43, "epsdiluted": 0.43, "weightedAverageShsOut": 352800000, "weightedAverageShsOutDil": 355500000, "link": "https://www.sec.gov/Archives/edgar/data/1035267/000119312512039226/0001193125-12-039226-index.htm", "finalLink": "https://www.sec.gov/Archives/edgar/data/1035267/000119312512039226/d263902d10k.htm"}, {"date": "2011-09-30", "symbol": "ISRG", "reportedCurrency": "USD", "cik": "0001035267", "fillingDate": "2011-10-19", "acceptedDate": "2011-10-19 17:09:13", "calendarYear": "2011", "period": "Q3", "revenue": 446700000, "costOfRevenue": 121200000, "grossProfit": 325500000, "grossProfitRatio": 0.7286769644, "researchAndDevelopmentExpenses": 35400000, "generalAndAdministrativeExpenses": 111200000, "sellingAndMarketingExpenses": 0, "sellingGeneralAndAdministrativeExpenses": 111200000, "otherExpenses": 0, "operatingExpenses": 146600000, "costAndExpenses": 267800000, "interestIncome": 1900000, "interestExpense": 0, "depreciationAndAmortization": 11500000, "ebitda": 190400000, "ebitdaratio": 0.426236848, "operatingIncome": 178900000, "operatingIncomeRatio": 0.4004925006, "totalOtherIncomeExpensesNet": 1900000, "incomeBeforeTax": 180800000, "incomeBeforeTaxRatio": 0.4047459145, "incomeTaxExpense": 58400000, "netIncome": 122400000, "netIncomeRatio": 0.2740094023, "eps": 0.35, "epsdiluted": 0.34, "weightedAverageShsOut": 351900000, "weightedAverageShsOutDil": 360900000, "link": "https://www.sec.gov/Archives/edgar/data/1035267/000119312511274983/0001193125-11-274983-index.htm", "finalLink": "https://www.sec.gov/Archives/edgar/data/1035267/000119312511274983/d228501d10q.htm"}, {"date": "2011-06-30", "symbol": "ISRG", "reportedCurrency": "USD", "cik": "0001035267", "fillingDate": "2011-07-20", "acceptedDate": "2011-07-20 16:53:08", "calendarYear": "2011", "period": "Q2", "revenue": 425700000, "costOfRevenue": 119100000, "grossProfit": 306600000, "grossProfitRatio": 0.7202255109, "researchAndDevelopmentExpenses": 32000000, "generalAndAdministrativeExpenses": 106500000, "sellingAndMarketingExpenses": 0, "sellingGeneralAndAdministrativeExpenses": 106500000, "otherExpenses": 0, "operatingExpenses": 138500000, "costAndExpenses": 257600000, "interestIncome": 0, "interestExpense": 0, "depreciationAndAmortization": 11200000, "ebitda": 179300000, "ebitdaratio": 0.4211886305, "operatingIncome": 168100000, "operatingIncomeRatio": 0.3948790228, "totalOtherIncomeExpensesNet": 4100000, "incomeBeforeTax": 172200000, "incomeBeforeTaxRatio": 0.4045102185, "incomeTaxExpense": 54800000, "netIncome": 117400000, "netIncomeRatio": 0.2757810665, "eps": 0.33, "epsdiluted": 0.32, "weightedAverageShsOut": 352800000, "weightedAverageShsOutDil": 362700000, "link": "https://www.sec.gov/Archives/edgar/data/1035267/000119312511192512/0001193125-11-192512-index.htm", "finalLink": "https://www.sec.gov/Archives/edgar/data/1035267/000119312511192512/d10q.htm"}, {"date": "2011-03-31", "symbol": "ISRG", "reportedCurrency": "USD", "cik": "0001035267", "fillingDate": "2011-04-20", "acceptedDate": "2011-04-20 16:29:08", "calendarYear": "2011", "period": "Q1", "revenue": 388100000, "costOfRevenue": 109300000, "grossProfit": 278800000, "grossProfitRatio": 0.7183715537, "researchAndDevelopmentExpenses": 31400000, "generalAndAdministrativeExpenses": 99100000, "sellingAndMarketingExpenses": 0, "sellingGeneralAndAdministrativeExpenses": 99100000, "otherExpenses": 0, "operatingExpenses": 130500000, "costAndExpenses": 239800000, "interestIncome": 0, "interestExpense": 0, "depreciationAndAmortization": 11300000, "ebitda": 159600000, "ebitdaratio": 0.411234218, "operatingIncome": 148300000, "operatingIncomeRatio": 0.3821180108, "totalOtherIncomeExpensesNet": 5300000, "incomeBeforeTax": 153600000, "incomeBeforeTaxRatio": 0.395774285, "incomeTaxExpense": 49500000, "netIncome": 104100000, "netIncomeRatio": 0.2682298377, "eps": 0.3, "epsdiluted": 0.29, "weightedAverageShsOut": 351900000, "weightedAverageShsOutDil": 361800000, "link": "https://www.sec.gov/Archives/edgar/data/1035267/000119312511103731/0001193125-11-103731-index.htm", "finalLink": "https://www.sec.gov/Archives/edgar/data/1035267/000119312511103731/d10q.htm"}, {"date": "2010-12-31", "symbol": "ISRG", "reportedCurrency": "USD", "cik": "0001035267", "fillingDate": "2011-02-01", "acceptedDate": "2011-02-01 15:32:22", "calendarYear": "2010", "period": "Q4", "revenue": 389300000, "costOfRevenue": 107200000, "grossProfit": 282100000, "grossProfitRatio": 0.7246339584, "researchAndDevelopmentExpenses": 32600000, "generalAndAdministrativeExpenses": 95800000, "sellingAndMarketingExpenses": 0, "sellingGeneralAndAdministrativeExpenses": 95800000, "otherExpenses": 0, "operatingExpenses": 128400000, "costAndExpenses": 235600000, "interestIncome": -4500000, "interestExpense": 0, "depreciationAndAmortization": 10800000, "ebitda": 164500000, "ebitdaratio": 0.4225533008, "operatingIncome": 153700000, "operatingIncomeRatio": 0.3948111996, "totalOtherIncomeExpensesNet": 3500000, "incomeBeforeTax": 157200000, "incomeBeforeTaxRatio": 0.4038016954, "incomeTaxExpense": 36000000, "netIncome": 121200000, "netIncomeRatio": 0.3113280247, "eps": 0.34, "epsdiluted": 0.34, "weightedAverageShsOut": 351900000, "weightedAverageShsOutDil": 351900000, "link": "https://www.sec.gov/Archives/edgar/data/1035267/000119312511020229/0001193125-11-020229-index.htm", "finalLink": "https://www.sec.gov/Archives/edgar/data/1035267/000119312511020229/d10k.htm"}, {"date": "2010-09-30", "symbol": "ISRG", "reportedCurrency": "USD", "cik": "0001035267", "fillingDate": "2010-10-20", "acceptedDate": "2010-10-20 17:27:05", "calendarYear": "2010", "period": "Q3", "revenue": 344400000, "costOfRevenue": 93800000, "grossProfit": 250600000, "grossProfitRatio": 0.7276422764, "researchAndDevelopmentExpenses": 26900000, "generalAndAdministrativeExpenses": 91600000, "sellingAndMarketingExpenses": 0, "sellingGeneralAndAdministrativeExpenses": 91600000, "otherExpenses": 0, "operatingExpenses": 118500000, "costAndExpenses": 212300000, "interestIncome": 5000000, "interestExpense": 0, "depreciationAndAmortization": 10300000, "ebitda": 142400000, "ebitdaratio": 0.4134727062, "operatingIncome": 132100000, "operatingIncomeRatio": 0.3835656214, "totalOtherIncomeExpensesNet": 5000000, "incomeBeforeTax": 137100000, "incomeBeforeTaxRatio": 0.3980836237, "incomeTaxExpense": 50500000, "netIncome": 86600000, "netIncomeRatio": 0.2514518002, "eps": 0.24, "epsdiluted": 0.24, "weightedAverageShsOut": 354600000, "weightedAverageShsOutDil": 364500000, "link": "https://www.sec.gov/Archives/edgar/data/1035267/000119312510232766/0001193125-10-232766-index.htm", "finalLink": "https://www.sec.gov/Archives/edgar/data/1035267/000119312510232766/d10q.htm"}]