[{"date": "2025-06-30", "symbol": "SPSC", "reportedCurrency": "USD", "cik": "0001092699", "fillingDate": "2025-07-30", "acceptedDate": "2025-07-30 16:29:24", "calendarYear": "2025", "period": "Q2", "revenue": 187400000, "costOfRevenue": 59826000, "grossProfit": 127574000, "grossProfitRatio": 0.6807577375, "researchAndDevelopmentExpenses": 17271000, "generalAndAdministrativeExpenses": 30890000, "sellingAndMarketingExpenses": 43434000, "sellingGeneralAndAdministrativeExpenses": 74324000, "otherExpenses": 9509000, "operatingExpenses": 101104000, "costAndExpenses": 160930000, "interestIncome": 0, "interestExpense": 0, "depreciationAndAmortization": 14500000, "ebitda": 40970000, "ebitdaratio": 0.2186232657, "operatingIncome": 26470000, "operatingIncomeRatio": 0.141248666, "totalOtherIncomeExpensesNet": 773000, "incomeBeforeTax": 27243000, "incomeBeforeTaxRatio": 0.1453735326, "incomeTaxExpense": 7510000, "netIncome": 19733000, "netIncomeRatio": 0.105298826, "eps": 0.52, "epsdiluted": 0.52, "weightedAverageShsOut": 37965000, "weightedAverageShsOutDil": 38099000, "link": "https://www.sec.gov/Archives/edgar/data/1092699/000109269925000049/0001092699-25-000049-index.htm", "finalLink": "https://www.sec.gov/Archives/edgar/data/1092699/000109269925000049/spsc-20250630.htm"}, {"date": "2025-03-31", "symbol": "SPSC", "reportedCurrency": "USD", "cik": "0001092699", "fillingDate": "2025-04-24", "acceptedDate": "2025-04-24 16:16:30", "calendarYear": "2025", "period": "Q1", "revenue": 181549000, "costOfRevenue": 56914000, "grossProfit": 124635000, "grossProfitRatio": 0.6865088764, "researchAndDevelopmentExpenses": 17439000, "generalAndAdministrativeExpenses": 31018000, "sellingAndMarketingExpenses": 41634000, "sellingGeneralAndAdministrativeExpenses": 72652000, "otherExpenses": 8588000, "operatingExpenses": 90091000, "costAndExpenses": 155593000, "interestIncome": 0, "interestExpense": 0, "depreciationAndAmortization": 13545000, "ebitda": 39501000, "ebitdaratio": 0.2175776237, "operatingIncome": 25956000, "operatingIncomeRatio": 0.1429696666, "totalOtherIncomeExpensesNet": 2207000, "incomeBeforeTax": 28163000, "incomeBeforeTaxRatio": 0.1551261643, "incomeTaxExpense": 5967000, "netIncome": 22196000, "netIncomeRatio": 0.1222590045, "eps": 0.58, "epsdiluted": 0.58, "weightedAverageShsOut": 37990000, "weightedAverageShsOutDil": 38163000, "link": "https://www.sec.gov/Archives/edgar/data/1092699/000109269925000038/0001092699-25-000038-index.htm", "finalLink": "https://www.sec.gov/Archives/edgar/data/1092699/000109269925000038/spsc-20250331.htm"}, {"date": "2024-12-31", "symbol": "SPSC", "reportedCurrency": "USD", "cik": "0001092699", "fillingDate": "2025-02-19", "acceptedDate": "2025-02-18 20:19:10", "calendarYear": "2024", "period": "Q4", "revenue": 170907000, "costOfRevenue": 55585000, "grossProfit": 115322000, "grossProfitRatio": 0.6747646381, "researchAndDevelopmentExpenses": 17142000, "generalAndAdministrativeExpenses": 26354000, "sellingAndMarketingExpenses": 39220000, "sellingGeneralAndAdministrativeExpenses": 65574000, "otherExpenses": 7862000, "operatingExpenses": 90578000, "costAndExpenses": 146163000, "interestIncome": 0, "interestExpense": 0, "depreciationAndAmortization": 0, "ebitda": 24744000, "ebitdaratio": 0.1447804947, "operatingIncome": 24744000, "operatingIncomeRatio": 0.1447804947, "totalOtherIncomeExpensesNet": -373000, "incomeBeforeTax": 24371000, "incomeBeforeTaxRatio": 0.1425980211, "incomeTaxExpense": 6812000, "netIncome": 17559000, "netIncomeRatio": 0.1027400867, "eps": 0.47, "epsdiluted": 0.46, "weightedAverageShsOut": 37646000, "weightedAverageShsOutDil": 37856000, "link": "https://www.sec.gov/Archives/edgar/data/1092699/000109269925000011/0001092699-25-000011-index.htm", "finalLink": "https://www.sec.gov/Archives/edgar/data/1092699/000109269925000011/spsc-20241231.htm"}, {"date": "2024-09-30", "symbol": "SPSC", "reportedCurrency": "USD", "cik": "0001092699", "fillingDate": "2024-10-24", "acceptedDate": "2024-10-24 16:15:51", "calendarYear": "2024", "period": "Q3", "revenue": 163686000, "costOfRevenue": 51624000, "grossProfit": 112062000, "grossProfitRatio": 0.6846156666, "researchAndDevelopmentExpenses": 15292000, "generalAndAdministrativeExpenses": 27152000, "sellingAndMarketingExpenses": 37577000, "sellingGeneralAndAdministrativeExpenses": 64729000, "otherExpenses": 6470000, "operatingExpenses": 86491000, "costAndExpenses": 138115000, "interestIncome": 0, "interestExpense": 0, "depreciationAndAmortization": 11103000, "ebitda": 36674000, "ebitdaratio": 0.2240509268, "operatingIncome": 25571000, "operatingIncomeRatio": 0.1562198355, "totalOtherIncomeExpensesNet": 3778000, "incomeBeforeTax": 29349000, "incomeBeforeTaxRatio": 0.1793006121, "incomeTaxExpense": 5889000, "netIncome": 23460000, "netIncomeRatio": 0.143323192, "eps": 0.63, "epsdiluted": 0.62, "weightedAverageShsOut": 37447000, "weightedAverageShsOutDil": 37996000, "link": "https://www.sec.gov/Archives/edgar/data/1092699/000109269924000074/0001092699-24-000074-index.htm", "finalLink": "https://www.sec.gov/Archives/edgar/data/1092699/000109269924000074/spsc-20240930.htm"}, {"date": "2024-06-30", "symbol": "SPSC", "reportedCurrency": "USD", "cik": "0001092699", "fillingDate": "2024-07-25", "acceptedDate": "2024-07-25 16:20:11", "calendarYear": "2024", "period": "Q2", "revenue": 153596000, "costOfRevenue": 56858000, "grossProfit": 96738000, "grossProfitRatio": 0.6298210891, "researchAndDevelopmentExpenses": 14366000, "generalAndAdministrativeExpenses": 23516000, "sellingAndMarketingExpenses": 35691000, "sellingGeneralAndAdministrativeExpenses": 59207000, "otherExpenses": 7000, "operatingExpenses": 73573000, "costAndExpenses": 130431000, "interestIncome": 0, "interestExpense": 0, "depreciationAndAmortization": 9523000, "ebitda": 32688000, "ebitdaratio": 0.2128180421, "operatingIncome": 23165000, "operatingIncomeRatio": 0.1508177296, "totalOtherIncomeExpensesNet": 4056000, "incomeBeforeTax": 27221000, "incomeBeforeTaxRatio": 0.1772246673, "incomeTaxExpense": 9189000, "netIncome": 18032000, "netIncomeRatio": 0.1173988906, "eps": 0.49, "epsdiluted": 0.48, "weightedAverageShsOut": 37078000, "weightedAverageShsOutDil": 37683000, "link": "https://www.sec.gov/Archives/edgar/data/1092699/000109269924000060/0001092699-24-000060-index.htm", "finalLink": "https://www.sec.gov/Archives/edgar/data/1092699/000109269924000060/spsc-20240630.htm"}, {"date": "2024-03-31", "symbol": "SPSC", "reportedCurrency": "USD", "cik": "0001092699", "fillingDate": "2024-04-25", "acceptedDate": "2024-04-25 16:13:17", "calendarYear": "2024", "period": "Q1", "revenue": 149576000, "costOfRevenue": 55825000, "grossProfit": 93751000, "grossProfitRatio": 0.6267783602, "researchAndDevelopmentExpenses": 16009000, "generalAndAdministrativeExpenses": 25907000, "sellingAndMarketingExpenses": 36432000, "sellingGeneralAndAdministrativeExpenses": 62339000, "otherExpenses": -51000, "operatingExpenses": 78348000, "costAndExpenses": 134173000, "interestIncome": 0, "interestExpense": 0, "depreciationAndAmortization": 9032000, "ebitda": 24435000, "ebitdaratio": 0.1633617693, "operatingIncome": 15403000, "operatingIncomeRatio": 0.1029777504, "totalOtherIncomeExpensesNet": 3132000, "incomeBeforeTax": 18535000, "incomeBeforeTaxRatio": 0.1239169385, "incomeTaxExpense": 532000, "netIncome": 18003000, "netIncomeRatio": 0.1203602182, "eps": 0.49, "epsdiluted": 0.48, "weightedAverageShsOut": 37049000, "weightedAverageShsOutDil": 37686000, "link": "https://www.sec.gov/Archives/edgar/data/1092699/000109269924000046/0001092699-24-000046-index.htm", "finalLink": "https://www.sec.gov/Archives/edgar/data/1092699/000109269924000046/spsc-20240331.htm"}, {"date": "2023-12-31", "symbol": "SPSC", "reportedCurrency": "USD", "cik": "0001092699", "fillingDate": "2024-02-21", "acceptedDate": "2024-02-20 19:07:06", "calendarYear": "2023", "period": "Q4", "revenue": 144965000, "costOfRevenue": 54038000, "grossProfit": 90927000, "grossProfitRatio": 0.62723416, "researchAndDevelopmentExpenses": 14216000, "generalAndAdministrativeExpenses": 13233000, "sellingAndMarketingExpenses": 40593000, "sellingGeneralAndAdministrativeExpenses": 53826000, "otherExpenses": -33000, "operatingExpenses": 68042000, "costAndExpenses": 122080000, "interestIncome": 2288000, "interestExpense": 1276000, "depreciationAndAmortization": 9665000, "ebitda": 32550000, "ebitdaratio": 0.2245369572, "operatingIncome": 22885000, "operatingIncomeRatio": 0.1578656917, "totalOtherIncomeExpensesNet": 3456000, "incomeBeforeTax": 26341000, "incomeBeforeTaxRatio": 0.181705929, "incomeTaxExpense": 7330000, "netIncome": 19011000, "netIncomeRatio": 0.1311419998, "eps": 0.52, "epsdiluted": 0.51, "weightedAverageShsOut": 36831000, "weightedAverageShsOutDil": 37640000, "link": "https://www.sec.gov/Archives/edgar/data/1092699/000109269924000012/0001092699-24-000012-index.htm", "finalLink": "https://www.sec.gov/Archives/edgar/data/1092699/000109269924000012/spsc-20231231.htm"}, {"date": "2023-09-30", "symbol": "SPSC", "reportedCurrency": "USD", "cik": "0001092699", "fillingDate": "2023-10-26", "acceptedDate": "2023-10-26 16:18:40", "calendarYear": "2023", "period": "Q3", "revenue": 135661000, "costOfRevenue": 45521000, "grossProfit": 90140000, "grossProfitRatio": 0.6644503579, "researchAndDevelopmentExpenses": 13558000, "generalAndAdministrativeExpenses": 24334000, "sellingAndMarketingExpenses": 27861000, "sellingGeneralAndAdministrativeExpenses": 52195000, "otherExpenses": -1031000, "operatingExpenses": 69541000, "costAndExpenses": 115062000, "interestIncome": 2635000, "interestExpense": 0, "depreciationAndAmortization": 8463000, "ebitda": 29062000, "ebitdaratio": 0.2142251642, "operatingIncome": 20599000, "operatingIncomeRatio": 0.1518417231, "totalOtherIncomeExpensesNet": 1702000, "incomeBeforeTax": 22301000, "incomeBeforeTaxRatio": 0.1643877017, "incomeTaxExpense": 5459000, "netIncome": 16842000, "netIncomeRatio": 0.1241476917, "eps": 0.46, "epsdiluted": 0.45, "weightedAverageShsOut": 36728000, "weightedAverageShsOutDil": 37584000, "link": "https://www.sec.gov/Archives/edgar/data/1092699/000109269923000053/0001092699-23-000053-index.htm", "finalLink": "https://www.sec.gov/Archives/edgar/data/1092699/000109269923000053/spsc-20230930.htm"}, {"date": "2023-06-30", "symbol": "SPSC", "reportedCurrency": "USD", "cik": "0001092699", "fillingDate": "2023-07-27", "acceptedDate": "2023-07-27 16:35:06", "calendarYear": "2023", "period": "Q2", "revenue": 130416000, "costOfRevenue": 44544000, "grossProfit": 85872000, "grossProfitRatio": 0.6584468163, "researchAndDevelopmentExpenses": 13318000, "generalAndAdministrativeExpenses": 21693000, "sellingAndMarketingExpenses": 30349000, "sellingGeneralAndAdministrativeExpenses": 52042000, "otherExpenses": 1882000, "operatingExpenses": 68839000, "costAndExpenses": 113383000, "interestIncome": 1611000, "interestExpense": 0, "depreciationAndAmortization": 8142000, "ebitda": 25175000, "ebitdaratio": 0.1930361305, "operatingIncome": 17033000, "operatingIncomeRatio": 0.1306051405, "totalOtherIncomeExpensesNet": 1882000, "incomeBeforeTax": 18915000, "incomeBeforeTaxRatio": 0.1450358852, "incomeTaxExpense": 4233000, "netIncome": 14682000, "netIncomeRatio": 0.1125782113, "eps": 0.4, "epsdiluted": 0.39, "weightedAverageShsOut": 36593000, "weightedAverageShsOutDil": 37426000, "link": "https://www.sec.gov/Archives/edgar/data/1092699/000109269923000050/0001092699-23-000050-index.htm", "finalLink": "https://www.sec.gov/Archives/edgar/data/1092699/000109269923000050/spsc-20230630.htm"}, {"date": "2023-03-31", "symbol": "SPSC", "reportedCurrency": "USD", "cik": "0001092699", "fillingDate": "2023-04-26", "acceptedDate": "2023-04-26 16:17:16", "calendarYear": "2023", "period": "Q1", "revenue": 125868000, "costOfRevenue": 42964000, "grossProfit": 82904000, "grossProfitRatio": 0.6586582769, "researchAndDevelopmentExpenses": 12563000, "generalAndAdministrativeExpenses": 20677000, "sellingAndMarketingExpenses": 29083000, "sellingGeneralAndAdministrativeExpenses": 49760000, "otherExpenses": 3851000, "operatingExpenses": 66174000, "costAndExpenses": 109138000, "interestIncome": 0, "interestExpense": 0, "depreciationAndAmortization": 8477000, "ebitda": 25207000, "ebitdaratio": 0.2002653574, "operatingIncome": 16730000, "operatingIncomeRatio": 0.1329170242, "totalOtherIncomeExpensesNet": 1276000, "incomeBeforeTax": 18006000, "incomeBeforeTaxRatio": 0.1430546287, "incomeTaxExpense": 2717000, "netIncome": 15289000, "netIncomeRatio": 0.1214685226, "eps": 0.42, "epsdiluted": 0.41, "weightedAverageShsOut": 36427000, "weightedAverageShsOutDil": 37155000, "link": "https://www.sec.gov/Archives/edgar/data/1092699/000109269923000035/0001092699-23-000035-index.htm", "finalLink": "https://www.sec.gov/Archives/edgar/data/1092699/000109269923000035/spsc-20230331.htm"}, {"date": "2022-12-31", "symbol": "SPSC", "reportedCurrency": "USD", "cik": "0001092699", "fillingDate": "2023-02-21", "acceptedDate": "2023-02-21 16:53:31", "calendarYear": "2022", "period": "Q4", "revenue": 122018000, "costOfRevenue": 41541000, "grossProfit": 80477000, "grossProfitRatio": 0.6595502303, "researchAndDevelopmentExpenses": 12480000, "generalAndAdministrativeExpenses": 17950000, "sellingAndMarketingExpenses": 27201000, "sellingGeneralAndAdministrativeExpenses": 45151000, "otherExpenses": 3832000, "operatingExpenses": 61463000, "costAndExpenses": 103004000, "interestIncome": 0, "interestExpense": 0, "depreciationAndAmortization": 8270000, "ebitda": 27284000, "ebitdaratio": 0.2236063532, "operatingIncome": 19014000, "operatingIncomeRatio": 0.1558294678, "totalOtherIncomeExpensesNet": 1752000, "incomeBeforeTax": 20766000, "incomeBeforeTaxRatio": 0.170188005, "incomeTaxExpense": 4851000, "netIncome": 15915000, "netIncomeRatio": 0.1304315757, "eps": 0.44, "epsdiluted": 0.43, "weightedAverageShsOut": 36159000, "weightedAverageShsOutDil": 36971000, "link": "https://www.sec.gov/Archives/edgar/data/1092699/000109269923000006/0001092699-23-000006-index.htm", "finalLink": "https://www.sec.gov/Archives/edgar/data/1092699/000109269923000006/spsc-20221231.htm"}, {"date": "2022-09-30", "symbol": "SPSC", "reportedCurrency": "USD", "cik": "0001092699", "fillingDate": "2022-10-27", "acceptedDate": "2022-10-27 16:10:58", "calendarYear": "2022", "period": "Q3", "revenue": 114486000, "costOfRevenue": 38605000, "grossProfit": 75881000, "grossProfitRatio": 0.6627971979, "researchAndDevelopmentExpenses": 11135000, "generalAndAdministrativeExpenses": 16724000, "sellingAndMarketingExpenses": 25334000, "sellingGeneralAndAdministrativeExpenses": 42058000, "otherExpenses": 2998000, "operatingExpenses": 56191000, "costAndExpenses": 94796000, "interestIncome": 586000, "interestExpense": 695000, "depreciationAndAmortization": 7167000, "ebitda": 26857000, "ebitdaratio": 0.2345876352, "operatingIncome": 19690000, "operatingIncomeRatio": 0.1719860944, "totalOtherIncomeExpensesNet": -695000, "incomeBeforeTax": 18995000, "incomeBeforeTaxRatio": 0.1659154831, "incomeTaxExpense": 3132000, "netIncome": 15863000, "netIncomeRatio": 0.1385584264, "eps": 0.44, "epsdiluted": 0.43, "weightedAverageShsOut": 36093000, "weightedAverageShsOutDil": 36915000, "link": "https://www.sec.gov/Archives/edgar/data/1092699/000109269922000015/0001092699-22-000015-index.htm", "finalLink": "https://www.sec.gov/Archives/edgar/data/1092699/000109269922000015/spsc-20220930.htm"}, {"date": "2022-06-30", "symbol": "SPSC", "reportedCurrency": "USD", "cik": "0001092699", "fillingDate": "2022-07-27", "acceptedDate": "2022-07-27 16:12:09", "calendarYear": "2022", "period": "Q2", "revenue": 109178000, "costOfRevenue": 37530000, "grossProfit": 71648000, "grossProfitRatio": 0.6562494275, "researchAndDevelopmentExpenses": 11432000, "generalAndAdministrativeExpenses": 17198000, "sellingAndMarketingExpenses": 24582000, "sellingGeneralAndAdministrativeExpenses": 41780000, "otherExpenses": -183000, "operatingExpenses": 55680000, "costAndExpenses": 93210000, "interestIncome": 0, "interestExpense": 0, "depreciationAndAmortization": 6418000, "ebitda": 22386000, "ebitdaratio": 0.2050413087, "operatingIncome": 15968000, "operatingIncomeRatio": 0.1462565718, "totalOtherIncomeExpensesNet": -1338000, "incomeBeforeTax": 14630000, "incomeBeforeTaxRatio": 0.1340013556, "incomeTaxExpense": 3877000, "netIncome": 10753000, "netIncomeRatio": 0.0984905384, "eps": 0.3, "epsdiluted": 0.29, "weightedAverageShsOut": 36085000, "weightedAverageShsOutDil": 36862000, "link": "https://www.sec.gov/Archives/edgar/data/1092699/000109269922000010/0001092699-22-000010-index.htm", "finalLink": "https://www.sec.gov/Archives/edgar/data/1092699/000109269922000010/spsc-20220630.htm"}, {"date": "2022-03-31", "symbol": "SPSC", "reportedCurrency": "USD", "cik": "0001092699", "fillingDate": "2022-04-29", "acceptedDate": "2022-04-28 19:21:08", "calendarYear": "2022", "period": "Q1", "revenue": 105193000, "costOfRevenue": 35389000, "grossProfit": 69804000, "grossProfitRatio": 0.6635802763, "researchAndDevelopmentExpenses": 10701000, "generalAndAdministrativeExpenses": 15468000, "sellingAndMarketingExpenses": 24655000, "sellingGeneralAndAdministrativeExpenses": 40123000, "otherExpenses": -93000, "operatingExpenses": 53294000, "costAndExpenses": 88683000, "interestIncome": 0, "interestExpense": 0, "depreciationAndAmortization": 6334000, "ebitda": 22844000, "ebitdaratio": 0.217162739, "operatingIncome": 16510000, "operatingIncomeRatio": 0.1569496069, "totalOtherIncomeExpensesNet": 423000, "incomeBeforeTax": 16933000, "incomeBeforeTaxRatio": 0.160970787, "incomeTaxExpense": 4330000, "netIncome": 12603000, "netIncomeRatio": 0.1198083523, "eps": 0.35, "epsdiluted": 0.34, "weightedAverageShsOut": 36136000, "weightedAverageShsOutDil": 36989000, "link": "https://www.sec.gov/Archives/edgar/data/1092699/000156459022016547/0001564590-22-016547-index.htm", "finalLink": "https://www.sec.gov/Archives/edgar/data/1092699/000156459022016547/spsc-10q_20220331.htm"}, {"date": "2021-12-31", "symbol": "SPSC", "reportedCurrency": "USD", "cik": "0001092699", "fillingDate": "2022-02-22", "acceptedDate": "2022-02-22 16:54:46", "calendarYear": "2021", "period": "Q4", "revenue": 102756000, "costOfRevenue": 35635000, "grossProfit": 67121000, "grossProfitRatio": 0.6532075986, "researchAndDevelopmentExpenses": 10579000, "generalAndAdministrativeExpenses": 16119000, "sellingAndMarketingExpenses": 22658000, "sellingGeneralAndAdministrativeExpenses": 38777000, "otherExpenses": -120000, "operatingExpenses": 51748000, "costAndExpenses": 87383000, "interestIncome": 0, "interestExpense": 0, "depreciationAndAmortization": 6191000, "ebitda": 21564000, "ebitdaratio": 0.2098563588, "operatingIncome": 15373000, "operatingIncomeRatio": 0.1496068356, "totalOtherIncomeExpensesNet": -120000, "incomeBeforeTax": 15253000, "incomeBeforeTaxRatio": 0.1484390206, "incomeTaxExpense": 2488000, "netIncome": 12765000, "netIncomeRatio": 0.1242263226, "eps": 0.35, "epsdiluted": 0.34, "weightedAverageShsOut": 36093000, "weightedAverageShsOutDil": 37154000, "link": "https://www.sec.gov/Archives/edgar/data/1092699/000156459022005952/0001564590-22-005952-index.htm", "finalLink": "https://www.sec.gov/Archives/edgar/data/1092699/000156459022005952/spsc-10k_20211231.htm"}, {"date": "2021-09-30", "symbol": "SPSC", "reportedCurrency": "USD", "cik": "0001092699", "fillingDate": "2021-10-28", "acceptedDate": "2021-10-28 16:16:27", "calendarYear": "2021", "period": "Q3", "revenue": 97887000, "costOfRevenue": 34343000, "grossProfit": 63544000, "grossProfitRatio": 0.6491566807, "researchAndDevelopmentExpenses": 10854000, "generalAndAdministrativeExpenses": 14691000, "sellingAndMarketingExpenses": 22079000, "sellingGeneralAndAdministrativeExpenses": 36770000, "otherExpenses": 72000, "operatingExpenses": 50023000, "costAndExpenses": 84366000, "interestIncome": 0, "interestExpense": 0, "depreciationAndAmortization": 6094000, "ebitda": 19615000, "ebitdaratio": 0.2003841164, "operatingIncome": 13521000, "operatingIncomeRatio": 0.1381286586, "totalOtherIncomeExpensesNet": -716000, "incomeBeforeTax": 12805000, "incomeBeforeTaxRatio": 0.130814102, "incomeTaxExpense": 1356000, "netIncome": 11449000, "netIncomeRatio": 0.1169613943, "eps": 0.32, "epsdiluted": 0.31, "weightedAverageShsOut": 35961000, "weightedAverageShsOutDil": 37015000, "link": "https://www.sec.gov/Archives/edgar/data/1092699/000156459021052660/0001564590-21-052660-index.htm", "finalLink": "https://www.sec.gov/Archives/edgar/data/1092699/000156459021052660/spsc-10q_20210930.htm"}, {"date": "2021-06-30", "symbol": "SPSC", "reportedCurrency": "USD", "cik": "0001092699", "fillingDate": "2021-07-29", "acceptedDate": "2021-07-29 16:17:08", "calendarYear": "2021", "period": "Q2", "revenue": 94539000, "costOfRevenue": 31730000, "grossProfit": 62809000, "grossProfitRatio": 0.6643713177, "researchAndDevelopmentExpenses": 8899000, "generalAndAdministrativeExpenses": 15758000, "sellingAndMarketingExpenses": 21952000, "sellingGeneralAndAdministrativeExpenses": 37710000, "otherExpenses": -113000, "operatingExpenses": 49280000, "costAndExpenses": 81010000, "interestIncome": 0, "interestExpense": 0, "depreciationAndAmortization": 6200000, "ebitda": 19729000, "ebitdaratio": 0.2086863622, "operatingIncome": 13529000, "operatingIncomeRatio": 0.143104962, "totalOtherIncomeExpensesNet": -383000, "incomeBeforeTax": 13146000, "incomeBeforeTaxRatio": 0.1390537239, "incomeTaxExpense": 2963000, "netIncome": 10183000, "netIncomeRatio": 0.1077121611, "eps": 0.28, "epsdiluted": 0.28, "weightedAverageShsOut": 35903000, "weightedAverageShsOutDil": 36753000, "link": "https://www.sec.gov/Archives/edgar/data/1092699/000156459021039148/0001564590-21-039148-index.htm", "finalLink": "https://www.sec.gov/Archives/edgar/data/1092699/000156459021039148/spsc-10q_20210630.htm"}, {"date": "2021-03-31", "symbol": "SPSC", "reportedCurrency": "USD", "cik": "0001092699", "fillingDate": "2021-04-29", "acceptedDate": "2021-04-29 16:15:59", "calendarYear": "2021", "period": "Q1", "revenue": 90094000, "costOfRevenue": 29970000, "grossProfit": 60124000, "grossProfitRatio": 0.6673474371, "researchAndDevelopmentExpenses": 8706000, "generalAndAdministrativeExpenses": 14737000, "sellingAndMarketingExpenses": 21355000, "sellingGeneralAndAdministrativeExpenses": 36092000, "otherExpenses": -133000, "operatingExpenses": 47462000, "costAndExpenses": 77432000, "interestIncome": 0, "interestExpense": 0, "depreciationAndAmortization": 6429000, "ebitda": 19091000, "ebitdaratio": 0.2119009035, "operatingIncome": 12662000, "operatingIncomeRatio": 0.1405421005, "totalOtherIncomeExpensesNet": -325000, "incomeBeforeTax": 12337000, "incomeBeforeTaxRatio": 0.136934757, "incomeTaxExpense": 2137000, "netIncome": 10200000, "netIncomeRatio": 0.1132150865, "eps": 0.29, "epsdiluted": 0.28, "weightedAverageShsOut": 35751000, "weightedAverageShsOutDil": 36722000, "link": "https://www.sec.gov/Archives/edgar/data/1092699/000156459021021965/0001564590-21-021965-index.htm", "finalLink": "https://www.sec.gov/Archives/edgar/data/1092699/000156459021021965/spsc-10q_20210331.htm"}, {"date": "2020-12-31", "symbol": "SPSC", "reportedCurrency": "USD", "cik": "0001092699", "fillingDate": "2021-02-23", "acceptedDate": "2021-02-23 16:55:36", "calendarYear": "2020", "period": "Q4", "revenue": 83308000, "costOfRevenue": 26921000, "grossProfit": 56387000, "grossProfitRatio": 0.6768497623, "researchAndDevelopmentExpenses": 7937000, "generalAndAdministrativeExpenses": 13528000, "sellingAndMarketingExpenses": 19812000, "sellingGeneralAndAdministrativeExpenses": 33340000, "otherExpenses": 1026000, "operatingExpenses": 42830000, "costAndExpenses": 69751000, "interestIncome": 121000, "interestExpense": 0, "depreciationAndAmortization": 5206000, "ebitda": 18763000, "ebitdaratio": 0.2252244682, "operatingIncome": 13557000, "operatingIncomeRatio": 0.162733471, "totalOtherIncomeExpensesNet": 1304000, "incomeBeforeTax": 14861000, "incomeBeforeTaxRatio": 0.1783862294, "incomeTaxExpense": 1391000, "netIncome": 13470000, "netIncomeRatio": 0.1616891535, "eps": 0.38, "epsdiluted": 0.37, "weightedAverageShsOut": 35505000, "weightedAverageShsOutDil": 36729000, "link": "https://www.sec.gov/Archives/edgar/data/1092699/000156459021007614/0001564590-21-007614-index.htm", "finalLink": "https://www.sec.gov/Archives/edgar/data/1092699/000156459021007614/spsc-10k_20201231.htm"}, {"date": "2020-09-30", "symbol": "SPSC", "reportedCurrency": "USD", "cik": "0001092699", "fillingDate": "2020-10-28", "acceptedDate": "2020-10-28 16:12:27", "calendarYear": "2020", "period": "Q3", "revenue": 79557000, "costOfRevenue": 25045000, "grossProfit": 54512000, "grossProfitRatio": 0.6851942632, "researchAndDevelopmentExpenses": 8053000, "generalAndAdministrativeExpenses": 11939000, "sellingAndMarketingExpenses": 19233000, "sellingGeneralAndAdministrativeExpenses": 31172000, "otherExpenses": 307000, "operatingExpenses": 40558000, "costAndExpenses": 65603000, "interestIncome": 116000, "interestExpense": 0, "depreciationAndAmortization": 1333000, "ebitda": 18485000, "ebitdaratio": 0.2323491333, "operatingIncome": 13954000, "operatingIncomeRatio": 0.1753962568, "totalOtherIncomeExpensesNet": 423000, "incomeBeforeTax": 14377000, "incomeBeforeTaxRatio": 0.1807131993, "incomeTaxExpense": 2970000, "netIncome": 11407000, "netIncomeRatio": 0.1433814749, "eps": 0.32, "epsdiluted": 0.31, "weightedAverageShsOut": 35295000, "weightedAverageShsOutDil": 36366000, "link": "https://www.sec.gov/Archives/edgar/data/1092699/000156459020048340/0001564590-20-048340-index.htm", "finalLink": "https://www.sec.gov/Archives/edgar/data/1092699/000156459020048340/spsc-10q_20200930.htm"}, {"date": "2020-06-30", "symbol": "SPSC", "reportedCurrency": "USD", "cik": "0001092699", "fillingDate": "2020-07-30", "acceptedDate": "2020-07-30 20:26:11", "calendarYear": "2020", "period": "Q2", "revenue": 75573000, "costOfRevenue": 24326000, "grossProfit": 51247000, "grossProfitRatio": 0.6781125534, "researchAndDevelopmentExpenses": 7466000, "generalAndAdministrativeExpenses": 12743000, "sellingAndMarketingExpenses": 18611000, "sellingGeneralAndAdministrativeExpenses": 31354000, "otherExpenses": 1242000, "operatingExpenses": 40136000, "costAndExpenses": 64462000, "interestIncome": 226000, "interestExpense": 0, "depreciationAndAmortization": 4454000, "ebitda": 15565000, "ebitdaratio": 0.2059598005, "operatingIncome": 11111000, "operatingIncomeRatio": 0.1470234078, "totalOtherIncomeExpensesNet": 1468000, "incomeBeforeTax": 12579000, "incomeBeforeTaxRatio": 0.1664483347, "incomeTaxExpense": 1385000, "netIncome": 11194000, "netIncomeRatio": 0.1481216837, "eps": 0.32, "epsdiluted": 0.31, "weightedAverageShsOut": 35030000, "weightedAverageShsOutDil": 36016000, "link": "https://www.sec.gov/Archives/edgar/data/1092699/000156459020034914/0001564590-20-034914-index.htm", "finalLink": "https://www.sec.gov/Archives/edgar/data/1092699/000156459020034914/spsc-10q_20200630.htm"}, {"date": "2020-03-31", "symbol": "SPSC", "reportedCurrency": "USD", "cik": "0001092699", "fillingDate": "2020-04-30", "acceptedDate": "2020-04-30 16:12:23", "calendarYear": "2020", "period": "Q1", "revenue": 74192000, "costOfRevenue": 23544000, "grossProfit": 50648000, "grossProfitRatio": 0.6826612034, "researchAndDevelopmentExpenses": 7568000, "generalAndAdministrativeExpenses": 11909000, "sellingAndMarketingExpenses": 18299000, "sellingGeneralAndAdministrativeExpenses": 30208000, "otherExpenses": -1241000, "operatingExpenses": 39112000, "costAndExpenses": 62656000, "interestIncome": 640000, "interestExpense": 0, "depreciationAndAmortization": 4474000, "ebitda": 16010000, "ebitdaratio": 0.21579146, "operatingIncome": 11536000, "operatingIncomeRatio": 0.1554884624, "totalOtherIncomeExpensesNet": -673000, "incomeBeforeTax": 10863000, "incomeBeforeTaxRatio": 0.1464174035, "incomeTaxExpense": 1348000, "netIncome": 9515000, "netIncomeRatio": 0.1282483287, "eps": 0.27, "epsdiluted": 0.26, "weightedAverageShsOut": 35072000, "weightedAverageShsOutDil": 35926000, "link": "https://www.sec.gov/Archives/edgar/data/1092699/000156459020020182/0001564590-20-020182-index.htm", "finalLink": "https://www.sec.gov/Archives/edgar/data/1092699/000156459020020182/spsc-10q_20200331.htm"}, {"date": "2019-12-31", "symbol": "SPSC", "reportedCurrency": "USD", "cik": "0001092699", "fillingDate": "2020-02-25", "acceptedDate": "2020-02-25 17:24:13", "calendarYear": "2019", "period": "Q4", "revenue": 72733000, "costOfRevenue": 23909000, "grossProfit": 48824000, "grossProfitRatio": 0.6712771369, "researchAndDevelopmentExpenses": 7861000, "generalAndAdministrativeExpenses": 11045000, "sellingAndMarketingExpenses": 17736000, "sellingGeneralAndAdministrativeExpenses": 28781000, "otherExpenses": 244000, "operatingExpenses": 38060000, "costAndExpenses": 61969000, "interestIncome": 714000, "interestExpense": 0, "depreciationAndAmortization": 4398000, "ebitda": 15162000, "ebitdaratio": 0.2084610837, "operatingIncome": 10764000, "operatingIncomeRatio": 0.1479933455, "totalOtherIncomeExpensesNet": 1037000, "incomeBeforeTax": 11801000, "incomeBeforeTaxRatio": 0.1622509727, "incomeTaxExpense": 2639000, "netIncome": 9162000, "netIncomeRatio": 0.1259675801, "eps": 0.26, "epsdiluted": 0.25, "weightedAverageShsOut": 35198000, "weightedAverageShsOutDil": 36152000, "link": "https://www.sec.gov/Archives/edgar/data/1092699/000156459020006450/0001564590-20-006450-index.htm", "finalLink": "https://www.sec.gov/Archives/edgar/data/1092699/000156459020006450/spsc-10k_20191231.htm"}, {"date": "2019-09-30", "symbol": "SPSC", "reportedCurrency": "USD", "cik": "0001092699", "fillingDate": "2019-10-25", "acceptedDate": "2019-10-25 16:02:12", "calendarYear": "2019", "period": "Q3", "revenue": 70928000, "costOfRevenue": 23263000, "grossProfit": 47665000, "grossProfitRatio": 0.6720195127, "researchAndDevelopmentExpenses": 7743000, "generalAndAdministrativeExpenses": 10725000, "sellingAndMarketingExpenses": 16937000, "sellingGeneralAndAdministrativeExpenses": 27662000, "otherExpenses": -165000, "operatingExpenses": 36732000, "costAndExpenses": 59995000, "interestIncome": 843000, "interestExpense": 0, "depreciationAndAmortization": 4146000, "ebitda": 15079000, "ebitdaratio": 0.2125958719, "operatingIncome": 10933000, "operatingIncomeRatio": 0.1541422287, "totalOtherIncomeExpensesNet": 700000, "incomeBeforeTax": 11633000, "incomeBeforeTaxRatio": 0.1640113918, "incomeTaxExpense": 2692000, "netIncome": 8941000, "netIncomeRatio": 0.1260574103, "eps": 0.26, "epsdiluted": 0.25, "weightedAverageShsOut": 35015000, "weightedAverageShsOutDil": 35932000, "link": "https://www.sec.gov/Archives/edgar/data/1092699/000156459019037910/0001564590-19-037910-index.htm", "finalLink": "https://www.sec.gov/Archives/edgar/data/1092699/000156459019037910/spsc-10q_20190930.htm"}, {"date": "2019-06-30", "symbol": "SPSC", "reportedCurrency": "USD", "cik": "0001092699", "fillingDate": "2019-07-26", "acceptedDate": "2019-07-26 16:01:47", "calendarYear": "2019", "period": "Q2", "revenue": 68529000, "costOfRevenue": 23700000, "grossProfit": 44829000, "grossProfitRatio": 0.6541610121, "researchAndDevelopmentExpenses": 6509000, "generalAndAdministrativeExpenses": 10179000, "sellingAndMarketingExpenses": 17545000, "sellingGeneralAndAdministrativeExpenses": 27724000, "otherExpenses": 240000, "operatingExpenses": 35499000, "costAndExpenses": 59199000, "interestIncome": 813000, "interestExpense": 0, "depreciationAndAmortization": 3953000, "ebitda": 13283000, "ebitdaratio": 0.1938303492, "operatingIncome": 9330000, "operatingIncomeRatio": 0.1361467408, "totalOtherIncomeExpensesNet": 1453000, "incomeBeforeTax": 10783000, "incomeBeforeTaxRatio": 0.1573494433, "incomeTaxExpense": 1987000, "netIncome": 8796000, "netIncomeRatio": 0.1283544193, "eps": 0.25, "epsdiluted": 0.24, "weightedAverageShsOut": 35010000, "weightedAverageShsOutDil": 36020000, "link": "https://www.sec.gov/Archives/edgar/data/1092699/000156459019026357/0001564590-19-026357-index.htm", "finalLink": "https://www.sec.gov/Archives/edgar/data/1092699/000156459019026357/spsc-10q_20190630.htm"}, {"date": "2019-03-31", "symbol": "SPSC", "reportedCurrency": "USD", "cik": "0001092699", "fillingDate": "2019-04-26", "acceptedDate": "2019-04-26 16:02:02", "calendarYear": "2019", "period": "Q1", "revenue": 66934000, "costOfRevenue": 21367000, "grossProfit": 45567000, "grossProfitRatio": 0.6807750919, "researchAndDevelopmentExpenses": 6192000, "generalAndAdministrativeExpenses": 12770000, "sellingAndMarketingExpenses": 17922000, "sellingGeneralAndAdministrativeExpenses": 30692000, "otherExpenses": -47000, "operatingExpenses": 38188000, "costAndExpenses": 59555000, "interestIncome": 577000, "interestExpense": 0, "depreciationAndAmortization": 3941000, "ebitda": 11320000, "ebitdaratio": 0.1691218215, "operatingIncome": 7379000, "operatingIncomeRatio": 0.1102429259, "totalOtherIncomeExpensesNet": 474000, "incomeBeforeTax": 7853000, "incomeBeforeTaxRatio": 0.1173245286, "incomeTaxExpense": 1040000, "netIncome": 6813000, "netIncomeRatio": 0.1017868348, "eps": 0.19, "epsdiluted": 0.19, "weightedAverageShsOut": 34942000, "weightedAverageShsOutDil": 35984000, "link": "https://www.sec.gov/Archives/edgar/data/1092699/000156459019013342/0001564590-19-013342-index.htm", "finalLink": "https://www.sec.gov/Archives/edgar/data/1092699/000156459019013342/spsc-10q_20190331.htm"}, {"date": "2018-12-31", "symbol": "SPSC", "reportedCurrency": "USD", "cik": "0001092699", "fillingDate": "2019-02-22", "acceptedDate": "2019-02-22 16:37:13", "calendarYear": "2018", "period": "Q4", "revenue": 65189000, "costOfRevenue": 21177000, "grossProfit": 44012000, "grossProfitRatio": 0.6751445796, "researchAndDevelopmentExpenses": 6516000, "generalAndAdministrativeExpenses": 10584000, "sellingAndMarketingExpenses": 17696000, "sellingGeneralAndAdministrativeExpenses": 28280000, "otherExpenses": -179000, "operatingExpenses": 35803000, "costAndExpenses": 56980000, "interestIncome": 740000, "interestExpense": 0, "depreciationAndAmortization": 3292000, "ebitda": 11501000, "ebitdaratio": 0.1764254706, "operatingIncome": 8209000, "operatingIncomeRatio": 0.1259261532, "totalOtherIncomeExpensesNet": 561000, "incomeBeforeTax": 8770000, "incomeBeforeTaxRatio": 0.1345318996, "incomeTaxExpense": 1629000, "netIncome": 7141000, "netIncomeRatio": 0.1095430211, "eps": 0.21, "epsdiluted": 0.2, "weightedAverageShsOut": 34560000, "weightedAverageShsOutDil": 35444000, "link": "https://www.sec.gov/Archives/edgar/data/1092699/000156459019003903/0001564590-19-003903-index.htm", "finalLink": "https://www.sec.gov/Archives/edgar/data/1092699/000156459019003903/spsc-10k_20181231.htm"}, {"date": "2018-09-30", "symbol": "SPSC", "reportedCurrency": "USD", "cik": "0001092699", "fillingDate": "2018-10-26", "acceptedDate": "2018-10-26 16:07:10", "calendarYear": "2018", "period": "Q3", "revenue": 62868000, "costOfRevenue": 20411000, "grossProfit": 42457000, "grossProfitRatio": 0.6753356238, "researchAndDevelopmentExpenses": 5146000, "generalAndAdministrativeExpenses": 11174000, "sellingAndMarketingExpenses": 16952000, "sellingGeneralAndAdministrativeExpenses": 28126000, "otherExpenses": -219000, "operatingExpenses": 34200000, "costAndExpenses": 54611000, "interestIncome": 628000, "interestExpense": 0, "depreciationAndAmortization": 3060000, "ebitda": 11317000, "ebitdaratio": 0.1800120888, "operatingIncome": 8257000, "operatingIncomeRatio": 0.1313386779, "totalOtherIncomeExpensesNet": 409000, "incomeBeforeTax": 8666000, "incomeBeforeTaxRatio": 0.1378443723, "incomeTaxExpense": 605000, "netIncome": 8061000, "netIncomeRatio": 0.1282210345, "eps": 0.23, "epsdiluted": 0.23, "weightedAverageShsOut": 34438000, "weightedAverageShsOutDil": 35482000, "link": "https://www.sec.gov/Archives/edgar/data/1092699/000156459018025262/0001564590-18-025262-index.htm", "finalLink": "https://www.sec.gov/Archives/edgar/data/1092699/000156459018025262/spsc-10q_20180930.htm"}, {"date": "2018-06-30", "symbol": "SPSC", "reportedCurrency": "USD", "cik": "0001092699", "fillingDate": "2018-07-27", "acceptedDate": "2018-07-27 16:06:27", "calendarYear": "2018", "period": "Q2", "revenue": 61091000, "costOfRevenue": 20402000, "grossProfit": 40689000, "grossProfitRatio": 0.6660391874, "researchAndDevelopmentExpenses": 5293000, "generalAndAdministrativeExpenses": 9974000, "sellingAndMarketingExpenses": 18424000, "sellingGeneralAndAdministrativeExpenses": 28398000, "otherExpenses": -168000, "operatingExpenses": 34724000, "costAndExpenses": 55126000, "interestIncome": 547000, "interestExpense": 0, "depreciationAndAmortization": 3126000, "ebitda": 9091000, "ebitdaratio": 0.1488107905, "operatingIncome": 5965000, "operatingIncomeRatio": 0.0976412237, "totalOtherIncomeExpensesNet": 379000, "incomeBeforeTax": 6344000, "incomeBeforeTaxRatio": 0.1038450836, "incomeTaxExpense": 928000, "netIncome": 5416000, "netIncomeRatio": 0.08865463, "eps": 0.16, "epsdiluted": 0.15, "weightedAverageShsOut": 34326000, "weightedAverageShsOutDil": 35098000, "link": "https://www.sec.gov/Archives/edgar/data/1092699/000156459018017749/0001564590-18-017749-index.htm", "finalLink": "https://www.sec.gov/Archives/edgar/data/1092699/000156459018017749/spsc-10q_20180630.htm"}, {"date": "2018-03-31", "symbol": "SPSC", "reportedCurrency": "USD", "cik": "0001092699", "fillingDate": "2018-05-04", "acceptedDate": "2018-05-04 16:06:15", "calendarYear": "2018", "period": "Q1", "revenue": 59092000, "costOfRevenue": 19758000, "grossProfit": 39334000, "grossProfitRatio": 0.665640019, "researchAndDevelopmentExpenses": 5132000, "generalAndAdministrativeExpenses": 10130000, "sellingAndMarketingExpenses": 18647000, "sellingGeneralAndAdministrativeExpenses": 28777000, "otherExpenses": -154000, "operatingExpenses": 35034000, "costAndExpenses": 54792000, "interestIncome": 414000, "interestExpense": 0, "depreciationAndAmortization": 3208000, "ebitda": 7508000, "ebitdaratio": 0.1270561159, "operatingIncome": 4300000, "operatingIncomeRatio": 0.0727678874, "totalOtherIncomeExpensesNet": 260000, "incomeBeforeTax": 4560000, "incomeBeforeTaxRatio": 0.0771678061, "incomeTaxExpense": 1306000, "netIncome": 3254000, "netIncomeRatio": 0.0550666757, "eps": 0.0952, "epsdiluted": 0.094, "weightedAverageShsOut": 34186000, "weightedAverageShsOutDil": 34614000, "link": "https://www.sec.gov/Archives/edgar/data/1092699/000156459018010984/0001564590-18-010984-index.htm", "finalLink": "https://www.sec.gov/Archives/edgar/data/1092699/000156459018010984/spsc-10q_20180331.htm"}, {"date": "2017-12-31", "symbol": "SPSC", "reportedCurrency": "USD", "cik": "0001092699", "fillingDate": "2018-02-26", "acceptedDate": "2018-02-26 16:32:30", "calendarYear": "2017", "period": "Q4", "revenue": 58200000, "costOfRevenue": 19459000, "grossProfit": 38741000, "grossProfitRatio": 0.665652921, "researchAndDevelopmentExpenses": 6160000, "generalAndAdministrativeExpenses": 12752000, "sellingAndMarketingExpenses": 19236000, "sellingGeneralAndAdministrativeExpenses": 31988000, "otherExpenses": 36000, "operatingExpenses": 39262000, "costAndExpenses": 58721000, "interestIncome": 328000, "interestExpense": 0, "depreciationAndAmortization": 1114000, "ebitda": 2540000, "ebitdaratio": 0.0436426117, "operatingIncome": -521000, "operatingIncomeRatio": -0.00895189, "totalOtherIncomeExpensesNet": 364000, "incomeBeforeTax": -157000, "incomeBeforeTaxRatio": -0.0026975945, "incomeTaxExpense": 8944000, "netIncome": -9101000, "netIncomeRatio": -0.1563745704, "eps": -0.27, "epsdiluted": -0.26, "weightedAverageShsOut": 34314000, "weightedAverageShsOutDil": 34650000, "link": "https://www.sec.gov/Archives/edgar/data/1092699/000156459018003249/0001564590-18-003249-index.htm", "finalLink": "https://www.sec.gov/Archives/edgar/data/1092699/000156459018003249/spsc-10k_20171231.htm"}, {"date": "2017-09-30", "symbol": "SPSC", "reportedCurrency": "USD", "cik": "0001092699", "fillingDate": "2017-10-27", "acceptedDate": "2017-10-27 16:05:23", "calendarYear": "2017", "period": "Q3", "revenue": 56150000, "costOfRevenue": 18645000, "grossProfit": 37505000, "grossProfitRatio": 0.6679430098, "researchAndDevelopmentExpenses": 6549000, "generalAndAdministrativeExpenses": 8744000, "sellingAndMarketingExpenses": 18239000, "sellingGeneralAndAdministrativeExpenses": 26983000, "otherExpenses": -195000, "operatingExpenses": 34660000, "costAndExpenses": 53305000, "interestIncome": 272000, "interestExpense": 0, "depreciationAndAmortization": 2958000, "ebitda": 5803000, "ebitdaratio": 0.1033481745, "operatingIncome": 2845000, "operatingIncomeRatio": 0.050667854, "totalOtherIncomeExpensesNet": 77000, "incomeBeforeTax": 2922000, "incomeBeforeTaxRatio": 0.0520391808, "incomeTaxExpense": 1058000, "netIncome": 1864000, "netIncomeRatio": 0.0331967943, "eps": 0.0541, "epsdiluted": 0.0535, "weightedAverageShsOut": 34446000, "weightedAverageShsOutDil": 34820000, "link": "https://www.sec.gov/Archives/edgar/data/1092699/000156459017020287/0001564590-17-020287-index.htm", "finalLink": "https://www.sec.gov/Archives/edgar/data/1092699/000156459017020287/spsc-10q_20170930.htm"}, {"date": "2017-06-30", "symbol": "SPSC", "reportedCurrency": "USD", "cik": "0001092699", "fillingDate": "2017-07-28", "acceptedDate": "2017-07-28 16:05:28", "calendarYear": "2017", "period": "Q2", "revenue": 54284000, "costOfRevenue": 18191000, "grossProfit": 36093000, "grossProfitRatio": 0.6648920492, "researchAndDevelopmentExpenses": 5369000, "generalAndAdministrativeExpenses": 8139000, "sellingAndMarketingExpenses": 18741000, "sellingGeneralAndAdministrativeExpenses": 26880000, "otherExpenses": -102000, "operatingExpenses": 33366000, "costAndExpenses": 51557000, "interestIncome": 242000, "interestExpense": 0, "depreciationAndAmortization": 2857000, "ebitda": 5584000, "ebitdaratio": 0.1028664063, "operatingIncome": 2727000, "operatingIncomeRatio": 0.0502357969, "totalOtherIncomeExpensesNet": 140000, "incomeBeforeTax": 2867000, "incomeBeforeTaxRatio": 0.0528148257, "incomeTaxExpense": 1042000, "netIncome": 1825000, "netIncomeRatio": 0.0336194827, "eps": 0.0531, "epsdiluted": 0.0525, "weightedAverageShsOut": 34396000, "weightedAverageShsOutDil": 34756000, "link": "https://www.sec.gov/Archives/edgar/data/1092699/000119312517240456/0001193125-17-240456-index.htm", "finalLink": "https://www.sec.gov/Archives/edgar/data/1092699/000119312517240456/d415812d10q.htm"}, {"date": "2017-03-31", "symbol": "SPSC", "reportedCurrency": "USD", "cik": "0001092699", "fillingDate": "2017-04-28", "acceptedDate": "2017-04-28 16:06:57", "calendarYear": "2017", "period": "Q1", "revenue": 51932000, "costOfRevenue": 17330000, "grossProfit": 34602000, "grossProfitRatio": 0.666294385, "researchAndDevelopmentExpenses": 5105000, "generalAndAdministrativeExpenses": 7827000, "sellingAndMarketingExpenses": 17079000, "sellingGeneralAndAdministrativeExpenses": 24906000, "otherExpenses": -60000, "operatingExpenses": 31226000, "costAndExpenses": 48556000, "interestIncome": 191000, "interestExpense": 0, "depreciationAndAmortization": 2906000, "ebitda": 6282000, "ebitdaratio": 0.1209658785, "operatingIncome": 3376000, "operatingIncomeRatio": 0.0650080875, "totalOtherIncomeExpensesNet": 131000, "incomeBeforeTax": 3507000, "incomeBeforeTaxRatio": 0.067530617, "incomeTaxExpense": 536000, "netIncome": 2971000, "netIncomeRatio": 0.0572094277, "eps": 0.0866, "epsdiluted": 0.0854, "weightedAverageShsOut": 34308000, "weightedAverageShsOutDil": 34786000, "link": "https://www.sec.gov/Archives/edgar/data/1092699/000119312517148118/0001193125-17-148118-index.htm", "finalLink": "https://www.sec.gov/Archives/edgar/data/1092699/000119312517148118/d370860d10q.htm"}, {"date": "2016-12-31", "symbol": "SPSC", "reportedCurrency": "USD", "cik": "0001092699", "fillingDate": "2017-02-27", "acceptedDate": "2017-02-27 17:23:09", "calendarYear": "2016", "period": "Q4", "revenue": 51061000, "costOfRevenue": 17322000, "grossProfit": 33739000, "grossProfitRatio": 0.6607587004, "researchAndDevelopmentExpenses": 5796000, "generalAndAdministrativeExpenses": 7311000, "sellingAndMarketingExpenses": 16794000, "sellingGeneralAndAdministrativeExpenses": 24105000, "otherExpenses": -134000, "operatingExpenses": 31086000, "costAndExpenses": 48408000, "interestIncome": 193000, "interestExpense": 0, "depreciationAndAmortization": 1185000, "ebitda": 5553000, "ebitdaratio": 0.1087522767, "operatingIncome": 2653000, "operatingIncomeRatio": 0.0519574626, "totalOtherIncomeExpensesNet": 59000, "incomeBeforeTax": 2712000, "incomeBeforeTaxRatio": 0.0531129433, "incomeTaxExpense": 907000, "netIncome": 1805000, "netIncomeRatio": 0.0353498756, "eps": 0.0529, "epsdiluted": 0.052, "weightedAverageShsOut": 34100000, "weightedAverageShsOutDil": 34732000, "link": "https://www.sec.gov/Archives/edgar/data/1092699/000119312517059313/0001193125-17-059313-index.htm", "finalLink": "https://www.sec.gov/Archives/edgar/data/1092699/000119312517059313/d282145d10k.htm"}, {"date": "2016-09-30", "symbol": "SPSC", "reportedCurrency": "USD", "cik": "0001092699", "fillingDate": "2016-10-28", "acceptedDate": "2016-10-28 16:02:58", "calendarYear": "2016", "period": "Q3", "revenue": 49284000, "costOfRevenue": 16171000, "grossProfit": 33113000, "grossProfitRatio": 0.6718813408, "researchAndDevelopmentExpenses": 5574000, "generalAndAdministrativeExpenses": 7149000, "sellingAndMarketingExpenses": 16526000, "sellingGeneralAndAdministrativeExpenses": 23675000, "otherExpenses": 947000, "operatingExpenses": 30443000, "costAndExpenses": 46614000, "interestIncome": 112000, "interestExpense": 0, "depreciationAndAmortization": 2818000, "ebitda": 5488000, "ebitdaratio": 0.1113545978, "operatingIncome": 2670000, "operatingIncomeRatio": 0.0541757974, "totalOtherIncomeExpensesNet": 1059000, "incomeBeforeTax": 3729000, "incomeBeforeTaxRatio": 0.0756635013, "incomeTaxExpense": 1220000, "netIncome": 2509000, "netIncomeRatio": 0.0509090171, "eps": 0.0738, "epsdiluted": 0.0723, "weightedAverageShsOut": 34002000, "weightedAverageShsOutDil": 34682000, "link": "https://www.sec.gov/Archives/edgar/data/1092699/000119312516751569/0001193125-16-751569-index.htm", "finalLink": "https://www.sec.gov/Archives/edgar/data/1092699/000119312516751569/d243692d10q.htm"}, {"date": "2016-06-30", "symbol": "SPSC", "reportedCurrency": "USD", "cik": "0001092699", "fillingDate": "2016-07-29", "acceptedDate": "2016-07-29 16:20:53", "calendarYear": "2016", "period": "Q2", "revenue": 47351000, "costOfRevenue": 15972000, "grossProfit": 31379000, "grossProfitRatio": 0.6626892779, "researchAndDevelopmentExpenses": 5542000, "generalAndAdministrativeExpenses": 7082000, "sellingAndMarketingExpenses": 16677000, "sellingGeneralAndAdministrativeExpenses": 23759000, "otherExpenses": -374000, "operatingExpenses": 30499000, "costAndExpenses": 46471000, "interestIncome": 151000, "interestExpense": 0, "depreciationAndAmortization": 2831000, "ebitda": 3711000, "ebitdaratio": 0.0783721569, "operatingIncome": 880000, "operatingIncomeRatio": 0.0185846128, "totalOtherIncomeExpensesNet": -223000, "incomeBeforeTax": 657000, "incomeBeforeTaxRatio": 0.013875103, "incomeTaxExpense": 305000, "netIncome": 352000, "netIncomeRatio": 0.0074338451, "eps": 0.0104, "epsdiluted": 0.0103, "weightedAverageShsOut": 33818000, "weightedAverageShsOutDil": 34240000, "link": "https://www.sec.gov/Archives/edgar/data/1092699/000119312516664629/0001193125-16-664629-index.htm", "finalLink": "https://www.sec.gov/Archives/edgar/data/1092699/000119312516664629/d211310d10q.htm"}, {"date": "2016-03-31", "symbol": "SPSC", "reportedCurrency": "USD", "cik": "0001092699", "fillingDate": "2016-04-29", "acceptedDate": "2016-04-29 16:06:59", "calendarYear": "2016", "period": "Q1", "revenue": 45599000, "costOfRevenue": 14881000, "grossProfit": 30718000, "grossProfitRatio": 0.673655124, "researchAndDevelopmentExpenses": 5069000, "generalAndAdministrativeExpenses": 7285000, "sellingAndMarketingExpenses": 15889000, "sellingGeneralAndAdministrativeExpenses": 23174000, "otherExpenses": 293000, "operatingExpenses": 29404000, "costAndExpenses": 44285000, "interestIncome": 145000, "interestExpense": 0, "depreciationAndAmortization": 2787000, "ebitda": 4101000, "ebitdaratio": 0.0899361828, "operatingIncome": 1314000, "operatingIncomeRatio": 0.0288164214, "totalOtherIncomeExpensesNet": 438000, "incomeBeforeTax": 1752000, "incomeBeforeTaxRatio": 0.0384218952, "incomeTaxExpense": 708000, "netIncome": 1044000, "netIncomeRatio": 0.0228952389, "eps": 0.0311, "epsdiluted": 0.0307, "weightedAverageShsOut": 33566000, "weightedAverageShsOutDil": 34058000, "link": "https://www.sec.gov/Archives/edgar/data/1092699/000119312516569213/0001193125-16-569213-index.htm", "finalLink": "https://www.sec.gov/Archives/edgar/data/1092699/000119312516569213/d146613d10q.htm"}, {"date": "2015-12-31", "symbol": "SPSC", "reportedCurrency": "USD", "cik": "0001092699", "fillingDate": "2016-02-24", "acceptedDate": "2016-02-24 17:24:53", "calendarYear": "2015", "period": "Q4", "revenue": 42348000, "costOfRevenue": 13436000, "grossProfit": 28912000, "grossProfitRatio": 0.6827240956, "researchAndDevelopmentExpenses": 4896000, "generalAndAdministrativeExpenses": 6668000, "sellingAndMarketingExpenses": 13734000, "sellingGeneralAndAdministrativeExpenses": 20402000, "otherExpenses": 110000, "operatingExpenses": 26098000, "costAndExpenses": 39534000, "interestIncome": 74000, "interestExpense": 0, "depreciationAndAmortization": 2372000, "ebitda": 5186000, "ebitdaratio": 0.1224615094, "operatingIncome": 2814000, "operatingIncomeRatio": 0.0664494191, "totalOtherIncomeExpensesNet": 184000, "incomeBeforeTax": 2998000, "incomeBeforeTaxRatio": 0.0707943705, "incomeTaxExpense": 866000, "netIncome": 2132000, "netIncomeRatio": 0.0503447624, "eps": 0.0639, "epsdiluted": 0.0623, "weightedAverageShsOut": 33362000, "weightedAverageShsOutDil": 34220000, "link": "https://www.sec.gov/Archives/edgar/data/1092699/000119312516476036/0001193125-16-476036-index.htm", "finalLink": "https://www.sec.gov/Archives/edgar/data/1092699/000119312516476036/d105391d10k.htm"}, {"date": "2015-09-30", "symbol": "SPSC", "reportedCurrency": "USD", "cik": "0001092699", "fillingDate": "2015-10-30", "acceptedDate": "2015-10-30 16:07:20", "calendarYear": "2015", "period": "Q3", "revenue": 40354000, "costOfRevenue": 12700000, "grossProfit": 27654000, "grossProfitRatio": 0.6852852258, "researchAndDevelopmentExpenses": 4494000, "generalAndAdministrativeExpenses": 6276000, "sellingAndMarketingExpenses": 13795000, "sellingGeneralAndAdministrativeExpenses": 20071000, "otherExpenses": -86000, "operatingExpenses": 25394000, "costAndExpenses": 38094000, "interestIncome": 49000, "interestExpense": 0, "depreciationAndAmortization": 2413000, "ebitda": 4673000, "ebitdaratio": 0.1158001685, "operatingIncome": 2260000, "operatingIncomeRatio": 0.0560043614, "totalOtherIncomeExpensesNet": -37000, "incomeBeforeTax": 2223000, "incomeBeforeTaxRatio": 0.0550874758, "incomeTaxExpense": 953000, "netIncome": 1270000, "netIncomeRatio": 0.0314714774, "eps": 0.0382, "epsdiluted": 0.0372, "weightedAverageShsOut": 33210000, "weightedAverageShsOutDil": 34108000, "link": "https://www.sec.gov/Archives/edgar/data/1092699/000119312515360265/0001193125-15-360265-index.htm", "finalLink": "https://www.sec.gov/Archives/edgar/data/1092699/000119312515360265/d35426d10q.htm"}, {"date": "2015-06-30", "symbol": "SPSC", "reportedCurrency": "USD", "cik": "0001092699", "fillingDate": "2015-07-30", "acceptedDate": "2015-07-30 16:27:17", "calendarYear": "2015", "period": "Q2", "revenue": 38846000, "costOfRevenue": 12335000, "grossProfit": 26511000, "grossProfitRatio": 0.682464089, "researchAndDevelopmentExpenses": 4495000, "generalAndAdministrativeExpenses": 6055000, "sellingAndMarketingExpenses": 14101000, "sellingGeneralAndAdministrativeExpenses": 20156000, "otherExpenses": -57000, "operatingExpenses": 25484000, "costAndExpenses": 37819000, "interestIncome": 37000, "interestExpense": 0, "depreciationAndAmortization": 2401000, "ebitda": 3428000, "ebitdaratio": 0.088245894, "operatingIncome": 1027000, "operatingIncomeRatio": 0.0264377285, "totalOtherIncomeExpensesNet": -20000, "incomeBeforeTax": 1007000, "incomeBeforeTaxRatio": 0.0259228749, "incomeTaxExpense": 356000, "netIncome": 651000, "netIncomeRatio": 0.0167584822, "eps": 0.0197, "epsdiluted": 0.0191, "weightedAverageShsOut": 33072000, "weightedAverageShsOutDil": 33996000, "link": "https://www.sec.gov/Archives/edgar/data/1092699/000119312515270865/0001193125-15-270865-index.htm", "finalLink": "https://www.sec.gov/Archives/edgar/data/1092699/000119312515270865/d940796d10q.htm"}, {"date": "2015-03-31", "symbol": "SPSC", "reportedCurrency": "USD", "cik": "0001092699", "fillingDate": "2015-04-30", "acceptedDate": "2015-04-30 16:30:50", "calendarYear": "2015", "period": "Q1", "revenue": 36970000, "costOfRevenue": 11572000, "grossProfit": 25398000, "grossProfitRatio": 0.6869894509, "researchAndDevelopmentExpenses": 4069000, "generalAndAdministrativeExpenses": 5818000, "sellingAndMarketingExpenses": 13744000, "sellingGeneralAndAdministrativeExpenses": 19562000, "otherExpenses": -112000, "operatingExpenses": 24476000, "costAndExpenses": 36048000, "interestIncome": 37000, "interestExpense": 0, "depreciationAndAmortization": 2386000, "ebitda": 3308000, "ebitdaratio": 0.0894779551, "operatingIncome": 922000, "operatingIncomeRatio": 0.0249391398, "totalOtherIncomeExpensesNet": -75000, "incomeBeforeTax": 847000, "incomeBeforeTaxRatio": 0.0229104679, "incomeTaxExpense": 261000, "netIncome": 586000, "netIncomeRatio": 0.0158506897, "eps": 0.0178, "epsdiluted": 0.0172, "weightedAverageShsOut": 32866000, "weightedAverageShsOutDil": 34022000, "link": "https://www.sec.gov/Archives/edgar/data/1092699/000119312515162127/0001193125-15-162127-index.htm", "finalLink": "https://www.sec.gov/Archives/edgar/data/1092699/000119312515162127/d901903d10q.htm"}, {"date": "2014-12-31", "symbol": "SPSC", "reportedCurrency": "USD", "cik": "0001092699", "fillingDate": "2015-02-20", "acceptedDate": "2015-02-20 17:03:25", "calendarYear": "2014", "period": "Q4", "revenue": 35402000, "costOfRevenue": 11139000, "grossProfit": 24263000, "grossProfitRatio": 0.6853567595, "researchAndDevelopmentExpenses": 3817000, "generalAndAdministrativeExpenses": 5727000, "sellingAndMarketingExpenses": 12490000, "sellingGeneralAndAdministrativeExpenses": 18217000, "otherExpenses": -401000, "operatingExpenses": 22846000, "costAndExpenses": 33985000, "interestIncome": 36000, "interestExpense": 0, "depreciationAndAmortization": 2273000, "ebitda": 3690000, "ebitdaratio": 0.1042313994, "operatingIncome": 1417000, "operatingIncomeRatio": 0.0400259872, "totalOtherIncomeExpensesNet": -365000, "incomeBeforeTax": 1052000, "incomeBeforeTaxRatio": 0.0297158353, "incomeTaxExpense": 198000, "netIncome": 854000, "netIncomeRatio": 0.0241229309, "eps": 0.0262, "epsdiluted": 0.0253, "weightedAverageShsOut": 32646000, "weightedAverageShsOutDil": 33756000, "link": "https://www.sec.gov/Archives/edgar/data/1092699/000119312515056499/0001193125-15-056499-index.htm", "finalLink": "https://www.sec.gov/Archives/edgar/data/1092699/000119312515056499/d845442d10k.htm"}, {"date": "2014-09-30", "symbol": "SPSC", "reportedCurrency": "USD", "cik": "0001092699", "fillingDate": "2014-10-30", "acceptedDate": "2014-10-30 15:06:11", "calendarYear": "2014", "period": "Q3", "revenue": 32506000, "costOfRevenue": 9970000, "grossProfit": 22536000, "grossProfitRatio": 0.6932873931, "researchAndDevelopmentExpenses": 3338000, "generalAndAdministrativeExpenses": 5153000, "sellingAndMarketingExpenses": 12046000, "sellingGeneralAndAdministrativeExpenses": 17199000, "otherExpenses": -36000, "operatingExpenses": 21182000, "costAndExpenses": 31152000, "interestIncome": 52000, "interestExpense": 0, "depreciationAndAmortization": 2075000, "ebitda": 3429000, "ebitdaratio": 0.1054882176, "operatingIncome": 1354000, "operatingIncomeRatio": 0.0416538485, "totalOtherIncomeExpensesNet": 16000, "incomeBeforeTax": 1370000, "incomeBeforeTaxRatio": 0.0421460653, "incomeTaxExpense": 532000, "netIncome": 838000, "netIncomeRatio": 0.025779856, "eps": 0.0258, "epsdiluted": 0.025, "weightedAverageShsOut": 32508000, "weightedAverageShsOutDil": 33560000, "link": "https://www.sec.gov/Archives/edgar/data/1092699/000119312514389355/0001193125-14-389355-index.htm", "finalLink": "https://www.sec.gov/Archives/edgar/data/1092699/000119312514389355/d799824d10q.htm"}, {"date": "2014-06-30", "symbol": "SPSC", "reportedCurrency": "USD", "cik": "0001092699", "fillingDate": "2014-07-31", "acceptedDate": "2014-07-31 13:15:05", "calendarYear": "2014", "period": "Q2", "revenue": 31100000, "costOfRevenue": 9627000, "grossProfit": 21473000, "grossProfitRatio": 0.6904501608, "researchAndDevelopmentExpenses": 3365000, "generalAndAdministrativeExpenses": 4842000, "sellingAndMarketingExpenses": 11570000, "sellingGeneralAndAdministrativeExpenses": 16412000, "otherExpenses": 35000, "operatingExpenses": 20459000, "costAndExpenses": 30086000, "interestIncome": 50000, "interestExpense": 0, "depreciationAndAmortization": 2201000, "ebitda": 3215000, "ebitdaratio": 0.1033762058, "operatingIncome": 1014000, "operatingIncomeRatio": 0.0326045016, "totalOtherIncomeExpensesNet": 85000, "incomeBeforeTax": 1099000, "incomeBeforeTaxRatio": 0.0353376206, "incomeTaxExpense": 460000, "netIncome": 639000, "netIncomeRatio": 0.0205466238, "eps": 0.0197, "epsdiluted": 0.0191, "weightedAverageShsOut": 32420000, "weightedAverageShsOutDil": 33536000, "link": "https://www.sec.gov/Archives/edgar/data/1092699/000119312514288939/0001193125-14-288939-index.htm", "finalLink": "https://www.sec.gov/Archives/edgar/data/1092699/000119312514288939/d752233d10q.htm"}, {"date": "2014-03-31", "symbol": "SPSC", "reportedCurrency": "USD", "cik": "0001092699", "fillingDate": "2014-05-01", "acceptedDate": "2014-05-01 11:40:09", "calendarYear": "2014", "period": "Q1", "revenue": 28939000, "costOfRevenue": 9255000, "grossProfit": 19684000, "grossProfitRatio": 0.6801893638, "researchAndDevelopmentExpenses": 2974000, "generalAndAdministrativeExpenses": 4511000, "sellingAndMarketingExpenses": 10884000, "sellingGeneralAndAdministrativeExpenses": 15395000, "otherExpenses": -56000, "operatingExpenses": 19086000, "costAndExpenses": 28341000, "interestIncome": 49000, "interestExpense": 0, "depreciationAndAmortization": 2021000, "ebitda": 2619000, "ebitdaratio": 0.0905007084, "operatingIncome": 598000, "operatingIncomeRatio": 0.0206641556, "totalOtherIncomeExpensesNet": -7000, "incomeBeforeTax": 591000, "incomeBeforeTaxRatio": 0.0204222675, "incomeTaxExpense": 218000, "netIncome": 373000, "netIncomeRatio": 0.0128891807, "eps": 0.0115, "epsdiluted": 0.0111, "weightedAverageShsOut": 32310000, "weightedAverageShsOutDil": 33660000, "link": "https://www.sec.gov/Archives/edgar/data/1092699/000119312514175537/0001193125-14-175537-index.htm", "finalLink": "https://www.sec.gov/Archives/edgar/data/1092699/000119312514175537/d702293d10q.htm"}, {"date": "2013-12-31", "symbol": "SPSC", "reportedCurrency": "USD", "cik": "0001092699", "fillingDate": "2014-02-20", "acceptedDate": "2014-02-20 16:47:27", "calendarYear": "2013", "period": "Q4", "revenue": 27973000, "costOfRevenue": 8523000, "grossProfit": 19450000, "grossProfitRatio": 0.6953133379, "researchAndDevelopmentExpenses": 2904000, "generalAndAdministrativeExpenses": 4647000, "sellingAndMarketingExpenses": 10458000, "sellingGeneralAndAdministrativeExpenses": 15105000, "otherExpenses": -52000, "operatingExpenses": 18726000, "costAndExpenses": 27249000, "interestIncome": 36000, "interestExpense": 0, "depreciationAndAmortization": 2024000, "ebitda": -5319000, "ebitdaratio": -0.1901476424, "operatingIncome": 724000, "operatingIncomeRatio": 0.0258821006, "totalOtherIncomeExpensesNet": -16000, "incomeBeforeTax": 708000, "incomeBeforeTaxRatio": 0.0253101205, "incomeTaxExpense": 414000, "netIncome": 294000, "netIncomeRatio": 0.0105101348, "eps": 0.0094, "epsdiluted": 0.009, "weightedAverageShsOut": 31212000, "weightedAverageShsOutDil": 32752000, "link": "https://www.sec.gov/Archives/edgar/data/1092699/000119312514060842/0001193125-14-060842-index.htm", "finalLink": "https://www.sec.gov/Archives/edgar/data/1092699/000119312514060842/d656812d10k.htm"}, {"date": "2013-09-30", "symbol": "SPSC", "reportedCurrency": "USD", "cik": "0001092699", "fillingDate": "2013-10-30", "acceptedDate": "2013-10-30 16:21:16", "calendarYear": "2013", "period": "Q3", "revenue": 27008000, "costOfRevenue": 8249000, "grossProfit": 18759000, "grossProfitRatio": 0.6945719787, "researchAndDevelopmentExpenses": 2806000, "generalAndAdministrativeExpenses": 4284000, "sellingAndMarketingExpenses": 10291000, "sellingGeneralAndAdministrativeExpenses": 14575000, "otherExpenses": 37000, "operatingExpenses": 18388000, "costAndExpenses": 26637000, "interestIncome": 31000, "interestExpense": 0, "depreciationAndAmortization": 2240000, "ebitda": 2611000, "ebitdaratio": 0.0966750592, "operatingIncome": 371000, "operatingIncomeRatio": 0.0137366706, "totalOtherIncomeExpensesNet": 68000, "incomeBeforeTax": 439000, "incomeBeforeTaxRatio": 0.0162544431, "incomeTaxExpense": 169000, "netIncome": 270000, "netIncomeRatio": 0.0099970379, "eps": 0.0089, "epsdiluted": 0.0084, "weightedAverageShsOut": 30446000, "weightedAverageShsOutDil": 31972000, "link": "https://www.sec.gov/Archives/edgar/data/1092699/000119312513418604/0001193125-13-418604-index.htm", "finalLink": "https://www.sec.gov/Archives/edgar/data/1092699/000119312513418604/d602318d10q.htm"}, {"date": "2013-06-30", "symbol": "SPSC", "reportedCurrency": "USD", "cik": "0001092699", "fillingDate": "2013-08-01", "acceptedDate": "2013-08-01 17:02:18", "calendarYear": "2013", "period": "Q2", "revenue": 25658000, "costOfRevenue": 7943000, "grossProfit": 17715000, "grossProfitRatio": 0.6904279367, "researchAndDevelopmentExpenses": 2657000, "generalAndAdministrativeExpenses": 4211000, "sellingAndMarketingExpenses": 9647000, "sellingGeneralAndAdministrativeExpenses": 13858000, "otherExpenses": -48000, "operatingExpenses": 17232000, "costAndExpenses": 25175000, "interestIncome": 22000, "interestExpense": 0, "depreciationAndAmortization": 1899000, "ebitda": 2382000, "ebitdaratio": 0.0928365422, "operatingIncome": 483000, "operatingIncomeRatio": 0.0188245382, "totalOtherIncomeExpensesNet": -26000, "incomeBeforeTax": 457000, "incomeBeforeTaxRatio": 0.017811209, "incomeTaxExpense": 169000, "netIncome": 288000, "netIncomeRatio": 0.0112245693, "eps": 0.0096, "epsdiluted": 0.0091, "weightedAverageShsOut": 30152000, "weightedAverageShsOutDil": 31570000, "link": "https://www.sec.gov/Archives/edgar/data/1092699/000119312513315251/0001193125-13-315251-index.htm", "finalLink": "https://www.sec.gov/Archives/edgar/data/1092699/000119312513315251/d551371d10q.htm"}, {"date": "2013-03-31", "symbol": "SPSC", "reportedCurrency": "USD", "cik": "0001092699", "fillingDate": "2013-05-02", "acceptedDate": "2013-05-02 13:15:39", "calendarYear": "2013", "period": "Q1", "revenue": 23752000, "costOfRevenue": 7066000, "grossProfit": 16686000, "grossProfitRatio": 0.7025092624, "researchAndDevelopmentExpenses": 2503000, "generalAndAdministrativeExpenses": 4047000, "sellingAndMarketingExpenses": 9225000, "sellingGeneralAndAdministrativeExpenses": 13272000, "otherExpenses": -84000, "operatingExpenses": 16492000, "costAndExpenses": 23558000, "interestIncome": 23000, "interestExpense": 0, "depreciationAndAmortization": 1888000, "ebitda": 194000, "ebitdaratio": 0.0081677332, "operatingIncome": 194000, "operatingIncomeRatio": 0.0081677332, "totalOtherIncomeExpensesNet": -61000, "incomeBeforeTax": 133000, "incomeBeforeTaxRatio": 0.0055995285, "incomeTaxExpense": -66000, "netIncome": 199000, "netIncomeRatio": 0.0083782418, "eps": 0.0067, "epsdiluted": 0.0064, "weightedAverageShsOut": 29768000, "weightedAverageShsOutDil": 31128000, "link": "https://www.sec.gov/Archives/edgar/data/1092699/000119312513195392/0001193125-13-195392-index.htm", "finalLink": "https://www.sec.gov/Archives/edgar/data/1092699/000119312513195392/d508912d10q.htm"}, {"date": "2012-12-31", "symbol": "SPSC", "reportedCurrency": "USD", "cik": "0001092699", "fillingDate": "2013-03-06", "acceptedDate": "2013-03-06 16:15:17", "calendarYear": "2012", "period": "Q4", "revenue": 22484000, "costOfRevenue": 6804000, "grossProfit": 15680000, "grossProfitRatio": 0.697384807, "researchAndDevelopmentExpenses": 2516000, "generalAndAdministrativeExpenses": 3445000, "sellingAndMarketingExpenses": 8778000, "sellingGeneralAndAdministrativeExpenses": 12223000, "otherExpenses": -78000, "operatingExpenses": 15456000, "costAndExpenses": 22260000, "interestIncome": 12000, "interestExpense": 0, "depreciationAndAmortization": 1751000, "ebitda": 1909000, "ebitdaratio": 0.0849048212, "operatingIncome": 224000, "operatingIncomeRatio": 0.0099626401, "totalOtherIncomeExpensesNet": -66000, "incomeBeforeTax": 158000, "incomeBeforeTaxRatio": 0.0070272194, "incomeTaxExpense": -208000, "netIncome": 366000, "netIncomeRatio": 0.0162782423, "eps": 0.0124, "epsdiluted": 0.0118, "weightedAverageShsOut": 29438000, "weightedAverageShsOutDil": 31032000, "link": "https://www.sec.gov/Archives/edgar/data/1092699/000119312513093885/0001193125-13-093885-index.htm", "finalLink": "https://www.sec.gov/Archives/edgar/data/1092699/000119312513093885/d444255d10k.htm"}, {"date": "2012-09-30", "symbol": "SPSC", "reportedCurrency": "USD", "cik": "0001092699", "fillingDate": "2012-11-07", "acceptedDate": "2012-11-07 17:02:11", "calendarYear": "2012", "period": "Q3", "revenue": 20267000, "costOfRevenue": 5945000, "grossProfit": 14322000, "grossProfitRatio": 0.7066660088, "researchAndDevelopmentExpenses": 2088000, "generalAndAdministrativeExpenses": 3726000, "sellingAndMarketingExpenses": 7840000, "sellingGeneralAndAdministrativeExpenses": 11566000, "otherExpenses": 0, "operatingExpenses": 14184000, "costAndExpenses": 20129000, "interestIncome": 6000, "interestExpense": 27000, "depreciationAndAmortization": 1403000, "ebitda": 1480000, "ebitdaratio": 0.0730251147, "operatingIncome": 138000, "operatingIncomeRatio": 0.0068090985, "totalOtherIncomeExpensesNet": -88000, "incomeBeforeTax": 50000, "incomeBeforeTaxRatio": 0.0024670647, "incomeTaxExpense": -124000, "netIncome": 174000, "netIncomeRatio": 0.0085853851, "eps": 0.0067, "epsdiluted": 0.0063, "weightedAverageShsOut": 26084000, "weightedAverageShsOutDil": 27788000, "link": "https://www.sec.gov/Archives/edgar/data/1092699/000119312512457697/0001193125-12-457697-index.htm", "finalLink": "https://www.sec.gov/Archives/edgar/data/1092699/000119312512457697/d398783d10q.htm"}, {"date": "2012-06-30", "symbol": "SPSC", "reportedCurrency": "USD", "cik": "0001092699", "fillingDate": "2012-08-06", "acceptedDate": "2012-08-06 11:09:03", "calendarYear": "2012", "period": "Q2", "revenue": 17821000, "costOfRevenue": 4843000, "grossProfit": 12978000, "grossProfitRatio": 0.7282419617, "researchAndDevelopmentExpenses": 1830000, "generalAndAdministrativeExpenses": 3165000, "sellingAndMarketingExpenses": 6972000, "sellingGeneralAndAdministrativeExpenses": 10137000, "otherExpenses": 0, "operatingExpenses": 12227000, "costAndExpenses": 17070000, "interestIncome": 13000, "interestExpense": 0, "depreciationAndAmortization": 912000, "ebitda": 751000, "ebitdaratio": 0.042141294, "operatingIncome": 751000, "operatingIncomeRatio": 0.042141294, "totalOtherIncomeExpensesNet": -25000, "incomeBeforeTax": 726000, "incomeBeforeTaxRatio": 0.0407384546, "incomeTaxExpense": 300000, "netIncome": 426000, "netIncomeRatio": 0.0239043825, "eps": 0.0173, "epsdiluted": 0.0164, "weightedAverageShsOut": 24568000, "weightedAverageShsOutDil": 26052000, "link": "https://www.sec.gov/Archives/edgar/data/1092699/000119312512336731/0001193125-12-336731-index.htm", "finalLink": "https://www.sec.gov/Archives/edgar/data/1092699/000119312512336731/d362008d10q.htm"}, {"date": "2012-03-31", "symbol": "SPSC", "reportedCurrency": "USD", "cik": "0001092699", "fillingDate": "2012-05-08", "acceptedDate": "2012-05-08 14:44:47", "calendarYear": "2012", "period": "Q1", "revenue": 16534000, "costOfRevenue": 4448000, "grossProfit": 12086000, "grossProfitRatio": 0.7309785896, "researchAndDevelopmentExpenses": 1732000, "generalAndAdministrativeExpenses": 3188000, "sellingAndMarketingExpenses": 6447000, "sellingGeneralAndAdministrativeExpenses": 9635000, "otherExpenses": 0, "operatingExpenses": 11627000, "costAndExpenses": 16075000, "interestIncome": 15000, "interestExpense": 0, "depreciationAndAmortization": 852000, "ebitda": 459000, "ebitdaratio": 0.0277609774, "operatingIncome": 459000, "operatingIncomeRatio": 0.0277609774, "totalOtherIncomeExpensesNet": -50000, "incomeBeforeTax": 409000, "incomeBeforeTaxRatio": 0.0247369058, "incomeTaxExpense": 153000, "netIncome": 256000, "netIncomeRatio": 0.0154832466, "eps": 0.0105, "epsdiluted": 0.0097, "weightedAverageShsOut": 24326000, "weightedAverageShsOutDil": 26370000, "link": "https://www.sec.gov/Archives/edgar/data/1092699/000119312512218022/0001193125-12-218022-index.htm", "finalLink": "https://www.sec.gov/Archives/edgar/data/1092699/000119312512218022/d343890d10q.htm"}, {"date": "2011-12-31", "symbol": "SPSC", "reportedCurrency": "USD", "cik": "0001092699", "fillingDate": "2012-03-09", "acceptedDate": "2012-03-09 14:01:07", "calendarYear": "2011", "period": "Q4", "revenue": 15854000, "costOfRevenue": 4219000, "grossProfit": 11635000, "grossProfitRatio": 0.7338841933, "researchAndDevelopmentExpenses": 1579000, "generalAndAdministrativeExpenses": 2943000, "sellingAndMarketingExpenses": 6454000, "sellingGeneralAndAdministrativeExpenses": 9397000, "otherExpenses": 260000, "operatingExpenses": 11236000, "costAndExpenses": 15455000, "interestIncome": 15000, "interestExpense": 0, "depreciationAndAmortization": 828000, "ebitda": -1483000, "ebitdaratio": -0.0935410622, "operatingIncome": 399000, "operatingIncomeRatio": 0.0251671502, "totalOtherIncomeExpensesNet": -63000, "incomeBeforeTax": 336000, "incomeBeforeTaxRatio": 0.0211933897, "incomeTaxExpense": -12807000, "netIncome": 13143000, "netIncomeRatio": 0.8290021446, "eps": 0.54, "epsdiluted": 0.51, "weightedAverageShsOut": 24172000, "weightedAverageShsOutDil": 25842000, "link": "https://www.sec.gov/Archives/edgar/data/1092699/000119312512106386/0001193125-12-106386-index.htm", "finalLink": "https://www.sec.gov/Archives/edgar/data/1092699/000119312512106386/d282764d10k.htm"}, {"date": "2011-09-30", "symbol": "SPSC", "reportedCurrency": "USD", "cik": "0001092699", "fillingDate": "2011-11-07", "acceptedDate": "2011-11-07 15:38:39", "calendarYear": "2011", "period": "Q3", "revenue": 15529000, "costOfRevenue": 4076000, "grossProfit": 11453000, "grossProfitRatio": 0.7375233434, "researchAndDevelopmentExpenses": 1605000, "generalAndAdministrativeExpenses": 2914000, "sellingAndMarketingExpenses": 6404000, "sellingGeneralAndAdministrativeExpenses": 9318000, "otherExpenses": 0, "operatingExpenses": 11183000, "costAndExpenses": 15259000, "interestIncome": 16000, "interestExpense": 0, "depreciationAndAmortization": 801000, "ebitda": 1059000, "ebitdaratio": 0.06819499, "operatingIncome": 270000, "operatingIncomeRatio": 0.0173868247, "totalOtherIncomeExpensesNet": -12000, "incomeBeforeTax": 258000, "incomeBeforeTaxRatio": 0.0166140769, "incomeTaxExpense": 81000, "netIncome": 177000, "netIncomeRatio": 0.0113980295, "eps": 0.0074, "epsdiluted": 0.0069, "weightedAverageShsOut": 23940000, "weightedAverageShsOutDil": 25470000, "link": "https://www.sec.gov/Archives/edgar/data/1092699/000119312511299683/0001193125-11-299683-index.htm", "finalLink": "https://www.sec.gov/Archives/edgar/data/1092699/000119312511299683/d249908d10q.htm"}, {"date": "2011-06-30", "symbol": "SPSC", "reportedCurrency": "USD", "cik": "0001092699", "fillingDate": "2011-08-08", "acceptedDate": "2011-08-08 16:16:41", "calendarYear": "2011", "period": "Q2", "revenue": 13937000, "costOfRevenue": 3750000, "grossProfit": 10187000, "grossProfitRatio": 0.7309320514, "researchAndDevelopmentExpenses": 1414000, "generalAndAdministrativeExpenses": 2839000, "sellingAndMarketingExpenses": 5852000, "sellingGeneralAndAdministrativeExpenses": 8691000, "otherExpenses": 0, "operatingExpenses": 10228000, "costAndExpenses": 13978000, "interestIncome": 26000, "interestExpense": 0, "depreciationAndAmortization": 123000, "ebitda": 108000, "ebitdaratio": 0.0077491569, "operatingIncome": -41000, "operatingIncomeRatio": -0.0029418096, "totalOtherIncomeExpensesNet": 10000, "incomeBeforeTax": -31000, "incomeBeforeTaxRatio": -0.002224295, "incomeTaxExpense": 78000, "netIncome": -109000, "netIncomeRatio": -0.0078209084, "eps": -0.0046, "epsdiluted": -0.0046, "weightedAverageShsOut": 23838000, "weightedAverageShsOutDil": 23838000, "link": "https://www.sec.gov/Archives/edgar/data/1092699/000095012311074437/0000950123-11-074437-index.htm", "finalLink": "https://www.sec.gov/Archives/edgar/data/1092699/000095012311074437/c64651e10vq.htm"}, {"date": "2011-03-31", "symbol": "SPSC", "reportedCurrency": "USD", "cik": "0001092699", "fillingDate": "2011-05-05", "acceptedDate": "2011-05-05 17:08:39", "calendarYear": "2011", "period": "Q1", "revenue": 12649000, "costOfRevenue": 3321000, "grossProfit": 9328000, "grossProfitRatio": 0.7374496008, "researchAndDevelopmentExpenses": 1240000, "generalAndAdministrativeExpenses": 2455000, "sellingAndMarketingExpenses": 5126000, "sellingGeneralAndAdministrativeExpenses": 7581000, "otherExpenses": 0, "operatingExpenses": 8821000, "costAndExpenses": 12142000, "interestIncome": 32000, "interestExpense": 0, "depreciationAndAmortization": 422000, "ebitda": 507000, "ebitdaratio": 0.0400822199, "operatingIncome": 507000, "operatingIncomeRatio": 0.0400822199, "totalOtherIncomeExpensesNet": 14000, "incomeBeforeTax": 521000, "incomeBeforeTaxRatio": 0.0411890268, "incomeTaxExpense": 29000, "netIncome": 492000, "netIncomeRatio": 0.0388963554, "eps": 0.0207, "epsdiluted": 0.0194, "weightedAverageShsOut": 23728000, "weightedAverageShsOutDil": 25396000, "link": "https://www.sec.gov/Archives/edgar/data/1092699/000095012311045749/0000950123-11-045749-index.htm", "finalLink": "https://www.sec.gov/Archives/edgar/data/1092699/000095012311045749/c63805e10vq.htm"}, {"date": "2010-12-31", "symbol": "SPSC", "reportedCurrency": "USD", "cik": "0001092699", "fillingDate": "2011-03-03", "acceptedDate": "2011-03-03 16:49:20", "calendarYear": "2010", "period": "Q4", "revenue": 11919000, "costOfRevenue": 3333000, "grossProfit": 8586000, "grossProfitRatio": 0.7203624465, "researchAndDevelopmentExpenses": 1131000, "generalAndAdministrativeExpenses": 2180000, "sellingAndMarketingExpenses": 4833000, "sellingGeneralAndAdministrativeExpenses": 7013000, "otherExpenses": 0, "operatingExpenses": 8144000, "costAndExpenses": 11477000, "interestIncome": 54000, "interestExpense": 8000, "depreciationAndAmortization": 385000, "ebitda": 830000, "ebitdaratio": 0.0696367145, "operatingIncome": 442000, "operatingIncomeRatio": 0.037083648, "totalOtherIncomeExpensesNet": -5000, "incomeBeforeTax": 437000, "incomeBeforeTaxRatio": 0.0366641497, "incomeTaxExpense": -4000, "netIncome": 441000, "netIncomeRatio": 0.0369997483, "eps": 0.0188, "epsdiluted": 0.0176, "weightedAverageShsOut": 23512000, "weightedAverageShsOutDil": 25118000, "link": "https://www.sec.gov/Archives/edgar/data/1092699/000095012311021730/0000950123-11-021730-index.htm", "finalLink": "https://www.sec.gov/Archives/edgar/data/1092699/000095012311021730/c62861e10vk.htm"}, {"date": "2010-09-30", "symbol": "SPSC", "reportedCurrency": "USD", "cik": "0001092699", "fillingDate": "2010-11-04", "acceptedDate": "2010-11-04 13:41:56", "calendarYear": "2010", "period": "Q3", "revenue": 11491000, "costOfRevenue": 3211000, "grossProfit": 8280000, "grossProfitRatio": 0.7205639196, "researchAndDevelopmentExpenses": 1108000, "generalAndAdministrativeExpenses": 2165000, "sellingAndMarketingExpenses": 4139000, "sellingGeneralAndAdministrativeExpenses": 6304000, "otherExpenses": 0, "operatingExpenses": 7412000, "costAndExpenses": 10623000, "interestIncome": 104000, "interestExpense": 8000, "depreciationAndAmortization": 403000, "ebitda": 1290000, "ebitdaratio": 0.1122617701, "operatingIncome": 868000, "operatingIncomeRatio": 0.0755373771, "totalOtherIncomeExpensesNet": 11000, "incomeBeforeTax": 879000, "incomeBeforeTaxRatio": 0.076494648, "incomeTaxExpense": -7000, "netIncome": 886000, "netIncomeRatio": 0.0771038204, "eps": 0.0381, "epsdiluted": 0.0357, "weightedAverageShsOut": 23240000, "weightedAverageShsOutDil": 24826000, "link": "https://www.sec.gov/Archives/edgar/data/1092699/000095012310100757/0000950123-10-100757-index.htm", "finalLink": "https://www.sec.gov/Archives/edgar/data/1092699/000095012310100757/c61113e10vq.htm"}]