[{"date": "2025-06-30", "symbol": "NBIX", "reportedCurrency": "USD", "cik": "0000914475", "fillingDate": "2025-07-30", "acceptedDate": "2025-07-30 16:04:04", "calendarYear": "2025", "period": "Q2", "revenue": 687500000, "costOfRevenue": 11300000, "grossProfit": 676200000, "grossProfitRatio": 0.9835636364, "researchAndDevelopmentExpenses": 244300000, "generalAndAdministrativeExpenses": 0, "sellingAndMarketingExpenses": 0, "sellingGeneralAndAdministrativeExpenses": 286300000, "otherExpenses": 0, "operatingExpenses": 530600000, "costAndExpenses": 541900000, "interestIncome": 20600000, "interestExpense": 0, "depreciationAndAmortization": 7300000, "ebitda": 166800000, "ebitdaratio": 0.2426181818, "operatingIncome": 145600000, "operatingIncomeRatio": 0.2117818182, "totalOtherIncomeExpensesNet": 13900000, "incomeBeforeTax": 159500000, "incomeBeforeTaxRatio": 0.232, "incomeTaxExpense": 52000000, "netIncome": 107500000, "netIncomeRatio": 0.1563636364, "eps": 1.0859, "epsdiluted": 1.0644, "weightedAverageShsOut": 99000000, "weightedAverageShsOutDil": 101000000, "link": "https://www.sec.gov/Archives/edgar/data/914475/000091447525000158/0000914475-25-000158-index.htm", "finalLink": "https://www.sec.gov/Archives/edgar/data/914475/000091447525000158/nbix-20250630.htm"}, {"date": "2025-03-31", "symbol": "NBIX", "reportedCurrency": "USD", "cik": "0000914475", "fillingDate": "2025-05-05", "acceptedDate": "2025-05-05 16:03:52", "calendarYear": "2025", "period": "Q1", "revenue": 572600000, "costOfRevenue": 9200000, "grossProfit": 563400000, "grossProfitRatio": 0.9839329375, "researchAndDevelopmentExpenses": 263200000, "generalAndAdministrativeExpenses": 0, "sellingAndMarketingExpenses": 0, "sellingGeneralAndAdministrativeExpenses": 276500000, "otherExpenses": 100000, "operatingExpenses": 539800000, "costAndExpenses": 549000000, "interestIncome": 0, "interestExpense": 0, "depreciationAndAmortization": 7600000, "ebitda": 31300000, "ebitdaratio": 0.054662941, "operatingIncome": 23600000, "operatingIncomeRatio": 0.0412155082, "totalOtherIncomeExpensesNet": -8900000, "incomeBeforeTax": 14700000, "incomeBeforeTaxRatio": 0.0256723716, "incomeTaxExpense": 6800000, "netIncome": 7900000, "netIncomeRatio": 0.0137967167, "eps": 0.08, "epsdiluted": 0.08, "weightedAverageShsOut": 99700000, "weightedAverageShsOutDil": 102500000, "link": "https://www.sec.gov/Archives/edgar/data/914475/000091447525000100/0000914475-25-000100-index.htm", "finalLink": "https://www.sec.gov/Archives/edgar/data/914475/000091447525000100/nbix-20250331.htm"}, {"date": "2024-12-31", "symbol": "NBIX", "reportedCurrency": "USD", "cik": "0000914475", "fillingDate": "2025-02-10", "acceptedDate": "2025-02-10 16:51:08", "calendarYear": "2024", "period": "Q4", "revenue": 627700000, "costOfRevenue": 9300000, "grossProfit": 618400000, "grossProfitRatio": 0.9851840051, "researchAndDevelopmentExpenses": 185600000, "generalAndAdministrativeExpenses": 0, "sellingAndMarketingExpenses": 0, "sellingGeneralAndAdministrativeExpenses": 287800000, "otherExpenses": 3000000, "operatingExpenses": 476400000, "costAndExpenses": 494200000, "interestIncome": 0, "interestExpense": 0, "depreciationAndAmortization": 7100000, "ebitda": 169700000, "ebitdaratio": 0.270352079, "operatingIncome": 142000000, "operatingIncomeRatio": 0.2262227179, "totalOtherIncomeExpensesNet": 20600000, "incomeBeforeTax": 162600000, "incomeBeforeTaxRatio": 0.2590409431, "incomeTaxExpense": 59500000, "netIncome": 103100000, "netIncomeRatio": 0.1642504381, "eps": 1.03, "epsdiluted": 1, "weightedAverageShsOut": 100000000, "weightedAverageShsOutDil": 102900000, "link": "https://www.sec.gov/Archives/edgar/data/914475/000091447525000037/0000914475-25-000037-index.htm", "finalLink": "https://www.sec.gov/Archives/edgar/data/914475/000091447525000037/nbix-20241231.htm"}, {"date": "2024-09-30", "symbol": "NBIX", "reportedCurrency": "USD", "cik": "0000914475", "fillingDate": "2024-10-30", "acceptedDate": "2024-10-30 07:04:11", "calendarYear": "2024", "period": "Q3", "revenue": 622100000, "costOfRevenue": 8000000, "grossProfit": 614100000, "grossProfitRatio": 0.9871403311, "researchAndDevelopmentExpenses": 195000000, "generalAndAdministrativeExpenses": 0, "sellingAndMarketingExpenses": 0, "sellingGeneralAndAdministrativeExpenses": 234300000, "otherExpenses": 1000000, "operatingExpenses": 430300000, "costAndExpenses": 438300000, "interestIncome": 0, "interestExpense": 0, "depreciationAndAmortization": 6500000, "ebitda": 191300000, "ebitdaratio": 0.3075068317, "operatingIncome": 183800000, "operatingIncomeRatio": 0.2954508921, "totalOtherIncomeExpensesNet": 6500000, "incomeBeforeTax": 190300000, "incomeBeforeTaxRatio": 0.3058993731, "incomeTaxExpense": 60500000, "netIncome": 129800000, "netIncomeRatio": 0.2086481273, "eps": 1.28, "epsdiluted": 1.24, "weightedAverageShsOut": 101100000, "weightedAverageShsOutDil": 104300000, "link": "https://www.sec.gov/Archives/edgar/data/914475/000091447524000211/0000914475-24-000211-index.htm", "finalLink": "https://www.sec.gov/Archives/edgar/data/914475/000091447524000211/nbix-20240930.htm"}, {"date": "2024-06-30", "symbol": "NBIX", "reportedCurrency": "USD", "cik": "0000914475", "fillingDate": "2024-08-01", "acceptedDate": "2024-08-01 07:04:01", "calendarYear": "2024", "period": "Q2", "revenue": 590200000, "costOfRevenue": 15600000, "grossProfit": 574600000, "grossProfitRatio": 0.9735682819, "researchAndDevelopmentExpenses": 184700000, "generalAndAdministrativeExpenses": 0, "sellingAndMarketingExpenses": 0, "sellingGeneralAndAdministrativeExpenses": 242000000, "otherExpenses": 2500000, "operatingExpenses": 426700000, "costAndExpenses": 442300000, "interestIncome": 0, "interestExpense": 49700000, "depreciationAndAmortization": 7300000, "ebitda": 155200000, "ebitdaratio": 0.2629617079, "operatingIncome": 147900000, "operatingIncomeRatio": 0.2505930193, "totalOtherIncomeExpensesNet": -46800000, "incomeBeforeTax": 98600000, "incomeBeforeTaxRatio": 0.1670620129, "incomeTaxExpense": 33600000, "netIncome": 65000000, "netIncomeRatio": 0.1101321586, "eps": 0.64, "epsdiluted": 0.63, "weightedAverageShsOut": 100800000, "weightedAverageShsOutDil": 103900000, "link": "https://www.sec.gov/Archives/edgar/data/914475/000091447524000181/0000914475-24-000181-index.htm", "finalLink": "https://www.sec.gov/Archives/edgar/data/914475/000091447524000181/nbix-20240630.htm"}, {"date": "2024-03-31", "symbol": "NBIX", "reportedCurrency": "USD", "cik": "0000914475", "fillingDate": "2024-05-01", "acceptedDate": "2024-05-01 07:03:13", "calendarYear": "2024", "period": "Q1", "revenue": 515300000, "costOfRevenue": 12800000, "grossProfit": 502500000, "grossProfitRatio": 0.9751601009, "researchAndDevelopmentExpenses": 154100000, "generalAndAdministrativeExpenses": 0, "sellingAndMarketingExpenses": 0, "sellingGeneralAndAdministrativeExpenses": 243100000, "otherExpenses": 0, "operatingExpenses": 397200000, "costAndExpenses": 410000000, "interestIncome": 0, "interestExpense": 1100000, "depreciationAndAmortization": 6200000, "ebitda": 111500000, "ebitdaratio": 0.2163788085, "operatingIncome": 105300000, "operatingIncomeRatio": 0.2043469823, "totalOtherIncomeExpensesNet": -64800000, "incomeBeforeTax": 34500000, "incomeBeforeTaxRatio": 0.0669512905, "incomeTaxExpense": -8900000, "netIncome": 43400000, "netIncomeRatio": 0.0842227828, "eps": 0.43, "epsdiluted": 0.42, "weightedAverageShsOut": 99800000, "weightedAverageShsOutDil": 103600000, "link": "https://www.sec.gov/Archives/edgar/data/914475/000091447524000117/0000914475-24-000117-index.htm", "finalLink": "https://www.sec.gov/Archives/edgar/data/914475/000091447524000117/nbix-20240331.htm"}, {"date": "2023-12-31", "symbol": "NBIX", "reportedCurrency": "USD", "cik": "0000914475", "fillingDate": "2024-02-09", "acceptedDate": "2024-02-09 17:29:13", "calendarYear": "2023", "period": "Q4", "revenue": 515200000, "costOfRevenue": 8500000, "grossProfit": 506700000, "grossProfitRatio": 0.9835015528, "researchAndDevelopmentExpenses": 137500000, "generalAndAdministrativeExpenses": 0, "sellingAndMarketingExpenses": 0, "sellingGeneralAndAdministrativeExpenses": 218900000, "otherExpenses": 0, "operatingExpenses": 356400000, "costAndExpenses": 364900000, "interestIncome": 0, "interestExpense": 1100000, "depreciationAndAmortization": 5700000, "ebitda": 156000000, "ebitdaratio": 0.3027950311, "operatingIncome": 150300000, "operatingIncomeRatio": 0.2917313665, "totalOtherIncomeExpensesNet": 47900000, "incomeBeforeTax": 198200000, "incomeBeforeTaxRatio": 0.3847049689, "incomeTaxExpense": 50500000, "netIncome": 147700000, "netIncomeRatio": 0.2866847826, "eps": 1.5, "epsdiluted": 1.44, "weightedAverageShsOut": 98400000, "weightedAverageShsOutDil": 102300000, "link": "https://www.sec.gov/Archives/edgar/data/914475/000091447524000054/0000914475-24-000054-index.htm", "finalLink": "https://www.sec.gov/Archives/edgar/data/914475/000091447524000054/nbix-20231231.htm"}, {"date": "2023-09-30", "symbol": "NBIX", "reportedCurrency": "USD", "cik": "0000914475", "fillingDate": "2023-10-31", "acceptedDate": "2023-10-31 07:02:45", "calendarYear": "2023", "period": "Q3", "revenue": 498800000, "costOfRevenue": 11200000, "grossProfit": 487600000, "grossProfitRatio": 0.9775461107, "researchAndDevelopmentExpenses": 142200000, "generalAndAdministrativeExpenses": 0, "sellingAndMarketingExpenses": 0, "sellingGeneralAndAdministrativeExpenses": 204200000, "otherExpenses": 0, "operatingExpenses": 346400000, "costAndExpenses": 357600000, "interestIncome": 0, "interestExpense": 1100000, "depreciationAndAmortization": 5500000, "ebitda": 146700000, "ebitdaratio": 0.294105854, "operatingIncome": 141200000, "operatingIncomeRatio": 0.2830793905, "totalOtherIncomeExpensesNet": -25600000, "incomeBeforeTax": 115600000, "incomeBeforeTaxRatio": 0.2317562149, "incomeTaxExpense": 32500000, "netIncome": 83100000, "netIncomeRatio": 0.1665998396, "eps": 0.85, "epsdiluted": 0.82, "weightedAverageShsOut": 97900000, "weightedAverageShsOutDil": 101100000, "link": "https://www.sec.gov/Archives/edgar/data/914475/000091447523000073/0000914475-23-000073-index.htm", "finalLink": "https://www.sec.gov/Archives/edgar/data/914475/000091447523000073/nbix-20230930.htm"}, {"date": "2023-06-30", "symbol": "NBIX", "reportedCurrency": "USD", "cik": "0000914475", "fillingDate": "2023-08-01", "acceptedDate": "2023-08-01 07:03:07", "calendarYear": "2023", "period": "Q2", "revenue": 452700000, "costOfRevenue": 11500000, "grossProfit": 441200000, "grossProfitRatio": 0.9745968633, "researchAndDevelopmentExpenses": 145800000, "generalAndAdministrativeExpenses": 0, "sellingAndMarketingExpenses": 0, "sellingGeneralAndAdministrativeExpenses": 221800000, "otherExpenses": 0, "operatingExpenses": 367600000, "costAndExpenses": 379100000, "interestIncome": 12000000, "interestExpense": 1300000, "depreciationAndAmortization": 5100000, "ebitda": 78700000, "ebitdaratio": 0.173845814, "operatingIncome": 73600000, "operatingIncomeRatio": 0.1625800751, "totalOtherIncomeExpensesNet": 48000000, "incomeBeforeTax": 121600000, "incomeBeforeTaxRatio": 0.2686105589, "incomeTaxExpense": 26100000, "netIncome": 95500000, "netIncomeRatio": 0.2109564833, "eps": 0.98, "epsdiluted": 0.95, "weightedAverageShsOut": 97600000, "weightedAverageShsOutDil": 100200000, "link": "https://www.sec.gov/Archives/edgar/data/914475/000091447523000057/0000914475-23-000057-index.htm", "finalLink": "https://www.sec.gov/Archives/edgar/data/914475/000091447523000057/nbix-20230630.htm"}, {"date": "2023-03-31", "symbol": "NBIX", "reportedCurrency": "USD", "cik": "0000914475", "fillingDate": "2023-05-03", "acceptedDate": "2023-05-03 07:34:21", "calendarYear": "2023", "period": "Q1", "revenue": 420400000, "costOfRevenue": 8500000, "grossProfit": 411900000, "grossProfitRatio": 0.9797811608, "researchAndDevelopmentExpenses": 139500000, "generalAndAdministrativeExpenses": 0, "sellingAndMarketingExpenses": 0, "sellingGeneralAndAdministrativeExpenses": 242700000, "otherExpenses": 0, "operatingExpenses": 382200000, "costAndExpenses": 390700000, "interestIncome": 0, "interestExpense": 1100000, "depreciationAndAmortization": 5000000, "ebitda": -97200000, "ebitdaratio": -0.231208373, "operatingIncome": -114200000, "operatingIncomeRatio": -0.2716460514, "totalOtherIncomeExpensesNet": 10900000, "incomeBeforeTax": -103300000, "incomeBeforeTaxRatio": -0.2457183635, "incomeTaxExpense": -26700000, "netIncome": -76600000, "netIncomeRatio": -0.1822074215, "eps": -0.79, "epsdiluted": -0.79, "weightedAverageShsOut": 97100000, "weightedAverageShsOutDil": 97100000, "link": "https://www.sec.gov/Archives/edgar/data/914475/000091447523000044/0000914475-23-000044-index.htm", "finalLink": "https://www.sec.gov/Archives/edgar/data/914475/000091447523000044/nbix-20230331.htm"}, {"date": "2022-12-31", "symbol": "NBIX", "reportedCurrency": "USD", "cik": "0000914475", "fillingDate": "2023-02-09", "acceptedDate": "2023-02-09 16:02:45", "calendarYear": "2022", "period": "Q4", "revenue": 412000000, "costOfRevenue": 7700000, "grossProfit": 404300000, "grossProfitRatio": 0.9813106796, "researchAndDevelopmentExpenses": 118000000, "generalAndAdministrativeExpenses": 0, "sellingAndMarketingExpenses": 0, "sellingGeneralAndAdministrativeExpenses": 182900000, "otherExpenses": 0, "operatingExpenses": 300900000, "costAndExpenses": 308600000, "interestIncome": 0, "interestExpense": 1100000, "depreciationAndAmortization": 4400000, "ebitda": 107800000, "ebitdaratio": 0.2616504854, "operatingIncome": 103400000, "operatingIncomeRatio": 0.2509708738, "totalOtherIncomeExpensesNet": 14500000, "incomeBeforeTax": 117900000, "incomeBeforeTaxRatio": 0.2861650485, "incomeTaxExpense": 28900000, "netIncome": 89000000, "netIncomeRatio": 0.2160194175, "eps": 0.92, "epsdiluted": 0.88, "weightedAverageShsOut": 96300000, "weightedAverageShsOutDil": 100800000, "link": "https://www.sec.gov/Archives/edgar/data/914475/000091447523000011/0000914475-23-000011-index.htm", "finalLink": "https://www.sec.gov/Archives/edgar/data/914475/000091447523000011/nbix-20221231.htm"}, {"date": "2022-09-30", "symbol": "NBIX", "reportedCurrency": "USD", "cik": "0000914475", "fillingDate": "2022-11-01", "acceptedDate": "2022-11-01 16:10:37", "calendarYear": "2022", "period": "Q3", "revenue": 387900000, "costOfRevenue": 6100000, "grossProfit": 381800000, "grossProfitRatio": 0.9842742975, "researchAndDevelopmentExpenses": 107700000, "generalAndAdministrativeExpenses": 0, "sellingAndMarketingExpenses": 0, "sellingGeneralAndAdministrativeExpenses": 186300000, "otherExpenses": 0, "operatingExpenses": 294000000, "costAndExpenses": 300100000, "interestIncome": 0, "interestExpense": 1200000, "depreciationAndAmortization": 4000000, "ebitda": 91800000, "ebitdaratio": 0.2366589327, "operatingIncome": 87800000, "operatingIncomeRatio": 0.2263469966, "totalOtherIncomeExpensesNet": 10100000, "incomeBeforeTax": 97900000, "incomeBeforeTaxRatio": 0.2523846352, "incomeTaxExpense": 29400000, "netIncome": 68500000, "netIncomeRatio": 0.1765919051, "eps": 0.72, "epsdiluted": 0.69, "weightedAverageShsOut": 95800000, "weightedAverageShsOutDil": 99000000, "link": "https://www.sec.gov/Archives/edgar/data/914475/000091447522000058/0000914475-22-000058-index.htm", "finalLink": "https://www.sec.gov/Archives/edgar/data/914475/000091447522000058/nbix-20220930.htm"}, {"date": "2022-06-30", "symbol": "NBIX", "reportedCurrency": "USD", "cik": "0000914475", "fillingDate": "2022-08-04", "acceptedDate": "2022-08-04 16:08:00", "calendarYear": "2022", "period": "Q2", "revenue": 378200000, "costOfRevenue": 4800000, "grossProfit": 373400000, "grossProfitRatio": 0.9873083025, "researchAndDevelopmentExpenses": 135900000, "generalAndAdministrativeExpenses": 0, "sellingAndMarketingExpenses": 0, "sellingGeneralAndAdministrativeExpenses": 182800000, "otherExpenses": 0, "operatingExpenses": 318700000, "costAndExpenses": 323500000, "interestIncome": 0, "interestExpense": 2200000, "depreciationAndAmortization": 3900000, "ebitda": -17200000, "ebitdaratio": -0.0454785828, "operatingIncome": 54700000, "operatingIncomeRatio": 0.1446324696, "totalOtherIncomeExpensesNet": -78000000, "incomeBeforeTax": -23300000, "incomeBeforeTaxRatio": -0.061607615, "incomeTaxExpense": -6400000, "netIncome": -16900000, "netIncomeRatio": -0.0446853517, "eps": -0.18, "epsdiluted": -0.18, "weightedAverageShsOut": 95600000, "weightedAverageShsOutDil": 95600000, "link": "https://www.sec.gov/Archives/edgar/data/914475/000091447522000044/0000914475-22-000044-index.htm", "finalLink": "https://www.sec.gov/Archives/edgar/data/914475/000091447522000044/nbix-20220630.htm"}, {"date": "2022-03-31", "symbol": "NBIX", "reportedCurrency": "USD", "cik": "0000914475", "fillingDate": "2022-05-04", "acceptedDate": "2022-05-04 07:39:26", "calendarYear": "2022", "period": "Q1", "revenue": 310600000, "costOfRevenue": 4600000, "grossProfit": 306000000, "grossProfitRatio": 0.9851899549, "researchAndDevelopmentExpenses": 102200000, "generalAndAdministrativeExpenses": 0, "sellingAndMarketingExpenses": 0, "sellingGeneralAndAdministrativeExpenses": 200700000, "otherExpenses": 0, "operatingExpenses": 302900000, "costAndExpenses": 307500000, "interestIncome": 0, "interestExpense": 2600000, "depreciationAndAmortization": 3300000, "ebitda": 6400000, "ebitdaratio": 0.0206052801, "operatingIncome": 3100000, "operatingIncomeRatio": 0.0099806825, "totalOtherIncomeExpensesNet": 18300000, "incomeBeforeTax": 21400000, "incomeBeforeTaxRatio": 0.0688989053, "incomeTaxExpense": 7500000, "netIncome": 13900000, "netIncomeRatio": 0.0447520927, "eps": 0.15, "epsdiluted": 0.14, "weightedAverageShsOut": 95300000, "weightedAverageShsOutDil": 97600000, "link": "https://www.sec.gov/Archives/edgar/data/914475/000091447522000022/0000914475-22-000022-index.htm", "finalLink": "https://www.sec.gov/Archives/edgar/data/914475/000091447522000022/nbix-20220331.htm"}, {"date": "2021-12-31", "symbol": "NBIX", "reportedCurrency": "USD", "cik": "0000914475", "fillingDate": "2022-02-11", "acceptedDate": "2022-02-11 17:11:18", "calendarYear": "2021", "period": "Q4", "revenue": 312000000, "costOfRevenue": 4100000, "grossProfit": 307900000, "grossProfitRatio": 0.9868589744, "researchAndDevelopmentExpenses": 87400000, "generalAndAdministrativeExpenses": 0, "sellingAndMarketingExpenses": 0, "sellingGeneralAndAdministrativeExpenses": 156500000, "otherExpenses": 0, "operatingExpenses": 243900000, "costAndExpenses": 248000000, "interestIncome": 0, "interestExpense": 6600000, "depreciationAndAmortization": 3000000, "ebitda": -4200000, "ebitdaratio": -0.0134615385, "operatingIncome": -36300000, "operatingIncomeRatio": -0.1163461538, "totalOtherIncomeExpensesNet": 22500000, "incomeBeforeTax": -13800000, "incomeBeforeTaxRatio": -0.0442307692, "incomeTaxExpense": -6500000, "netIncome": -7300000, "netIncomeRatio": -0.0233974359, "eps": -0.0769, "epsdiluted": -0.0769, "weightedAverageShsOut": 94900000, "weightedAverageShsOutDil": 94900000, "link": "https://www.sec.gov/Archives/edgar/data/914475/000091447522000013/0000914475-22-000013-index.htm", "finalLink": "https://www.sec.gov/Archives/edgar/data/914475/000091447522000013/nbix-20211231.htm"}, {"date": "2021-09-30", "symbol": "NBIX", "reportedCurrency": "USD", "cik": "0000914475", "fillingDate": "2021-11-01", "acceptedDate": "2021-11-01 16:05:19", "calendarYear": "2021", "period": "Q3", "revenue": 296000000, "costOfRevenue": 4200000, "grossProfit": 291800000, "grossProfitRatio": 0.9858108108, "researchAndDevelopmentExpenses": 92700000, "generalAndAdministrativeExpenses": 0, "sellingAndMarketingExpenses": 0, "sellingGeneralAndAdministrativeExpenses": 154600000, "otherExpenses": 0, "operatingExpenses": 247300000, "costAndExpenses": 251500000, "interestIncome": 0, "interestExpense": 6600000, "depreciationAndAmortization": 2800000, "ebitda": 47300000, "ebitdaratio": 0.1597972973, "operatingIncome": 44500000, "operatingIncomeRatio": 0.1503378378, "totalOtherIncomeExpensesNet": -14000000, "incomeBeforeTax": 30500000, "incomeBeforeTaxRatio": 0.1030405405, "incomeTaxExpense": 8000000, "netIncome": 22500000, "netIncomeRatio": 0.0760135135, "eps": 0.24, "epsdiluted": 0.23, "weightedAverageShsOut": 94700000, "weightedAverageShsOutDil": 97700000, "link": "https://www.sec.gov/Archives/edgar/data/914475/000091447521000058/0000914475-21-000058-index.htm", "finalLink": "https://www.sec.gov/Archives/edgar/data/914475/000091447521000058/nbix-20210930.htm"}, {"date": "2021-06-30", "symbol": "NBIX", "reportedCurrency": "USD", "cik": "0000914475", "fillingDate": "2021-08-03", "acceptedDate": "2021-08-03 16:03:58", "calendarYear": "2021", "period": "Q2", "revenue": 288900000, "costOfRevenue": 3100000, "grossProfit": 285800000, "grossProfitRatio": 0.9892696435, "researchAndDevelopmentExpenses": 74800000, "generalAndAdministrativeExpenses": 0, "sellingAndMarketingExpenses": 0, "sellingGeneralAndAdministrativeExpenses": 143200000, "otherExpenses": 0, "operatingExpenses": 218000000, "costAndExpenses": 221100000, "interestIncome": 0, "interestExpense": 6200000, "depreciationAndAmortization": 2600000, "ebitda": 70400000, "ebitdaratio": 0.2436829353, "operatingIncome": 62800000, "operatingIncomeRatio": 0.2173762548, "totalOtherIncomeExpensesNet": -5300000, "incomeBeforeTax": 57500000, "incomeBeforeTaxRatio": 0.1990308065, "incomeTaxExpense": 15200000, "netIncome": 42300000, "netIncomeRatio": 0.1464174455, "eps": 0.45, "epsdiluted": 0.43, "weightedAverageShsOut": 94600000, "weightedAverageShsOutDil": 97700000, "link": "https://www.sec.gov/Archives/edgar/data/914475/000091447521000047/0000914475-21-000047-index.htm", "finalLink": "https://www.sec.gov/Archives/edgar/data/914475/000091447521000047/nbix-20210630.htm"}, {"date": "2021-03-31", "symbol": "NBIX", "reportedCurrency": "USD", "cik": "0000914475", "fillingDate": "2021-05-05", "acceptedDate": "2021-05-05 16:07:05", "calendarYear": "2021", "period": "Q1", "revenue": 236600000, "costOfRevenue": 2900000, "grossProfit": 233700000, "grossProfitRatio": 0.9877430262, "researchAndDevelopmentExpenses": 73200000, "generalAndAdministrativeExpenses": 0, "sellingAndMarketingExpenses": 0, "sellingGeneralAndAdministrativeExpenses": 129000000, "otherExpenses": 0, "operatingExpenses": 202200000, "costAndExpenses": 205100000, "interestIncome": 0, "interestExpense": 6400000, "depreciationAndAmortization": 2500000, "ebitda": 34000000, "ebitdaratio": 0.1437024514, "operatingIncome": 31500000, "operatingIncomeRatio": 0.1331360947, "totalOtherIncomeExpensesNet": -4300000, "incomeBeforeTax": 27200000, "incomeBeforeTaxRatio": 0.1149619611, "incomeTaxExpense": -4900000, "netIncome": 32100000, "netIncomeRatio": 0.1356720203, "eps": 0.34, "epsdiluted": 0.33, "weightedAverageShsOut": 94200000, "weightedAverageShsOutDil": 98200000, "link": "https://www.sec.gov/Archives/edgar/data/914475/000091447521000036/0000914475-21-000036-index.htm", "finalLink": "https://www.sec.gov/Archives/edgar/data/914475/000091447521000036/nbix-20210331.htm"}, {"date": "2020-12-31", "symbol": "NBIX", "reportedCurrency": "USD", "cik": "0000914475", "fillingDate": "2021-02-05", "acceptedDate": "2021-02-05 16:19:49", "calendarYear": "2020", "period": "Q4", "revenue": 247900000, "costOfRevenue": 2900000, "grossProfit": 245000000, "grossProfitRatio": 0.9883017346, "researchAndDevelopmentExpenses": 66700000, "generalAndAdministrativeExpenses": 0, "sellingAndMarketingExpenses": 0, "sellingGeneralAndAdministrativeExpenses": 106500000, "otherExpenses": 0, "operatingExpenses": 173200000, "costAndExpenses": 176100000, "interestIncome": 0, "interestExpense": 7800000, "depreciationAndAmortization": 2200000, "ebitda": 74000000, "ebitdaratio": 0.2985074627, "operatingIncome": 71800000, "operatingIncomeRatio": 0.2896329165, "totalOtherIncomeExpensesNet": -30100000, "incomeBeforeTax": 41700000, "incomeBeforeTaxRatio": 0.1682129891, "incomeTaxExpense": -306200000, "netIncome": 347900000, "netIncomeRatio": 1.4033884631, "eps": 3.72, "epsdiluted": 3.58, "weightedAverageShsOut": 93500000, "weightedAverageShsOutDil": 97200000, "link": "https://www.sec.gov/Archives/edgar/data/914475/000091447521000020/0000914475-21-000020-index.htm", "finalLink": "https://www.sec.gov/Archives/edgar/data/914475/000091447521000020/nbix-20201231.htm"}, {"date": "2020-09-30", "symbol": "NBIX", "reportedCurrency": "USD", "cik": "0000914475", "fillingDate": "2020-11-09", "acceptedDate": "2020-11-09 16:04:07", "calendarYear": "2020", "period": "Q3", "revenue": 258500000, "costOfRevenue": 2700000, "grossProfit": 255800000, "grossProfitRatio": 0.9895551257, "researchAndDevelopmentExpenses": 69100000, "generalAndAdministrativeExpenses": 0, "sellingAndMarketingExpenses": 0, "sellingGeneralAndAdministrativeExpenses": 112500000, "otherExpenses": 0, "operatingExpenses": 181600000, "costAndExpenses": 184300000, "interestIncome": 0, "interestExpense": 8500000, "depreciationAndAmortization": 2200000, "ebitda": -46400000, "ebitdaratio": -0.1794970986, "operatingIncome": -44300000, "operatingIncomeRatio": -0.1713733075, "totalOtherIncomeExpensesNet": -12800000, "incomeBeforeTax": -57100000, "incomeBeforeTaxRatio": -0.2208897485, "incomeTaxExpense": 500000, "netIncome": -57600000, "netIncomeRatio": -0.2228239845, "eps": -0.62, "epsdiluted": -0.62, "weightedAverageShsOut": 92903225, "weightedAverageShsOutDil": 93300000, "link": "https://www.sec.gov/Archives/edgar/data/914475/000091447520000036/0000914475-20-000036-index.htm", "finalLink": "https://www.sec.gov/Archives/edgar/data/914475/000091447520000036/nbix-20200930.htm"}, {"date": "2020-06-30", "symbol": "NBIX", "reportedCurrency": "USD", "cik": "0000914475", "fillingDate": "2020-08-03", "acceptedDate": "2020-08-03 16:14:05", "calendarYear": "2020", "period": "Q2", "revenue": 302400000, "costOfRevenue": 2400000, "grossProfit": 300000000, "grossProfitRatio": 0.9920634921, "researchAndDevelopmentExpenses": 80900000, "generalAndAdministrativeExpenses": 0, "sellingAndMarketingExpenses": 0, "sellingGeneralAndAdministrativeExpenses": 96500000, "otherExpenses": 0, "operatingExpenses": 177400000, "costAndExpenses": 179800000, "interestIncome": 0, "interestExpense": 8300000, "depreciationAndAmortization": 2100000, "ebitda": 124700000, "ebitdaratio": 0.4123677249, "operatingIncome": 76600000, "operatingIncomeRatio": 0.2533068783, "totalOtherIncomeExpensesNet": 6600000, "incomeBeforeTax": 83200000, "incomeBeforeTaxRatio": 0.2751322751, "incomeTaxExpense": 3600000, "netIncome": 79600000, "netIncomeRatio": 0.2632275132, "eps": 0.86, "epsdiluted": 0.81, "weightedAverageShsOut": 93000000, "weightedAverageShsOutDil": 98200000, "link": "https://www.sec.gov/Archives/edgar/data/914475/000091447520000018/0000914475-20-000018-index.htm", "finalLink": "https://www.sec.gov/Archives/edgar/data/914475/000091447520000018/nbix-20200630.htm"}, {"date": "2020-03-31", "symbol": "NBIX", "reportedCurrency": "USD", "cik": "0000914475", "fillingDate": "2020-05-06", "acceptedDate": "2020-05-06 16:20:49", "calendarYear": "2020", "period": "Q1", "revenue": 237100000, "costOfRevenue": 2100000, "grossProfit": 235000000, "grossProfitRatio": 0.9911429776, "researchAndDevelopmentExpenses": 58300000, "generalAndAdministrativeExpenses": 0, "sellingAndMarketingExpenses": 0, "sellingGeneralAndAdministrativeExpenses": 117800000, "otherExpenses": 0, "operatingExpenses": 176100000, "costAndExpenses": 178200000, "interestIncome": 0, "interestExpense": 8200000, "depreciationAndAmortization": 2100000, "ebitda": 61000000, "ebitdaratio": 0.2572754112, "operatingIncome": 58900000, "operatingIncomeRatio": 0.2484183889, "totalOtherIncomeExpensesNet": -20000000, "incomeBeforeTax": 38900000, "incomeBeforeTaxRatio": 0.164065795, "incomeTaxExpense": 1500000, "netIncome": 37400000, "netIncomeRatio": 0.1577393505, "eps": 0.4, "epsdiluted": 0.39, "weightedAverageShsOut": 92600000, "weightedAverageShsOutDil": 97000000, "link": "https://www.sec.gov/Archives/edgar/data/914475/000156459020021952/0001564590-20-021952-index.htm", "finalLink": "https://www.sec.gov/Archives/edgar/data/914475/000156459020021952/nbix-10q_20200331.htm"}, {"date": "2019-12-31", "symbol": "NBIX", "reportedCurrency": "USD", "cik": "0000914475", "fillingDate": "2020-02-07", "acceptedDate": "2020-02-06 19:52:43", "calendarYear": "2019", "period": "Q4", "revenue": 244100000, "costOfRevenue": 2500000, "grossProfit": 241600000, "grossProfitRatio": 0.9897582958, "researchAndDevelopmentExpenses": 55300000, "generalAndAdministrativeExpenses": 252851000, "sellingAndMarketingExpenses": -151551000, "sellingGeneralAndAdministrativeExpenses": 101300000, "otherExpenses": 0, "operatingExpenses": 156600000, "costAndExpenses": 159100000, "interestIncome": 0, "interestExpense": 8200000, "depreciationAndAmortization": 2091000, "ebitda": 48891000, "ebitdaratio": 0.2002908644, "operatingIncome": 48800000, "operatingIncomeRatio": 0.1999180664, "totalOtherIncomeExpensesNet": -10200000, "incomeBeforeTax": 38600000, "incomeBeforeTaxRatio": 0.1581319132, "incomeTaxExpense": 4600000, "netIncome": 34000000, "netIncomeRatio": 0.1392871774, "eps": 0.37, "epsdiluted": 0.35, "weightedAverageShsOut": 92200000, "weightedAverageShsOutDil": 97200000, "link": "https://www.sec.gov/Archives/edgar/data/914475/000156459020003773/0001564590-20-003773-index.htm", "finalLink": "https://www.sec.gov/Archives/edgar/data/914475/000156459020003773/nbix-10k_20191231.htm"}, {"date": "2019-09-30", "symbol": "NBIX", "reportedCurrency": "USD", "cik": "0000914475", "fillingDate": "2019-11-04", "acceptedDate": "2019-11-04 16:18:55", "calendarYear": "2019", "period": "Q3", "revenue": 222094000, "costOfRevenue": 2229000, "grossProfit": 219865000, "grossProfitRatio": 0.9899637091, "researchAndDevelopmentExpenses": 45278000, "generalAndAdministrativeExpenses": 84489000, "sellingAndMarketingExpenses": 0, "sellingGeneralAndAdministrativeExpenses": 84489000, "otherExpenses": 0, "operatingExpenses": 129767000, "costAndExpenses": 131996000, "interestIncome": 0, "interestExpense": 8038000, "depreciationAndAmortization": 2009000, "ebitda": 92107000, "ebitdaratio": 0.4147207939, "operatingIncome": 90098000, "operatingIncomeRatio": 0.4056750745, "totalOtherIncomeExpensesNet": -31691000, "incomeBeforeTax": 58407000, "incomeBeforeTaxRatio": 0.2629832413, "incomeTaxExpense": 4618000, "netIncome": 53789000, "netIncomeRatio": 0.2421902438, "eps": 0.59, "epsdiluted": 0.56, "weightedAverageShsOut": 91900000, "weightedAverageShsOutDil": 96100000, "link": "https://www.sec.gov/Archives/edgar/data/914475/000156459019039803/0001564590-19-039803-index.htm", "finalLink": "https://www.sec.gov/Archives/edgar/data/914475/000156459019039803/nbix-10q_20190930.htm"}, {"date": "2019-06-30", "symbol": "NBIX", "reportedCurrency": "USD", "cik": "0000914475", "fillingDate": "2019-07-29", "acceptedDate": "2019-07-29 16:23:41", "calendarYear": "2019", "period": "Q2", "revenue": 183580000, "costOfRevenue": 1608000, "grossProfit": 181972000, "grossProfitRatio": 0.9912408759, "researchAndDevelopmentExpenses": 61687000, "generalAndAdministrativeExpenses": 80824000, "sellingAndMarketingExpenses": 0, "sellingGeneralAndAdministrativeExpenses": 80824000, "otherExpenses": 0, "operatingExpenses": 142511000, "costAndExpenses": 144119000, "interestIncome": 0, "interestExpense": 7942000, "depreciationAndAmortization": 1786000, "ebitda": 41247000, "ebitdaratio": 0.2246813378, "operatingIncome": 34461000, "operatingIncomeRatio": 0.1877165269, "totalOtherIncomeExpensesNet": 17630000, "incomeBeforeTax": 52091000, "incomeBeforeTaxRatio": 0.2837509533, "incomeTaxExpense": 753000, "netIncome": 51338000, "netIncomeRatio": 0.2796491993, "eps": 0.56, "epsdiluted": 0.54, "weightedAverageShsOut": 91400000, "weightedAverageShsOutDil": 94800000, "link": "https://www.sec.gov/Archives/edgar/data/914475/000156459019026602/0001564590-19-026602-index.htm", "finalLink": "https://www.sec.gov/Archives/edgar/data/914475/000156459019026602/nbix-10q_20190630.htm"}, {"date": "2019-03-31", "symbol": "NBIX", "reportedCurrency": "USD", "cik": "0000914475", "fillingDate": "2019-04-29", "acceptedDate": "2019-04-29 16:30:23", "calendarYear": "2019", "period": "Q1", "revenue": 138403000, "costOfRevenue": 1129000, "grossProfit": 137274000, "grossProfitRatio": 0.9918426624, "researchAndDevelopmentExpenses": 37652000, "generalAndAdministrativeExpenses": 87538000, "sellingAndMarketingExpenses": 0, "sellingGeneralAndAdministrativeExpenses": 87538000, "otherExpenses": 0, "operatingExpenses": 125190000, "costAndExpenses": 126319000, "interestIncome": 0, "interestExpense": 7853000, "depreciationAndAmortization": 1566000, "ebitda": -93175000, "ebitdaratio": -0.673215176, "operatingIncome": -100997000, "operatingIncomeRatio": -0.729731292, "totalOtherIncomeExpensesNet": -1594000, "incomeBeforeTax": -102594000, "incomeBeforeTaxRatio": -0.7412700592, "incomeTaxExpense": -479000, "netIncome": -102115000, "netIncomeRatio": -0.7378091515, "eps": -1.12, "epsdiluted": -1.12, "weightedAverageShsOut": 91100000, "weightedAverageShsOutDil": 91100000, "link": "https://www.sec.gov/Archives/edgar/data/914475/000156459019013745/0001564590-19-013745-index.htm", "finalLink": "https://www.sec.gov/Archives/edgar/data/914475/000156459019013745/nbix-10q_20190331.htm"}, {"date": "2018-12-31", "symbol": "NBIX", "reportedCurrency": "USD", "cik": "0000914475", "fillingDate": "2019-02-08", "acceptedDate": "2019-02-07 18:53:58", "calendarYear": "2018", "period": "Q4", "revenue": 131492000, "costOfRevenue": 1534000, "grossProfit": 129958000, "grossProfitRatio": 0.988333891, "researchAndDevelopmentExpenses": 39107000, "generalAndAdministrativeExpenses": 68980000, "sellingAndMarketingExpenses": 0, "sellingGeneralAndAdministrativeExpenses": 68980000, "otherExpenses": 0, "operatingExpenses": 108087000, "costAndExpenses": 109621000, "interestIncome": 0, "interestExpense": 7763000, "depreciationAndAmortization": 1275000, "ebitda": 27896000, "ebitdaratio": 0.2121497886, "operatingIncome": 21871000, "operatingIncomeRatio": 0.1663295105, "totalOtherIncomeExpensesNet": -3063000, "incomeBeforeTax": 18808000, "incomeBeforeTaxRatio": 0.1430353177, "incomeTaxExpense": 730000, "netIncome": 18078000, "netIncomeRatio": 0.1374836492, "eps": 0.2, "epsdiluted": 0.19, "weightedAverageShsOut": 90742000, "weightedAverageShsOutDil": 95724000, "link": "https://www.sec.gov/Archives/edgar/data/914475/000156459019002328/0001564590-19-002328-index.htm", "finalLink": "https://www.sec.gov/Archives/edgar/data/914475/000156459019002328/nbix-10k_20181231.htm"}, {"date": "2018-09-30", "symbol": "NBIX", "reportedCurrency": "USD", "cik": "0000914475", "fillingDate": "2018-11-05", "acceptedDate": "2018-11-05 16:15:07", "calendarYear": "2018", "period": "Q3", "revenue": 151757000, "costOfRevenue": 1551000, "grossProfit": 150206000, "grossProfitRatio": 0.9897797136, "researchAndDevelopmentExpenses": 35482000, "generalAndAdministrativeExpenses": 60401000, "sellingAndMarketingExpenses": 0, "sellingGeneralAndAdministrativeExpenses": 60401000, "otherExpenses": 0, "operatingExpenses": 95883000, "costAndExpenses": 97434000, "interestIncome": 0, "interestExpense": 7672000, "depreciationAndAmortization": 1080000, "ebitda": 55403000, "ebitdaratio": 0.365077064, "operatingIncome": 54323000, "operatingIncomeRatio": 0.3579604236, "totalOtherIncomeExpensesNet": -3559000, "incomeBeforeTax": 50764000, "incomeBeforeTaxRatio": 0.3345084576, "incomeTaxExpense": 0, "netIncome": 50764000, "netIncomeRatio": 0.3345084576, "eps": 0.56, "epsdiluted": 0.52, "weightedAverageShsOut": 90555000, "weightedAverageShsOutDil": 96798000, "link": "https://www.sec.gov/Archives/edgar/data/914475/000156459018026844/0001564590-18-026844-index.htm", "finalLink": "https://www.sec.gov/Archives/edgar/data/914475/000156459018026844/nbix-10q_20180930.htm"}, {"date": "2018-06-30", "symbol": "NBIX", "reportedCurrency": "USD", "cik": "0000914475", "fillingDate": "2018-07-31", "acceptedDate": "2018-07-31 17:19:02", "calendarYear": "2018", "period": "Q2", "revenue": 96905000, "costOfRevenue": 854000, "grossProfit": 96051000, "grossProfitRatio": 0.9911872452, "researchAndDevelopmentExpenses": 36988000, "generalAndAdministrativeExpenses": 60915000, "sellingAndMarketingExpenses": 0, "sellingGeneralAndAdministrativeExpenses": 60915000, "otherExpenses": 0, "operatingExpenses": 97903000, "costAndExpenses": 98757000, "interestIncome": 0, "interestExpense": 7591000, "depreciationAndAmortization": 883000, "ebitda": -969000, "ebitdaratio": -0.009999484, "operatingIncome": -1852000, "operatingIncomeRatio": -0.019111501, "totalOtherIncomeExpensesNet": -4061000, "incomeBeforeTax": -5913000, "incomeBeforeTaxRatio": -0.0610185233, "incomeTaxExpense": 0, "netIncome": -5913000, "netIncomeRatio": -0.0610185233, "eps": -0.0656, "epsdiluted": -0.0656, "weightedAverageShsOut": 90100000, "weightedAverageShsOutDil": 90100000, "link": "https://www.sec.gov/Archives/edgar/data/914475/000156459018018151/0001564590-18-018151-index.htm", "finalLink": "https://www.sec.gov/Archives/edgar/data/914475/000156459018018151/nbix-10q_20180630.htm"}, {"date": "2018-03-31", "symbol": "NBIX", "reportedCurrency": "USD", "cik": "0000914475", "fillingDate": "2018-04-30", "acceptedDate": "2018-04-30 16:40:17", "calendarYear": "2018", "period": "Q1", "revenue": 71086000, "costOfRevenue": 950000, "grossProfit": 70136000, "grossProfitRatio": 0.9866359058, "researchAndDevelopmentExpenses": 48947000, "generalAndAdministrativeExpenses": 58636000, "sellingAndMarketingExpenses": 0, "sellingGeneralAndAdministrativeExpenses": 58636000, "otherExpenses": 0, "operatingExpenses": 107583000, "costAndExpenses": 108533000, "interestIncome": 0, "interestExpense": 7504000, "depreciationAndAmortization": 786000, "ebitda": -33528000, "ebitdaratio": -0.4716540528, "operatingIncome": -37447000, "operatingIncomeRatio": -0.5267844583, "totalOtherIncomeExpensesNet": -4371000, "incomeBeforeTax": -41818000, "incomeBeforeTaxRatio": -0.588273359, "incomeTaxExpense": 0, "netIncome": -41818000, "netIncomeRatio": -0.588273359, "eps": -0.47, "epsdiluted": -0.47, "weightedAverageShsOut": 89526000, "weightedAverageShsOutDil": 89526000, "link": "https://www.sec.gov/Archives/edgar/data/914475/000156459018009860/0001564590-18-009860-index.htm", "finalLink": "https://www.sec.gov/Archives/edgar/data/914475/000156459018009860/nbix-10q_20180331.htm"}, {"date": "2017-12-31", "symbol": "NBIX", "reportedCurrency": "USD", "cik": "0000914475", "fillingDate": "2018-02-13", "acceptedDate": "2018-02-13 17:04:33", "calendarYear": "2017", "period": "Q4", "revenue": 94517000, "costOfRevenue": 760000, "grossProfit": 93757000, "grossProfitRatio": 0.9919591185, "researchAndDevelopmentExpenses": 25614000, "generalAndAdministrativeExpenses": 56309000, "sellingAndMarketingExpenses": 0, "sellingGeneralAndAdministrativeExpenses": 56309000, "otherExpenses": -27000, "operatingExpenses": 81923000, "costAndExpenses": 82683000, "interestIncome": 0, "interestExpense": 7419000, "depreciationAndAmortization": 706000, "ebitda": 12540000, "ebitdaratio": 0.1326745453, "operatingIncome": 11834000, "operatingIncomeRatio": 0.1252049896, "totalOtherIncomeExpensesNet": -4940000, "incomeBeforeTax": 6894000, "incomeBeforeTaxRatio": 0.0729392596, "incomeTaxExpense": 0, "netIncome": 6894000, "netIncomeRatio": 0.0729392596, "eps": 0.0778, "epsdiluted": 0.0744, "weightedAverageShsOut": 88665000, "weightedAverageShsOutDil": 92659000, "link": "https://www.sec.gov/Archives/edgar/data/914475/000119312518042794/0001193125-18-042794-index.htm", "finalLink": "https://www.sec.gov/Archives/edgar/data/914475/000119312518042794/d520757d10k.htm"}, {"date": "2017-09-30", "symbol": "NBIX", "reportedCurrency": "USD", "cik": "0000914475", "fillingDate": "2017-11-01", "acceptedDate": "2017-11-01 16:24:59", "calendarYear": "2017", "period": "Q3", "revenue": 60774000, "costOfRevenue": 433000, "grossProfit": 60341000, "grossProfitRatio": 0.9928752427, "researchAndDevelopmentExpenses": 22463000, "generalAndAdministrativeExpenses": 43873000, "sellingAndMarketingExpenses": 0, "sellingGeneralAndAdministrativeExpenses": 43873000, "otherExpenses": 0, "operatingExpenses": 66336000, "costAndExpenses": 66769000, "interestIncome": 0, "interestExpense": 7337000, "depreciationAndAmortization": 616000, "ebitda": -3172000, "ebitdaratio": -0.0521933722, "operatingIncome": -5995000, "operatingIncomeRatio": -0.098644157, "totalOtherIncomeExpensesNet": -5130000, "incomeBeforeTax": -11125000, "incomeBeforeTaxRatio": -0.1830552539, "incomeTaxExpense": 0, "netIncome": -11125000, "netIncomeRatio": -0.1830552539, "eps": -0.13, "epsdiluted": -0.13, "weightedAverageShsOut": 85576923, "weightedAverageShsOutDil": 88325000, "link": "https://www.sec.gov/Archives/edgar/data/914475/000119312517329460/0001193125-17-329460-index.htm", "finalLink": "https://www.sec.gov/Archives/edgar/data/914475/000119312517329460/d466738d10q.htm"}, {"date": "2017-06-30", "symbol": "NBIX", "reportedCurrency": "USD", "cik": "0000914475", "fillingDate": "2017-08-03", "acceptedDate": "2017-08-03 16:17:30", "calendarYear": "2017", "period": "Q2", "revenue": 6335000, "costOfRevenue": 61000, "grossProfit": 6274000, "grossProfitRatio": 0.990370955, "researchAndDevelopmentExpenses": 21868000, "generalAndAdministrativeExpenses": 41674000, "sellingAndMarketingExpenses": 0, "sellingGeneralAndAdministrativeExpenses": 41674000, "otherExpenses": 0, "operatingExpenses": 63542000, "costAndExpenses": 63603000, "interestIncome": 0, "interestExpense": 4767000, "depreciationAndAmortization": 589000, "ebitda": -54629000, "ebitdaratio": -8.6233622731, "operatingIncome": -57268000, "operatingIncomeRatio": -9.0399368587, "totalOtherIncomeExpensesNet": -2717000, "incomeBeforeTax": -59985000, "incomeBeforeTaxRatio": -9.4688239937, "incomeTaxExpense": 0, "netIncome": -59985000, "netIncomeRatio": -9.4688239937, "eps": -0.68, "epsdiluted": -0.68, "weightedAverageShsOut": 88063000, "weightedAverageShsOutDil": 88063000, "link": "https://www.sec.gov/Archives/edgar/data/914475/000119312517247437/0001193125-17-247437-index.htm", "finalLink": "https://www.sec.gov/Archives/edgar/data/914475/000119312517247437/d253292d10q.htm"}, {"date": "2017-03-31", "symbol": "NBIX", "reportedCurrency": "USD", "cik": "0000914475", "fillingDate": "2017-05-09", "acceptedDate": "2017-05-09 16:59:27", "calendarYear": "2017", "period": "Q1", "revenue": 0, "costOfRevenue": 0, "grossProfit": 0, "grossProfitRatio": 0, "researchAndDevelopmentExpenses": 51882000, "generalAndAdministrativeExpenses": 28050000, "sellingAndMarketingExpenses": 0, "sellingGeneralAndAdministrativeExpenses": 28050000, "otherExpenses": 0, "operatingExpenses": 79932000, "costAndExpenses": 79932000, "interestIncome": 0, "interestExpense": 0, "depreciationAndAmortization": 489000, "ebitda": -77837000, "ebitdaratio": 0, "operatingIncome": -79932000, "operatingIncomeRatio": 0, "totalOtherIncomeExpensesNet": 1606000, "incomeBeforeTax": -78326000, "incomeBeforeTaxRatio": 0, "incomeTaxExpense": 0, "netIncome": -78326000, "netIncomeRatio": 0, "eps": -0.9, "epsdiluted": -0.9, "weightedAverageShsOut": 87283000, "weightedAverageShsOutDil": 87283000, "link": "https://www.sec.gov/Archives/edgar/data/914475/000119312517164338/0001193125-17-164338-index.htm", "finalLink": "https://www.sec.gov/Archives/edgar/data/914475/000119312517164338/d345381d10q.htm"}, {"date": "2016-12-31", "symbol": "NBIX", "reportedCurrency": "USD", "cik": "0000914475", "fillingDate": "2017-02-14", "acceptedDate": "2017-02-14 17:34:18", "calendarYear": "2016", "period": "Q4", "revenue": 0, "costOfRevenue": 0, "grossProfit": 0, "grossProfitRatio": 0, "researchAndDevelopmentExpenses": 22583000, "generalAndAdministrativeExpenses": 23668000, "sellingAndMarketingExpenses": 0, "sellingGeneralAndAdministrativeExpenses": 23668000, "otherExpenses": 13000, "operatingExpenses": 46251000, "costAndExpenses": 46251000, "interestIncome": 0, "interestExpense": 0, "depreciationAndAmortization": 445000, "ebitda": -45806000, "ebitdaratio": null, "operatingIncome": -46251000, "operatingIncomeRatio": null, "totalOtherIncomeExpensesNet": 1592000, "incomeBeforeTax": -44659000, "incomeBeforeTaxRatio": null, "incomeTaxExpense": 0, "netIncome": -44659000, "netIncomeRatio": null, "eps": -0.51, "epsdiluted": -0.51, "weightedAverageShsOut": 86386224, "weightedAverageShsOutDil": 86874000, "link": "https://www.sec.gov/Archives/edgar/data/914475/000119312517043838/0001193125-17-043838-index.htm", "finalLink": "https://www.sec.gov/Archives/edgar/data/914475/000119312517043838/d324435d10k.htm"}, {"date": "2016-09-30", "symbol": "NBIX", "reportedCurrency": "USD", "cik": "0000914475", "fillingDate": "2016-11-02", "acceptedDate": "2016-11-02 16:30:59", "calendarYear": "2016", "period": "Q3", "revenue": 0, "costOfRevenue": 0, "grossProfit": 0, "grossProfitRatio": 0, "researchAndDevelopmentExpenses": 20942000, "generalAndAdministrativeExpenses": 17494000, "sellingAndMarketingExpenses": 0, "sellingGeneralAndAdministrativeExpenses": 17494000, "otherExpenses": 0, "operatingExpenses": 38436000, "costAndExpenses": 38436000, "interestIncome": 0, "interestExpense": 0, "depreciationAndAmortization": 408000, "ebitda": -36479000, "ebitdaratio": null, "operatingIncome": -38436000, "operatingIncomeRatio": null, "totalOtherIncomeExpensesNet": 1549000, "incomeBeforeTax": -36887000, "incomeBeforeTaxRatio": null, "incomeTaxExpense": 0, "netIncome": -36887000, "netIncomeRatio": null, "eps": -0.43, "epsdiluted": -0.43, "weightedAverageShsOut": 86784000, "weightedAverageShsOutDil": 86784000, "link": "https://www.sec.gov/Archives/edgar/data/914475/000119312516757122/0001193125-16-757122-index.htm", "finalLink": "https://www.sec.gov/Archives/edgar/data/914475/000119312516757122/d227301d10q.htm"}, {"date": "2016-06-30", "symbol": "NBIX", "reportedCurrency": "USD", "cik": "0000914475", "fillingDate": "2016-08-03", "acceptedDate": "2016-08-03 16:25:59", "calendarYear": "2016", "period": "Q2", "revenue": 0, "costOfRevenue": 0, "grossProfit": 0, "grossProfitRatio": 0, "researchAndDevelopmentExpenses": 26863000, "generalAndAdministrativeExpenses": 14965000, "sellingAndMarketingExpenses": 0, "sellingGeneralAndAdministrativeExpenses": 14965000, "otherExpenses": 0, "operatingExpenses": 41828000, "costAndExpenses": 41828000, "interestIncome": 0, "interestExpense": 0, "depreciationAndAmortization": 324000, "ebitda": -41504000, "ebitdaratio": null, "operatingIncome": -41828000, "operatingIncomeRatio": null, "totalOtherIncomeExpensesNet": 1548000, "incomeBeforeTax": -40280000, "incomeBeforeTaxRatio": null, "incomeTaxExpense": 0, "netIncome": -40280000, "netIncomeRatio": null, "eps": -0.46, "epsdiluted": -0.46, "weightedAverageShsOut": 86694000, "weightedAverageShsOutDil": 86694000, "link": "https://www.sec.gov/Archives/edgar/data/914475/000119312516670128/0001193125-16-670128-index.htm", "finalLink": "https://www.sec.gov/Archives/edgar/data/914475/000119312516670128/d386773d10q.htm"}, {"date": "2016-03-31", "symbol": "NBIX", "reportedCurrency": "USD", "cik": "0000914475", "fillingDate": "2016-05-05", "acceptedDate": "2016-05-05 16:38:58", "calendarYear": "2016", "period": "Q1", "revenue": 15000000, "costOfRevenue": 0, "grossProfit": 15000000, "grossProfitRatio": 1, "researchAndDevelopmentExpenses": 23903000, "generalAndAdministrativeExpenses": 11954000, "sellingAndMarketingExpenses": 0, "sellingGeneralAndAdministrativeExpenses": 11954000, "otherExpenses": 0, "operatingExpenses": 35857000, "costAndExpenses": 35857000, "interestIncome": 0, "interestExpense": 0, "depreciationAndAmortization": 276000, "ebitda": -20581000, "ebitdaratio": -1.3720666667, "operatingIncome": -20857000, "operatingIncomeRatio": -1.3904666667, "totalOtherIncomeExpensesNet": 1593000, "incomeBeforeTax": -19264000, "incomeBeforeTaxRatio": -1.2842666667, "incomeTaxExpense": 0, "netIncome": -19264000, "netIncomeRatio": -1.2842666667, "eps": -0.22, "epsdiluted": -0.22, "weightedAverageShsOut": 86497000, "weightedAverageShsOutDil": 86497000, "link": "https://www.sec.gov/Archives/edgar/data/914475/000119312516580036/0001193125-16-580036-index.htm", "finalLink": "https://www.sec.gov/Archives/edgar/data/914475/000119312516580036/d178294d10q.htm"}, {"date": "2015-12-31", "symbol": "NBIX", "reportedCurrency": "USD", "cik": "0000914475", "fillingDate": "2016-02-11", "acceptedDate": "2016-02-11 16:25:57", "calendarYear": "2015", "period": "Q4", "revenue": 0, "costOfRevenue": 0, "grossProfit": 0, "grossProfitRatio": 0, "researchAndDevelopmentExpenses": 21809000, "generalAndAdministrativeExpenses": 8939000, "sellingAndMarketingExpenses": 0, "sellingGeneralAndAdministrativeExpenses": 8939000, "otherExpenses": 11000, "operatingExpenses": 30748000, "costAndExpenses": 30748000, "interestIncome": 0, "interestExpense": 0, "depreciationAndAmortization": 270000, "ebitda": -30478000, "ebitdaratio": null, "operatingIncome": -30748000, "operatingIncomeRatio": null, "totalOtherIncomeExpensesNet": 1433000, "incomeBeforeTax": -29315000, "incomeBeforeTaxRatio": null, "incomeTaxExpense": 0, "netIncome": -29315000, "netIncomeRatio": null, "eps": -0.34, "epsdiluted": -0.34, "weightedAverageShsOut": 86184000, "weightedAverageShsOutDil": 86184000, "link": "https://www.sec.gov/Archives/edgar/data/914475/000119312516459862/0001193125-16-459862-index.htm", "finalLink": "https://www.sec.gov/Archives/edgar/data/914475/000119312516459862/d119733d10k.htm"}, {"date": "2015-09-30", "symbol": "NBIX", "reportedCurrency": "USD", "cik": "0000914475", "fillingDate": "2015-10-29", "acceptedDate": "2015-10-29 16:29:20", "calendarYear": "2015", "period": "Q3", "revenue": 0, "costOfRevenue": 0, "grossProfit": 0, "grossProfitRatio": 0, "researchAndDevelopmentExpenses": 24388000, "generalAndAdministrativeExpenses": 11456000, "sellingAndMarketingExpenses": 0, "sellingGeneralAndAdministrativeExpenses": 11456000, "otherExpenses": 0, "operatingExpenses": 35844000, "costAndExpenses": 35844000, "interestIncome": 0, "interestExpense": 0, "depreciationAndAmortization": 244000, "ebitda": -35844000, "ebitdaratio": null, "operatingIncome": -35844000, "operatingIncomeRatio": null, "totalOtherIncomeExpensesNet": 1409000, "incomeBeforeTax": -34435000, "incomeBeforeTaxRatio": null, "incomeTaxExpense": 0, "netIncome": -34435000, "netIncomeRatio": null, "eps": -0.4, "epsdiluted": -0.4, "weightedAverageShsOut": 85856000, "weightedAverageShsOutDil": 85856000, "link": "https://www.sec.gov/Archives/edgar/data/914475/000119312515358050/0001193125-15-358050-index.htm", "finalLink": "https://www.sec.gov/Archives/edgar/data/914475/000119312515358050/d66788d10q.htm"}, {"date": "2015-06-30", "symbol": "NBIX", "reportedCurrency": "USD", "cik": "0000914475", "fillingDate": "2015-07-29", "acceptedDate": "2015-07-29 16:45:19", "calendarYear": "2015", "period": "Q2", "revenue": 0, "costOfRevenue": 0, "grossProfit": 0, "grossProfitRatio": 0, "researchAndDevelopmentExpenses": 18719000, "generalAndAdministrativeExpenses": 6603000, "sellingAndMarketingExpenses": 0, "sellingGeneralAndAdministrativeExpenses": 6603000, "otherExpenses": 0, "operatingExpenses": 25322000, "costAndExpenses": 25322000, "interestIncome": 0, "interestExpense": 0, "depreciationAndAmortization": 251000, "ebitda": -25071000, "ebitdaratio": null, "operatingIncome": -25322000, "operatingIncomeRatio": null, "totalOtherIncomeExpensesNet": 1335000, "incomeBeforeTax": -23987000, "incomeBeforeTaxRatio": null, "incomeTaxExpense": 0, "netIncome": -23987000, "netIncomeRatio": null, "eps": -0.28, "epsdiluted": -0.28, "weightedAverageShsOut": 85518000, "weightedAverageShsOutDil": 85518000, "link": "https://www.sec.gov/Archives/edgar/data/914475/000119312515268390/0001193125-15-268390-index.htm", "finalLink": "https://www.sec.gov/Archives/edgar/data/914475/000119312515268390/d938011d10q.htm"}, {"date": "2015-03-31", "symbol": "NBIX", "reportedCurrency": "USD", "cik": "0000914475", "fillingDate": "2015-04-30", "acceptedDate": "2015-04-30 14:59:58", "calendarYear": "2015", "period": "Q1", "revenue": 19769000, "costOfRevenue": 0, "grossProfit": 19769000, "grossProfitRatio": 1, "researchAndDevelopmentExpenses": 16575000, "generalAndAdministrativeExpenses": 5482000, "sellingAndMarketingExpenses": 0, "sellingGeneralAndAdministrativeExpenses": 5482000, "otherExpenses": 0, "operatingExpenses": 22057000, "costAndExpenses": 22057000, "interestIncome": 257000, "interestExpense": 0, "depreciationAndAmortization": 244000, "ebitda": -2044000, "ebitdaratio": -0.103394203, "operatingIncome": -2288000, "operatingIncomeRatio": -0.1157367596, "totalOtherIncomeExpensesNet": 1096000, "incomeBeforeTax": -1192000, "incomeBeforeTaxRatio": -0.0602964237, "incomeTaxExpense": 0, "netIncome": -1192000, "netIncomeRatio": -0.0602964237, "eps": -0.0148, "epsdiluted": -0.0148, "weightedAverageShsOut": 80349000, "weightedAverageShsOutDil": 80349000, "link": "https://www.sec.gov/Archives/edgar/data/914475/000119312515161293/0001193125-15-161293-index.htm", "finalLink": "https://www.sec.gov/Archives/edgar/data/914475/000119312515161293/d899476d10q.htm"}, {"date": "2014-12-31", "symbol": "NBIX", "reportedCurrency": "USD", "cik": "0000914475", "fillingDate": "2015-02-09", "acceptedDate": "2015-02-09 16:17:01", "calendarYear": "2014", "period": "Q4", "revenue": 0, "costOfRevenue": 0, "grossProfit": 0, "grossProfitRatio": 0, "researchAndDevelopmentExpenses": 15498000, "generalAndAdministrativeExpenses": 4970000, "sellingAndMarketingExpenses": 0, "sellingGeneralAndAdministrativeExpenses": 4970000, "otherExpenses": 15000, "operatingExpenses": 20468000, "costAndExpenses": 20468000, "interestIncome": 0, "interestExpense": 0, "depreciationAndAmortization": 224000, "ebitda": -20244000, "ebitdaratio": 0, "operatingIncome": -20468000, "operatingIncomeRatio": 0, "totalOtherIncomeExpensesNet": 1024000, "incomeBeforeTax": -19444000, "incomeBeforeTaxRatio": 0, "incomeTaxExpense": 0, "netIncome": -19444000, "netIncomeRatio": 0, "eps": -0.26, "epsdiluted": -0.26, "weightedAverageShsOut": 76139000, "weightedAverageShsOutDil": 76139000, "link": "https://www.sec.gov/Archives/edgar/data/914475/000119312515039176/0001193125-15-039176-index.htm", "finalLink": "https://www.sec.gov/Archives/edgar/data/914475/000119312515039176/d833755d10k.htm"}, {"date": "2014-09-30", "symbol": "NBIX", "reportedCurrency": "USD", "cik": "0000914475", "fillingDate": "2014-11-04", "acceptedDate": "2014-11-04 12:58:20", "calendarYear": "2014", "period": "Q3", "revenue": 0, "costOfRevenue": 0, "grossProfit": 0, "grossProfitRatio": 0, "researchAndDevelopmentExpenses": 12194000, "generalAndAdministrativeExpenses": 4663000, "sellingAndMarketingExpenses": 0, "sellingGeneralAndAdministrativeExpenses": 4663000, "otherExpenses": 0, "operatingExpenses": 16857000, "costAndExpenses": 16857000, "interestIncome": 0, "interestExpense": 0, "depreciationAndAmortization": 217000, "ebitda": -16640000, "ebitdaratio": null, "operatingIncome": -16857000, "operatingIncomeRatio": null, "totalOtherIncomeExpensesNet": 982000, "incomeBeforeTax": -15875000, "incomeBeforeTaxRatio": null, "incomeTaxExpense": 0, "netIncome": -15875000, "netIncomeRatio": null, "eps": -0.21, "epsdiluted": -0.21, "weightedAverageShsOut": 75948000, "weightedAverageShsOutDil": 75948000, "link": "https://www.sec.gov/Archives/edgar/data/914475/000119312514395717/0001193125-14-395717-index.htm", "finalLink": "https://www.sec.gov/Archives/edgar/data/914475/000119312514395717/d786994d10q.htm"}, {"date": "2014-06-30", "symbol": "NBIX", "reportedCurrency": "USD", "cik": "0000914475", "fillingDate": "2014-08-06", "acceptedDate": "2014-08-06 16:54:26", "calendarYear": "2014", "period": "Q2", "revenue": 0, "costOfRevenue": 0, "grossProfit": 0, "grossProfitRatio": 0, "researchAndDevelopmentExpenses": 10161000, "generalAndAdministrativeExpenses": 4200000, "sellingAndMarketingExpenses": 0, "sellingGeneralAndAdministrativeExpenses": 4200000, "otherExpenses": 3000, "operatingExpenses": 14361000, "costAndExpenses": 14361000, "interestIncome": 0, "interestExpense": 0, "depreciationAndAmortization": 208000, "ebitda": -14153000, "ebitdaratio": null, "operatingIncome": -14361000, "operatingIncomeRatio": null, "totalOtherIncomeExpensesNet": 980000, "incomeBeforeTax": -13381000, "incomeBeforeTaxRatio": null, "incomeTaxExpense": 0, "netIncome": -13381000, "netIncomeRatio": null, "eps": -0.18, "epsdiluted": -0.18, "weightedAverageShsOut": 75879000, "weightedAverageShsOutDil": 75879000, "link": "https://www.sec.gov/Archives/edgar/data/914475/000119312514298386/0001193125-14-298386-index.htm", "finalLink": "https://www.sec.gov/Archives/edgar/data/914475/000119312514298386/d738591d10q.htm"}, {"date": "2014-03-31", "symbol": "NBIX", "reportedCurrency": "USD", "cik": "0000914475", "fillingDate": "2014-05-01", "acceptedDate": "2014-05-01 13:49:54", "calendarYear": "2014", "period": "Q1", "revenue": 0, "costOfRevenue": 0, "grossProfit": 0, "grossProfitRatio": 0, "researchAndDevelopmentExpenses": 8572000, "generalAndAdministrativeExpenses": 4153000, "sellingAndMarketingExpenses": 0, "sellingGeneralAndAdministrativeExpenses": 4153000, "otherExpenses": 0, "operatingExpenses": 12725000, "costAndExpenses": 12725000, "interestIncome": 89000, "interestExpense": 0, "depreciationAndAmortization": 178000, "ebitda": -12547000, "ebitdaratio": null, "operatingIncome": -12725000, "operatingIncomeRatio": null, "totalOtherIncomeExpensesNet": 883000, "incomeBeforeTax": -11842000, "incomeBeforeTaxRatio": null, "incomeTaxExpense": 0, "netIncome": -11842000, "netIncomeRatio": null, "eps": -0.17, "epsdiluted": -0.17, "weightedAverageShsOut": 70260000, "weightedAverageShsOutDil": 70260000, "link": "https://www.sec.gov/Archives/edgar/data/914475/000119312514176441/0001193125-14-176441-index.htm", "finalLink": "https://www.sec.gov/Archives/edgar/data/914475/000119312514176441/d702747d10q.htm"}, {"date": "2013-12-31", "symbol": "NBIX", "reportedCurrency": "USD", "cik": "0000914475", "fillingDate": "2014-02-11", "acceptedDate": "2014-02-11 16:27:33", "calendarYear": "2013", "period": "Q4", "revenue": 730000, "costOfRevenue": 0, "grossProfit": 730000, "grossProfitRatio": 1, "researchAndDevelopmentExpenses": 8918000, "generalAndAdministrativeExpenses": 3342000, "sellingAndMarketingExpenses": 0, "sellingGeneralAndAdministrativeExpenses": 3342000, "otherExpenses": 15000, "operatingExpenses": 12260000, "costAndExpenses": 12260000, "interestIncome": 0, "interestExpense": 0, "depreciationAndAmortization": 156000, "ebitda": -11374000, "ebitdaratio": -15.5808219178, "operatingIncome": -11530000, "operatingIncomeRatio": -15.7945205479, "totalOtherIncomeExpensesNet": 888000, "incomeBeforeTax": -10642000, "incomeBeforeTaxRatio": -14.5780821918, "incomeTaxExpense": 0, "netIncome": -10642000, "netIncomeRatio": -14.5780821918, "eps": -0.16, "epsdiluted": -0.16, "weightedAverageShsOut": 66518736, "weightedAverageShsOutDil": 67346000, "link": "https://www.sec.gov/Archives/edgar/data/914475/000119312514045619/0001193125-14-045619-index.htm", "finalLink": "https://www.sec.gov/Archives/edgar/data/914475/000119312514045619/d647198d10k.htm"}, {"date": "2013-09-30", "symbol": "NBIX", "reportedCurrency": "USD", "cik": "0000914475", "fillingDate": "2013-10-29", "acceptedDate": "2013-10-29 16:48:18", "calendarYear": "2013", "period": "Q3", "revenue": 729000, "costOfRevenue": 0, "grossProfit": 729000, "grossProfitRatio": 1, "researchAndDevelopmentExpenses": 9490000, "generalAndAdministrativeExpenses": 3245000, "sellingAndMarketingExpenses": 0, "sellingGeneralAndAdministrativeExpenses": 3245000, "otherExpenses": -5000, "operatingExpenses": 12735000, "costAndExpenses": 12735000, "interestIncome": 0, "interestExpense": 0, "depreciationAndAmortization": 168000, "ebitda": -11838000, "ebitdaratio": -16.2386831276, "operatingIncome": -12006000, "operatingIncomeRatio": -16.4691358025, "totalOtherIncomeExpensesNet": 875000, "incomeBeforeTax": -11131000, "incomeBeforeTaxRatio": -15.268861454, "incomeTaxExpense": 0, "netIncome": -11131000, "netIncomeRatio": -15.268861454, "eps": -0.17, "epsdiluted": -0.17, "weightedAverageShsOut": 67199000, "weightedAverageShsOutDil": 67199000, "link": "https://www.sec.gov/Archives/edgar/data/914475/000119312513416082/0001193125-13-416082-index.htm", "finalLink": "https://www.sec.gov/Archives/edgar/data/914475/000119312513416082/d588779d10q.htm"}, {"date": "2013-06-30", "symbol": "NBIX", "reportedCurrency": "USD", "cik": "0000914475", "fillingDate": "2013-07-26", "acceptedDate": "2013-07-26 14:13:20", "calendarYear": "2013", "period": "Q2", "revenue": 730000, "costOfRevenue": 0, "grossProfit": 730000, "grossProfitRatio": 1, "researchAndDevelopmentExpenses": 10527000, "generalAndAdministrativeExpenses": 3370000, "sellingAndMarketingExpenses": 0, "sellingGeneralAndAdministrativeExpenses": 3370000, "otherExpenses": 4000, "operatingExpenses": 13897000, "costAndExpenses": 13897000, "interestIncome": 0, "interestExpense": 0, "depreciationAndAmortization": 172000, "ebitda": -12995000, "ebitdaratio": -17.801369863, "operatingIncome": -13167000, "operatingIncomeRatio": -18.0369863014, "totalOtherIncomeExpensesNet": 925000, "incomeBeforeTax": -12242000, "incomeBeforeTaxRatio": -16.7698630137, "incomeTaxExpense": 0, "netIncome": -12242000, "netIncomeRatio": -16.7698630137, "eps": -0.18, "epsdiluted": -0.18, "weightedAverageShsOut": 66799000, "weightedAverageShsOutDil": 66799000, "link": "https://www.sec.gov/Archives/edgar/data/914475/000119312513304433/0001193125-13-304433-index.htm", "finalLink": "https://www.sec.gov/Archives/edgar/data/914475/000119312513304433/d551982d10q.htm"}, {"date": "2013-03-31", "symbol": "NBIX", "reportedCurrency": "USD", "cik": "0000914475", "fillingDate": "2013-05-02", "acceptedDate": "2013-05-02 16:57:12", "calendarYear": "2013", "period": "Q1", "revenue": 730000, "costOfRevenue": 0, "grossProfit": 730000, "grossProfitRatio": 1, "researchAndDevelopmentExpenses": 10313000, "generalAndAdministrativeExpenses": 3392000, "sellingAndMarketingExpenses": 0, "sellingGeneralAndAdministrativeExpenses": 3392000, "otherExpenses": 2000, "operatingExpenses": 13705000, "costAndExpenses": 13705000, "interestIncome": 0, "interestExpense": 0, "depreciationAndAmortization": 175000, "ebitda": -12800000, "ebitdaratio": -17.5342465753, "operatingIncome": -12975000, "operatingIncomeRatio": -17.7739726027, "totalOtherIncomeExpensesNet": 900000, "incomeBeforeTax": -12075000, "incomeBeforeTaxRatio": -16.5410958904, "incomeTaxExpense": 0, "netIncome": -12075000, "netIncomeRatio": -16.5410958904, "eps": -0.18, "epsdiluted": -0.18, "weightedAverageShsOut": 66600000, "weightedAverageShsOutDil": 66600000, "link": "https://www.sec.gov/Archives/edgar/data/914475/000119312513196338/0001193125-13-196338-index.htm", "finalLink": "https://www.sec.gov/Archives/edgar/data/914475/000119312513196338/d499443d10q.htm"}, {"date": "2012-12-31", "symbol": "NBIX", "reportedCurrency": "USD", "cik": "0000914475", "fillingDate": "2013-02-08", "acceptedDate": "2013-02-08 13:42:17", "calendarYear": "2012", "period": "Q4", "revenue": 21947000, "costOfRevenue": 0, "grossProfit": 21947000, "grossProfitRatio": 1, "researchAndDevelopmentExpenses": 9097000, "generalAndAdministrativeExpenses": 3311000, "sellingAndMarketingExpenses": 0, "sellingGeneralAndAdministrativeExpenses": 3311000, "otherExpenses": 5000, "operatingExpenses": 13365000, "costAndExpenses": 13365000, "interestIncome": 0, "interestExpense": 0, "depreciationAndAmortization": 176000, "ebitda": 8758000, "ebitdaratio": 0.3990522623, "operatingIncome": 8582000, "operatingIncomeRatio": 0.391032943, "totalOtherIncomeExpensesNet": 908000, "incomeBeforeTax": 9490000, "incomeBeforeTaxRatio": 0.4324053401, "incomeTaxExpense": 0, "netIncome": 9490000, "netIncomeRatio": 0.4324053401, "eps": 0.14, "epsdiluted": 0.14, "weightedAverageShsOut": 66406000, "weightedAverageShsOutDil": 67720000, "link": "https://www.sec.gov/Archives/edgar/data/914475/000119312513045687/0001193125-13-045687-index.htm", "finalLink": "https://www.sec.gov/Archives/edgar/data/914475/000119312513045687/d443520d10k.htm"}, {"date": "2012-09-30", "symbol": "NBIX", "reportedCurrency": "USD", "cik": "0000914475", "fillingDate": "2012-10-31", "acceptedDate": "2012-10-31 16:30:55", "calendarYear": "2012", "period": "Q3", "revenue": 9357000, "costOfRevenue": 0, "grossProfit": 9357000, "grossProfitRatio": 1, "researchAndDevelopmentExpenses": 9860000, "generalAndAdministrativeExpenses": 3459000, "sellingAndMarketingExpenses": 0, "sellingGeneralAndAdministrativeExpenses": 3459000, "otherExpenses": 0, "operatingExpenses": 13319000, "costAndExpenses": 13319000, "interestIncome": 0, "interestExpense": 0, "depreciationAndAmortization": 163000, "ebitda": -3799000, "ebitdaratio": -0.4060061986, "operatingIncome": -3962000, "operatingIncomeRatio": -0.4234263119, "totalOtherIncomeExpensesNet": 884000, "incomeBeforeTax": -3078000, "incomeBeforeTaxRatio": -0.328951587, "incomeTaxExpense": 0, "netIncome": -3078000, "netIncomeRatio": -0.328951587, "eps": -0.0464, "epsdiluted": -0.0464, "weightedAverageShsOut": 66342000, "weightedAverageShsOutDil": 66342000, "link": "https://www.sec.gov/Archives/edgar/data/914475/000119312512443884/0001193125-12-443884-index.htm", "finalLink": "https://www.sec.gov/Archives/edgar/data/914475/000119312512443884/d402908d10q.htm"}, {"date": "2012-06-30", "symbol": "NBIX", "reportedCurrency": "USD", "cik": "0000914475", "fillingDate": "2012-07-31", "acceptedDate": "2012-07-31 16:38:16", "calendarYear": "2012", "period": "Q2", "revenue": 10569000, "costOfRevenue": 0, "grossProfit": 10569000, "grossProfitRatio": 1, "researchAndDevelopmentExpenses": 8818000, "generalAndAdministrativeExpenses": 3131000, "sellingAndMarketingExpenses": 0, "sellingGeneralAndAdministrativeExpenses": 3131000, "otherExpenses": 0, "operatingExpenses": 11949000, "costAndExpenses": 11949000, "interestIncome": 0, "interestExpense": 0, "depreciationAndAmortization": 166000, "ebitda": -1214000, "ebitdaratio": -0.1148642256, "operatingIncome": -1380000, "operatingIncomeRatio": -0.1305705365, "totalOtherIncomeExpensesNet": 879000, "incomeBeforeTax": -501000, "incomeBeforeTaxRatio": -0.0474027817, "incomeTaxExpense": 0, "netIncome": -501000, "netIncomeRatio": -0.0474027817, "eps": -0.0076, "epsdiluted": -0.0076, "weightedAverageShsOut": 66309000, "weightedAverageShsOutDil": 66309000, "link": "https://www.sec.gov/Archives/edgar/data/914475/000119312512325993/0001193125-12-325993-index.htm", "finalLink": "https://www.sec.gov/Archives/edgar/data/914475/000119312512325993/d353181d10q.htm"}, {"date": "2012-03-31", "symbol": "NBIX", "reportedCurrency": "USD", "cik": "0000914475", "fillingDate": "2012-05-02", "acceptedDate": "2012-05-02 16:36:07", "calendarYear": "2012", "period": "Q1", "revenue": 11267000, "costOfRevenue": 0, "grossProfit": 11267000, "grossProfitRatio": 1, "researchAndDevelopmentExpenses": 9388000, "generalAndAdministrativeExpenses": 3671000, "sellingAndMarketingExpenses": 0, "sellingGeneralAndAdministrativeExpenses": 3671000, "otherExpenses": 0, "operatingExpenses": 13059000, "costAndExpenses": 13059000, "interestIncome": 0, "interestExpense": 0, "depreciationAndAmortization": 152000, "ebitda": -1640000, "ebitdaratio": -0.1455578237, "operatingIncome": -1792000, "operatingIncomeRatio": -0.1590485489, "totalOtherIncomeExpensesNet": 906000, "incomeBeforeTax": -886000, "incomeBeforeTaxRatio": -0.0786367267, "incomeTaxExpense": 0, "netIncome": -886000, "netIncomeRatio": -0.0786367267, "eps": -0.014, "epsdiluted": -0.014, "weightedAverageShsOut": 63409000, "weightedAverageShsOutDil": 63409000, "link": "https://www.sec.gov/Archives/edgar/data/914475/000119312512204755/0001193125-12-204755-index.htm", "finalLink": "https://www.sec.gov/Archives/edgar/data/914475/000119312512204755/d315181d10q.htm"}, {"date": "2011-12-31", "symbol": "NBIX", "reportedCurrency": "USD", "cik": "0000914475", "fillingDate": "2012-02-09", "acceptedDate": "2012-02-09 13:28:09", "calendarYear": "2011", "period": "Q4", "revenue": 11110000, "costOfRevenue": 0, "grossProfit": 11110000, "grossProfitRatio": 1, "researchAndDevelopmentExpenses": 8002000, "generalAndAdministrativeExpenses": 2661000, "sellingAndMarketingExpenses": 0, "sellingGeneralAndAdministrativeExpenses": 2661000, "otherExpenses": 0, "operatingExpenses": 10663000, "costAndExpenses": 10663000, "interestIncome": 0, "interestExpense": 0, "depreciationAndAmortization": 142000, "ebitda": 589000, "ebitdaratio": 0.0530153015, "operatingIncome": 447000, "operatingIncomeRatio": 0.0402340234, "totalOtherIncomeExpensesNet": 884000, "incomeBeforeTax": 1331000, "incomeBeforeTaxRatio": 0.1198019802, "incomeTaxExpense": 0, "netIncome": 1331000, "netIncomeRatio": 0.1198019802, "eps": 0.021, "epsdiluted": 0.021, "weightedAverageShsOut": 63409000, "weightedAverageShsOutDil": 63409000, "link": "https://www.sec.gov/Archives/edgar/data/914475/000119312512048679/0001193125-12-048679-index.htm", "finalLink": "https://www.sec.gov/Archives/edgar/data/914475/000119312512048679/d263842d10k.htm"}, {"date": "2011-09-30", "symbol": "NBIX", "reportedCurrency": "USD", "cik": "0000914475", "fillingDate": "2011-10-31", "acceptedDate": "2011-10-31 16:25:40", "calendarYear": "2011", "period": "Q3", "revenue": 41634000, "costOfRevenue": 0, "grossProfit": 41634000, "grossProfitRatio": 1, "researchAndDevelopmentExpenses": 7456000, "generalAndAdministrativeExpenses": 3738000, "sellingAndMarketingExpenses": 87000, "sellingGeneralAndAdministrativeExpenses": 3825000, "otherExpenses": 0, "operatingExpenses": 11281000, "costAndExpenses": 11281000, "interestIncome": 0, "interestExpense": 0, "depreciationAndAmortization": 138000, "ebitda": 30440000, "ebitdaratio": 0.7311332084, "operatingIncome": 30440000, "operatingIncomeRatio": 0.7311332084, "totalOtherIncomeExpensesNet": 942000, "incomeBeforeTax": 31382000, "incomeBeforeTaxRatio": 0.753758947, "incomeTaxExpense": 0, "netIncome": 31382000, "netIncomeRatio": 0.753758947, "eps": 0.57, "epsdiluted": 0.56, "weightedAverageShsOut": 55248000, "weightedAverageShsOutDil": 56378000, "link": "https://www.sec.gov/Archives/edgar/data/914475/000119312511288728/0001193125-11-288728-index.htm", "finalLink": "https://www.sec.gov/Archives/edgar/data/914475/000119312511288728/d235273d10q.htm"}, {"date": "2011-06-30", "symbol": "NBIX", "reportedCurrency": "USD", "cik": "0000914475", "fillingDate": "2011-07-29", "acceptedDate": "2011-07-29 14:27:05", "calendarYear": "2011", "period": "Q2", "revenue": 12157000, "costOfRevenue": 0, "grossProfit": 12157000, "grossProfitRatio": 1, "researchAndDevelopmentExpenses": 8176000, "generalAndAdministrativeExpenses": 2885000, "sellingAndMarketingExpenses": -76000, "sellingGeneralAndAdministrativeExpenses": 2809000, "otherExpenses": 0, "operatingExpenses": 10985000, "costAndExpenses": 10985000, "interestIncome": 120000, "interestExpense": 0, "depreciationAndAmortization": 174000, "ebitda": 1096000, "ebitdaratio": 0.0901538208, "operatingIncome": 1096000, "operatingIncomeRatio": 0.0901538208, "totalOtherIncomeExpensesNet": 880000, "incomeBeforeTax": 1976000, "incomeBeforeTaxRatio": 0.1625401004, "incomeTaxExpense": 0, "netIncome": 1976000, "netIncomeRatio": 0.1625401004, "eps": 0.0358, "epsdiluted": 0.035, "weightedAverageShsOut": 55209000, "weightedAverageShsOutDil": 56434000, "link": "https://www.sec.gov/Archives/edgar/data/914475/000119312511202566/0001193125-11-202566-index.htm", "finalLink": "https://www.sec.gov/Archives/edgar/data/914475/000119312511202566/d10q.htm"}, {"date": "2011-03-31", "symbol": "NBIX", "reportedCurrency": "USD", "cik": "0000914475", "fillingDate": "2011-05-03", "acceptedDate": "2011-05-03 16:19:37", "calendarYear": "2011", "period": "Q1", "revenue": 12512000, "costOfRevenue": 0, "grossProfit": 12512000, "grossProfitRatio": 1, "researchAndDevelopmentExpenses": 7317000, "generalAndAdministrativeExpenses": 3256000, "sellingAndMarketingExpenses": 0, "sellingGeneralAndAdministrativeExpenses": 3256000, "otherExpenses": 0, "operatingExpenses": 10573000, "costAndExpenses": 10573000, "interestIncome": 0, "interestExpense": 0, "depreciationAndAmortization": 240000, "ebitda": 1939000, "ebitdaratio": 0.1549712276, "operatingIncome": 1939000, "operatingIncomeRatio": 0.1549712276, "totalOtherIncomeExpensesNet": 943000, "incomeBeforeTax": 2882000, "incomeBeforeTaxRatio": 0.2303388747, "incomeTaxExpense": 0, "netIncome": 2882000, "netIncomeRatio": 0.2303388747, "eps": 0.0524, "epsdiluted": 0.0514, "weightedAverageShsOut": 54983000, "weightedAverageShsOutDil": 56114000, "link": "https://www.sec.gov/Archives/edgar/data/914475/000119312511123981/0001193125-11-123981-index.htm", "finalLink": "https://www.sec.gov/Archives/edgar/data/914475/000119312511123981/d10q.htm"}, {"date": "2010-12-31", "symbol": "NBIX", "reportedCurrency": "USD", "cik": "0000914475", "fillingDate": "2011-02-10", "acceptedDate": "2011-02-10 16:32:07", "calendarYear": "2010", "period": "Q4", "revenue": 13657000, "costOfRevenue": 0, "grossProfit": 13657000, "grossProfitRatio": 1, "researchAndDevelopmentExpenses": 8065000, "generalAndAdministrativeExpenses": 6122000, "sellingAndMarketingExpenses": 0, "sellingGeneralAndAdministrativeExpenses": 6122000, "otherExpenses": 0, "operatingExpenses": 14187000, "costAndExpenses": 14187000, "interestIncome": 0, "interestExpense": 0, "depreciationAndAmortization": 304000, "ebitda": 5528000, "ebitdaratio": 0.4047741085, "operatingIncome": -129000, "operatingIncomeRatio": -0.0094457055, "totalOtherIncomeExpensesNet": 129000, "incomeBeforeTax": -88613000, "incomeBeforeTaxRatio": -6.4884674526, "incomeTaxExpense": -10455000, "netIncome": 2487000, "netIncomeRatio": 0.1821044153, "eps": 0.0452, "epsdiluted": 0.0452, "weightedAverageShsOut": 54890000, "weightedAverageShsOutDil": 54983000, "link": "https://www.sec.gov/Archives/edgar/data/914475/000119312511030707/0001193125-11-030707-index.htm", "finalLink": "https://www.sec.gov/Archives/edgar/data/914475/000119312511030707/d10k.htm"}, {"date": "2010-09-30", "symbol": "NBIX", "reportedCurrency": "USD", "cik": "0000914475", "fillingDate": "2010-10-29", "acceptedDate": "2010-10-29 15:24:13", "calendarYear": "2010", "period": "Q3", "revenue": 14448000, "costOfRevenue": 0, "grossProfit": 14448000, "grossProfitRatio": 1, "researchAndDevelopmentExpenses": 8227000, "generalAndAdministrativeExpenses": 3635000, "sellingAndMarketingExpenses": 0, "sellingGeneralAndAdministrativeExpenses": 3635000, "otherExpenses": 0, "operatingExpenses": 11862000, "costAndExpenses": 11862000, "interestIncome": 0, "interestExpense": 0, "depreciationAndAmortization": 344000, "ebitda": 2466000, "ebitdaratio": 0.1706810631, "operatingIncome": 2466000, "operatingIncomeRatio": 0.1706810631, "totalOtherIncomeExpensesNet": 867000, "incomeBeforeTax": 3333000, "incomeBeforeTaxRatio": 0.2306893688, "incomeTaxExpense": 0, "netIncome": 3333000, "netIncomeRatio": 0.2306893688, "eps": 0.0608, "epsdiluted": 0.0599, "weightedAverageShsOut": 54844000, "weightedAverageShsOutDil": 55648000, "link": "https://www.sec.gov/Archives/edgar/data/914475/000119312510241155/0001193125-10-241155-index.htm", "finalLink": "https://www.sec.gov/Archives/edgar/data/914475/000119312510241155/d10q.htm"}]