[{"date": "2025-06-30", "symbol": "EW", "reportedCurrency": "USD", "cik": "0001099800", "fillingDate": "2025-06-30", "acceptedDate": "2025-06-29 20:00:00", "calendarYear": "2025", "period": "Q2", "revenue": 1532200000, "costOfRevenue": 342600000, "grossProfit": 1189600000, "grossProfitRatio": 0.7763999478, "researchAndDevelopmentExpenses": 276200000, "generalAndAdministrativeExpenses": 0, "sellingAndMarketingExpenses": 0, "sellingGeneralAndAdministrativeExpenses": 502000000, "otherExpenses": -19500000, "operatingExpenses": 758700000, "costAndExpenses": 1101300000, "interestIncome": 37400000, "interestExpense": 0, "depreciationAndAmortization": 38100000, "ebitda": 400200000, "ebitdaratio": 0.2611930557, "operatingIncome": 430900000, "operatingIncomeRatio": 0.2812296045, "totalOtherIncomeExpensesNet": -30700000, "incomeBeforeTax": 400200000, "incomeBeforeTaxRatio": 0.2611930557, "incomeTaxExpense": 64300000, "netIncome": 329800000, "netIncomeRatio": 0.2152460514, "eps": 0.57, "epsdiluted": 0.57, "weightedAverageShsOut": 587000000, "weightedAverageShsOutDil": 587900000, "link": "https://www.sec.gov/Archives/edgar/data/1099800/000109980025000048/0001099800-25-000048-index.htm", "finalLink": "https://www.sec.gov/Archives/edgar/data/1099800/000109980025000048/ew-20250630.htm"}, {"date": "2025-03-31", "symbol": "EW", "reportedCurrency": "USD", "cik": "0001099800", "fillingDate": "2025-05-06", "acceptedDate": "2025-05-06 16:13:32", "calendarYear": "2025", "period": "Q1", "revenue": 1412700000, "costOfRevenue": 301600000, "grossProfit": 1111100000, "grossProfitRatio": 0.786508105, "researchAndDevelopmentExpenses": 254600000, "generalAndAdministrativeExpenses": 0, "sellingAndMarketingExpenses": 0, "sellingGeneralAndAdministrativeExpenses": 465700000, "otherExpenses": -4000000, "operatingExpenses": 716300000, "costAndExpenses": 1017900000, "interestIncome": 19500000, "interestExpense": 0, "depreciationAndAmortization": 36600000, "ebitda": 470500000, "ebitdaratio": 0.3330501876, "operatingIncome": 394800000, "operatingIncomeRatio": 0.2794648545, "totalOtherIncomeExpensesNet": 39100000, "incomeBeforeTax": 433900000, "incomeBeforeTaxRatio": 0.3071423515, "incomeTaxExpense": 70300000, "netIncome": 358000000, "netIncomeRatio": 0.2534154456, "eps": 0.61, "epsdiluted": 0.61, "weightedAverageShsOut": 586900000, "weightedAverageShsOutDil": 587800000, "link": "https://www.sec.gov/Archives/edgar/data/1099800/000109980025000023/0001099800-25-000023-index.htm", "finalLink": "https://www.sec.gov/Archives/edgar/data/1099800/000109980025000023/ew-20250331.htm"}, {"date": "2024-12-31", "symbol": "EW", "reportedCurrency": "USD", "cik": "0001099800", "fillingDate": "2025-02-28", "acceptedDate": "2025-02-28 16:50:53", "calendarYear": "2024", "period": "Q4", "revenue": 1385800000, "costOfRevenue": 292200000, "grossProfit": 1093600000, "grossProfitRatio": 0.7891470631, "researchAndDevelopmentExpenses": 271100000, "generalAndAdministrativeExpenses": 0, "sellingAndMarketingExpenses": 0, "sellingGeneralAndAdministrativeExpenses": 491900000, "otherExpenses": 18000000, "operatingExpenses": 781000000, "costAndExpenses": 1073200000, "interestIncome": 44200000, "interestExpense": 0, "depreciationAndAmortization": 42600000, "ebitda": 483700000, "ebitdaratio": 0.3490402656, "operatingIncome": 312600000, "operatingIncomeRatio": 0.2255736759, "totalOtherIncomeExpensesNet": 77500000, "incomeBeforeTax": 390100000, "incomeBeforeTaxRatio": 0.2814980517, "incomeTaxExpense": 45100000, "netIncome": 385600000, "netIncomeRatio": 0.2782508298, "eps": 0.65, "epsdiluted": 0.65, "weightedAverageShsOut": 589800000, "weightedAverageShsOutDil": 590500000, "link": "https://www.sec.gov/Archives/edgar/data/1099800/000109980025000005/0001099800-25-000005-index.htm", "finalLink": "https://www.sec.gov/Archives/edgar/data/1099800/000109980025000005/ew-20241231.htm"}, {"date": "2024-09-30", "symbol": "EW", "reportedCurrency": "USD", "cik": "0001099800", "fillingDate": "2024-11-06", "acceptedDate": "2024-11-06 16:20:18", "calendarYear": "2024", "period": "Q3", "revenue": 1354400000, "costOfRevenue": 262900000, "grossProfit": 1091500000, "grossProfitRatio": 0.8058919079, "researchAndDevelopmentExpenses": 253400000, "generalAndAdministrativeExpenses": 0, "sellingAndMarketingExpenses": 0, "sellingGeneralAndAdministrativeExpenses": 421400000, "otherExpenses": 66100000, "operatingExpenses": 740900000, "costAndExpenses": 1003800000, "interestIncome": 23500000, "interestExpense": 0, "depreciationAndAmortization": 34500000, "ebitda": 428800000, "ebitdaratio": 0.3165977555, "operatingIncome": 350600000, "operatingIncomeRatio": 0.2588600118, "totalOtherIncomeExpensesNet": 52200000, "incomeBeforeTax": 402800000, "incomeBeforeTaxRatio": 0.2974010632, "incomeTaxExpense": 40700000, "netIncome": 3070800000, "netIncomeRatio": 2.267277023, "eps": 5.14, "epsdiluted": 5.13, "weightedAverageShsOut": 597200000, "weightedAverageShsOutDil": 598100000, "link": "https://www.sec.gov/Archives/edgar/data/1099800/000109980024000086/0001099800-24-000086-index.htm", "finalLink": "https://www.sec.gov/Archives/edgar/data/1099800/000109980024000086/ew-20240930.htm"}, {"date": "2024-06-30", "symbol": "EW", "reportedCurrency": "USD", "cik": "0001099800", "fillingDate": "2024-07-31", "acceptedDate": "2024-07-31 16:14:58", "calendarYear": "2024", "period": "Q2", "revenue": 1385900000, "costOfRevenue": 297800000, "grossProfit": 1088100000, "grossProfitRatio": 0.7851215816, "researchAndDevelopmentExpenses": 272600000, "generalAndAdministrativeExpenses": 0, "sellingAndMarketingExpenses": 0, "sellingGeneralAndAdministrativeExpenses": 450800000, "otherExpenses": 0, "operatingExpenses": 723400000, "costAndExpenses": 1021200000, "interestIncome": 16500000, "interestExpense": 0, "depreciationAndAmortization": 39600000, "ebitda": 426200000, "ebitdaratio": 0.3075257955, "operatingIncome": 364700000, "operatingIncomeRatio": 0.2631502994, "totalOtherIncomeExpensesNet": 21900000, "incomeBeforeTax": 386600000, "incomeBeforeTaxRatio": 0.2789523054, "incomeTaxExpense": 20200000, "netIncome": 363700000, "netIncomeRatio": 0.2624287467, "eps": 0.61, "epsdiluted": 0.61, "weightedAverageShsOut": 602100000, "weightedAverageShsOutDil": 604300000, "link": "https://www.sec.gov/Archives/edgar/data/1099800/000109980024000078/0001099800-24-000078-index.htm", "finalLink": "https://www.sec.gov/Archives/edgar/data/1099800/000109980024000078/ew-20240630.htm"}, {"date": "2024-03-31", "symbol": "EW", "reportedCurrency": "USD", "cik": "0001099800", "fillingDate": "2024-04-29", "acceptedDate": "2024-04-29 16:06:19", "calendarYear": "2024", "period": "Q1", "revenue": 1329900000, "costOfRevenue": 289300000, "grossProfit": 1040599999, "grossProfitRatio": 0.7824648462, "researchAndDevelopmentExpenses": 256700000, "generalAndAdministrativeExpenses": 0, "sellingAndMarketingExpenses": 0, "sellingGeneralAndAdministrativeExpenses": 428400000, "otherExpenses": 0, "operatingExpenses": 685100000, "costAndExpenses": 974400000, "interestIncome": 19000000, "interestExpense": 0, "depreciationAndAmortization": 38500000, "ebitda": 409700000, "ebitdaratio": 0.3080682758, "operatingIncome": 355500000, "operatingIncomeRatio": 0.2673133318, "totalOtherIncomeExpensesNet": 15700000, "incomeBeforeTax": 371200000, "incomeBeforeTaxRatio": 0.2791187307, "incomeTaxExpense": 46300000, "netIncome": 351900000, "netIncomeRatio": 0.2646063614, "eps": 0.58, "epsdiluted": 0.58, "weightedAverageShsOut": 601600000, "weightedAverageShsOutDil": 604100000, "link": "https://www.sec.gov/Archives/edgar/data/1099800/000109980024000039/0001099800-24-000039-index.htm", "finalLink": "https://www.sec.gov/Archives/edgar/data/1099800/000109980024000039/ew-20240331.htm"}, {"date": "2023-12-31", "symbol": "EW", "reportedCurrency": "USD", "cik": "0001099800", "fillingDate": "2024-02-12", "acceptedDate": "2024-02-12 16:47:29", "calendarYear": "2023", "period": "Q4", "revenue": 1266400000, "costOfRevenue": 251000000, "grossProfit": 1015400000, "grossProfitRatio": 0.801800379, "researchAndDevelopmentExpenses": 242100000, "generalAndAdministrativeExpenses": 0, "sellingAndMarketingExpenses": 0, "sellingGeneralAndAdministrativeExpenses": 416600000, "otherExpenses": 0, "operatingExpenses": 658700000, "costAndExpenses": 909700000, "interestIncome": 16800000, "interestExpense": 0, "depreciationAndAmortization": 36700000, "ebitda": 403900000, "ebitdaratio": 0.3189355654, "operatingIncome": 356700000, "operatingIncomeRatio": 0.281664561, "totalOtherIncomeExpensesNet": 10500000, "incomeBeforeTax": 367200000, "incomeBeforeTaxRatio": 0.2899557802, "incomeTaxExpense": 34100000, "netIncome": 369900000, "netIncomeRatio": 0.292087808, "eps": 0.61, "epsdiluted": 0.61, "weightedAverageShsOut": 605200000, "weightedAverageShsOutDil": 606900000, "link": "https://www.sec.gov/Archives/edgar/data/1099800/000109980024000004/0001099800-24-000004-index.htm", "finalLink": "https://www.sec.gov/Archives/edgar/data/1099800/000109980024000004/ew-20231231.htm"}, {"date": "2023-09-30", "symbol": "EW", "reportedCurrency": "USD", "cik": "0001099800", "fillingDate": "2023-10-27", "acceptedDate": "2023-10-27 16:49:16", "calendarYear": "2023", "period": "Q3", "revenue": 1243400000, "costOfRevenue": 272200000, "grossProfit": 971200000, "grossProfitRatio": 0.7810841242, "researchAndDevelopmentExpenses": 242800000, "generalAndAdministrativeExpenses": 0, "sellingAndMarketingExpenses": 0, "sellingGeneralAndAdministrativeExpenses": 381900000, "otherExpenses": 0, "operatingExpenses": 624700000, "costAndExpenses": 896900000, "interestIncome": 16300000, "interestExpense": 0, "depreciationAndAmortization": 36900000, "ebitda": 424500000, "ebitdaratio": 0.3414026058, "operatingIncome": 346500000, "operatingIncomeRatio": 0.2786713849, "totalOtherIncomeExpensesNet": 41100000, "incomeBeforeTax": 387600000, "incomeBeforeTaxRatio": 0.3117259128, "incomeTaxExpense": 52700000, "netIncome": 384900000, "netIncomeRatio": 0.3095544475, "eps": 0.63, "epsdiluted": 0.63, "weightedAverageShsOut": 607000000, "weightedAverageShsOutDil": 609500000, "link": "https://www.sec.gov/Archives/edgar/data/1099800/000109980023000039/0001099800-23-000039-index.htm", "finalLink": "https://www.sec.gov/Archives/edgar/data/1099800/000109980023000039/ew-20230930.htm"}, {"date": "2023-06-30", "symbol": "EW", "reportedCurrency": "USD", "cik": "0001099800", "fillingDate": "2023-07-28", "acceptedDate": "2023-07-28 16:32:01", "calendarYear": "2023", "period": "Q2", "revenue": 1295500000, "costOfRevenue": 270800000, "grossProfit": 1024700000, "grossProfitRatio": 0.7909687379, "researchAndDevelopmentExpenses": 243700000, "generalAndAdministrativeExpenses": 0, "sellingAndMarketingExpenses": 0, "sellingGeneralAndAdministrativeExpenses": 410400000, "otherExpenses": 0, "operatingExpenses": 654100000, "costAndExpenses": 924900000, "interestIncome": 12900000, "interestExpense": 0, "depreciationAndAmortization": 36100000, "ebitda": 311200000, "ebitdaratio": 0.2402161328, "operatingIncome": 370600000, "operatingIncomeRatio": 0.2860671555, "totalOtherIncomeExpensesNet": -95500000, "incomeBeforeTax": 275100000, "incomeBeforeTaxRatio": 0.2123504438, "incomeTaxExpense": 20900000, "netIncome": 307100000, "netIncomeRatio": 0.2370513315, "eps": 0.51, "epsdiluted": 0.5, "weightedAverageShsOut": 606900000, "weightedAverageShsOutDil": 610300000, "link": "https://www.sec.gov/Archives/edgar/data/1099800/000109980023000034/0001099800-23-000034-index.htm", "finalLink": "https://www.sec.gov/Archives/edgar/data/1099800/000109980023000034/ew-20230630.htm"}, {"date": "2023-03-31", "symbol": "EW", "reportedCurrency": "USD", "cik": "0001099800", "fillingDate": "2023-04-28", "acceptedDate": "2023-04-28 16:49:04", "calendarYear": "2023", "period": "Q1", "revenue": 1459600000, "costOfRevenue": 359300000, "grossProfit": 1100300000, "grossProfitRatio": 0.7538366676, "researchAndDevelopmentExpenses": 261200000, "generalAndAdministrativeExpenses": 0, "sellingAndMarketingExpenses": 0, "sellingGeneralAndAdministrativeExpenses": 436300000, "otherExpenses": 0, "operatingExpenses": 697500000, "costAndExpenses": 1056800000, "interestIncome": 6900000, "interestExpense": 0, "depreciationAndAmortization": 42000000, "ebitda": 440600000, "ebitdaratio": 0.3018635243, "operatingIncome": 402800000, "operatingIncomeRatio": 0.2759660181, "totalOtherIncomeExpensesNet": -4200000, "incomeBeforeTax": 398600000, "incomeBeforeTaxRatio": 0.2730885174, "incomeTaxExpense": 58100000, "netIncome": 340500000, "netIncomeRatio": 0.2332830913, "eps": 0.56, "epsdiluted": 0.56, "weightedAverageShsOut": 607500000, "weightedAverageShsOutDil": 610900000, "link": "https://www.sec.gov/Archives/edgar/data/1099800/000109980023000021/0001099800-23-000021-index.htm", "finalLink": "https://www.sec.gov/Archives/edgar/data/1099800/000109980023000021/ew-20230331.htm"}, {"date": "2022-12-31", "symbol": "EW", "reportedCurrency": "USD", "cik": "0001099800", "fillingDate": "2023-02-13", "acceptedDate": "2023-02-13 16:32:19", "calendarYear": "2022", "period": "Q4", "revenue": 1348300000, "costOfRevenue": 295600000, "grossProfit": 1052700000, "grossProfitRatio": 0.7807609582, "researchAndDevelopmentExpenses": 232200000, "generalAndAdministrativeExpenses": 0, "sellingAndMarketingExpenses": 0, "sellingGeneralAndAdministrativeExpenses": 411000000, "otherExpenses": 0, "operatingExpenses": 643200000, "costAndExpenses": 938800000, "interestIncome": 6300000, "interestExpense": 0, "depreciationAndAmortization": 42000000, "ebitda": 501300000, "ebitdaratio": 0.3718015278, "operatingIncome": 409500000, "operatingIncomeRatio": 0.3037157903, "totalOtherIncomeExpensesNet": 49800000, "incomeBeforeTax": 459300000, "incomeBeforeTaxRatio": 0.3406511904, "incomeTaxExpense": 60900000, "netIncome": 398400000, "netIncomeRatio": 0.2954832011, "eps": 0.65, "epsdiluted": 0.65, "weightedAverageShsOut": 612900000, "weightedAverageShsOutDil": 616200000, "link": "https://www.sec.gov/Archives/edgar/data/1099800/000109980023000005/0001099800-23-000005-index.htm", "finalLink": "https://www.sec.gov/Archives/edgar/data/1099800/000109980023000005/ew-20221231.htm"}, {"date": "2022-09-30", "symbol": "EW", "reportedCurrency": "USD", "cik": "0001099800", "fillingDate": "2022-10-28", "acceptedDate": "2022-10-28 16:21:34", "calendarYear": "2022", "period": "Q3", "revenue": 1319000000, "costOfRevenue": 280900000, "grossProfit": 1038099999, "grossProfitRatio": 0.7870356323, "researchAndDevelopmentExpenses": 233600000, "generalAndAdministrativeExpenses": 0, "sellingAndMarketingExpenses": 0, "sellingGeneralAndAdministrativeExpenses": 377300000, "otherExpenses": 0, "operatingExpenses": 610900000, "costAndExpenses": 891800000, "interestIncome": 5100000, "interestExpense": 0, "depreciationAndAmortization": 42100000, "ebitda": 449400000, "ebitdaratio": 0.3407126611, "operatingIncome": 427200000, "operatingIncomeRatio": 0.3238817286, "totalOtherIncomeExpensesNet": -19900000, "incomeBeforeTax": 407300000, "incomeBeforeTaxRatio": 0.3087945413, "incomeTaxExpense": 63800000, "netIncome": 343500000, "netIncomeRatio": 0.2604245641, "eps": 0.55, "epsdiluted": 0.55, "weightedAverageShsOut": 619800000, "weightedAverageShsOutDil": 624500000, "link": "https://www.sec.gov/Archives/edgar/data/1099800/000109980022000025/0001099800-22-000025-index.htm", "finalLink": "https://www.sec.gov/Archives/edgar/data/1099800/000109980022000025/ew-20220930.htm"}, {"date": "2022-06-30", "symbol": "EW", "reportedCurrency": "USD", "cik": "0001099800", "fillingDate": "2022-07-29", "acceptedDate": "2022-07-29 16:55:30", "calendarYear": "2022", "period": "Q2", "revenue": 1373900000, "costOfRevenue": 285700000, "grossProfit": 1088200000, "grossProfitRatio": 0.7920518233, "researchAndDevelopmentExpenses": 250800000, "generalAndAdministrativeExpenses": 0, "sellingAndMarketingExpenses": 0, "sellingGeneralAndAdministrativeExpenses": 409000000, "otherExpenses": 0, "operatingExpenses": 659800000, "costAndExpenses": 945500000, "interestIncome": 0, "interestExpense": 1100000, "depreciationAndAmortization": 40900000, "ebitda": 506700000, "ebitdaratio": 0.3688041342, "operatingIncome": 428400000, "operatingIncomeRatio": 0.3118130868, "totalOtherIncomeExpensesNet": 36300000, "incomeBeforeTax": 464700000, "incomeBeforeTaxRatio": 0.3382342237, "incomeTaxExpense": 58300000, "netIncome": 406400000, "netIncomeRatio": 0.2958002766, "eps": 0.65, "epsdiluted": 0.65, "weightedAverageShsOut": 620900000, "weightedAverageShsOutDil": 626700000, "link": "https://www.sec.gov/Archives/edgar/data/1099800/000109980022000020/0001099800-22-000020-index.htm", "finalLink": "https://www.sec.gov/Archives/edgar/data/1099800/000109980022000020/ew-20220630.htm"}, {"date": "2022-03-31", "symbol": "EW", "reportedCurrency": "USD", "cik": "0001099800", "fillingDate": "2022-04-28", "acceptedDate": "2022-04-28 16:08:23", "calendarYear": "2022", "period": "Q1", "revenue": 1341200000, "costOfRevenue": 306600000, "grossProfit": 1034599999, "grossProfitRatio": 0.7713987466, "researchAndDevelopmentExpenses": 228600000, "generalAndAdministrativeExpenses": 0, "sellingAndMarketingExpenses": 0, "sellingGeneralAndAdministrativeExpenses": 370300000, "otherExpenses": 0, "operatingExpenses": 598900000, "costAndExpenses": 905500000, "interestIncome": 0, "interestExpense": 1000000, "depreciationAndAmortization": 41800000, "ebitda": 478900000, "ebitdaratio": 0.357068297, "operatingIncome": 435700000, "operatingIncomeRatio": 0.3248583358, "totalOtherIncomeExpensesNet": 400000, "incomeBeforeTax": 436100000, "incomeBeforeTaxRatio": 0.3251565762, "incomeTaxExpense": 62500000, "netIncome": 373600000, "netIncomeRatio": 0.2785565166, "eps": 0.6, "epsdiluted": 0.59, "weightedAverageShsOut": 622100000, "weightedAverageShsOutDil": 629400000, "link": "https://www.sec.gov/Archives/edgar/data/1099800/000109980022000009/0001099800-22-000009-index.htm", "finalLink": "https://www.sec.gov/Archives/edgar/data/1099800/000109980022000009/ew-20220331.htm"}, {"date": "2021-12-31", "symbol": "EW", "reportedCurrency": "USD", "cik": "0001099800", "fillingDate": "2022-02-14", "acceptedDate": "2022-02-14 16:15:49", "calendarYear": "2021", "period": "Q4", "revenue": 1329700000, "costOfRevenue": 311100000, "grossProfit": 1018600000, "grossProfitRatio": 0.7660374521, "researchAndDevelopmentExpenses": 232800000, "generalAndAdministrativeExpenses": 0, "sellingAndMarketingExpenses": 0, "sellingGeneralAndAdministrativeExpenses": 424000000, "otherExpenses": 0, "operatingExpenses": 656800000, "costAndExpenses": 967900000, "interestIncome": 0, "interestExpense": 1200000, "depreciationAndAmortization": 40100000, "ebitda": 417600000, "ebitdaratio": 0.3140558021, "operatingIncome": 361800000, "operatingIncomeRatio": 0.2720914492, "totalOtherIncomeExpensesNet": 14500000, "incomeBeforeTax": 376300000, "incomeBeforeTaxRatio": 0.2829961645, "incomeTaxExpense": 41000000, "netIncome": 335300000, "netIncomeRatio": 0.2521621418, "eps": 0.54, "epsdiluted": 0.53, "weightedAverageShsOut": 624100000, "weightedAverageShsOutDil": 632000000, "link": "https://www.sec.gov/Archives/edgar/data/1099800/000109980022000005/0001099800-22-000005-index.htm", "finalLink": "https://www.sec.gov/Archives/edgar/data/1099800/000109980022000005/ew-20211231.htm"}, {"date": "2021-09-30", "symbol": "EW", "reportedCurrency": "USD", "cik": "0001099800", "fillingDate": "2021-10-29", "acceptedDate": "2021-10-29 16:56:40", "calendarYear": "2021", "period": "Q3", "revenue": 1310200000, "costOfRevenue": 300900000, "grossProfit": 1009300000, "grossProfitRatio": 0.770340406, "researchAndDevelopmentExpenses": 238000000, "generalAndAdministrativeExpenses": 0, "sellingAndMarketingExpenses": 0, "sellingGeneralAndAdministrativeExpenses": 364100000, "otherExpenses": 0, "operatingExpenses": 602100000, "costAndExpenses": 903000000, "interestIncome": 0, "interestExpense": 2400000, "depreciationAndAmortization": 40700000, "ebitda": 434000000, "ebitdaratio": 0.3312471378, "operatingIncome": 407200000, "operatingIncomeRatio": 0.3107922455, "totalOtherIncomeExpensesNet": -16300000, "incomeBeforeTax": 390900000, "incomeBeforeTaxRatio": 0.2983513967, "incomeTaxExpense": 50800000, "netIncome": 340100000, "netIncomeRatio": 0.2595786903, "eps": 0.55, "epsdiluted": 0.54, "weightedAverageShsOut": 623600000, "weightedAverageShsOutDil": 631700000, "link": "https://www.sec.gov/Archives/edgar/data/1099800/000109980021000027/0001099800-21-000027-index.htm", "finalLink": "https://www.sec.gov/Archives/edgar/data/1099800/000109980021000027/ew-20210930.htm"}, {"date": "2021-06-30", "symbol": "EW", "reportedCurrency": "USD", "cik": "0001099800", "fillingDate": "2021-07-30", "acceptedDate": "2021-07-30 16:06:45", "calendarYear": "2021", "period": "Q2", "revenue": 1376000000, "costOfRevenue": 326000000, "grossProfit": 1050000000, "grossProfitRatio": 0.7630813953, "researchAndDevelopmentExpenses": 225300000, "generalAndAdministrativeExpenses": 0, "sellingAndMarketingExpenses": 0, "sellingGeneralAndAdministrativeExpenses": 374100000, "otherExpenses": 0, "operatingExpenses": 599400000, "costAndExpenses": 925400000, "interestIncome": 0, "interestExpense": 2500000, "depreciationAndAmortization": 42800000, "ebitda": 590800000, "ebitdaratio": 0.4293604651, "operatingIncome": 450600000, "operatingIncomeRatio": 0.3274709302, "totalOtherIncomeExpensesNet": 94900000, "incomeBeforeTax": 545500000, "incomeBeforeTaxRatio": 0.3964389535, "incomeTaxExpense": 56000000, "netIncome": 489500000, "netIncomeRatio": 0.3557412791, "eps": 0.79, "epsdiluted": 0.78, "weightedAverageShsOut": 622300000, "weightedAverageShsOutDil": 629900000, "link": "https://www.sec.gov/Archives/edgar/data/1099800/000109980021000022/0001099800-21-000022-index.htm", "finalLink": "https://www.sec.gov/Archives/edgar/data/1099800/000109980021000022/ew-20210630.htm"}, {"date": "2021-03-31", "symbol": "EW", "reportedCurrency": "USD", "cik": "0001099800", "fillingDate": "2021-04-28", "acceptedDate": "2021-04-28 16:09:35", "calendarYear": "2021", "period": "Q1", "revenue": 1216600000, "costOfRevenue": 287900000, "grossProfit": 928700000, "grossProfitRatio": 0.7633568963, "researchAndDevelopmentExpenses": 207000000, "generalAndAdministrativeExpenses": 0, "sellingAndMarketingExpenses": 0, "sellingGeneralAndAdministrativeExpenses": 330900000, "otherExpenses": 0, "operatingExpenses": 537900000, "costAndExpenses": 825800000, "interestIncome": 0, "interestExpense": 1300000, "depreciationAndAmortization": 39700000, "ebitda": 430300000, "ebitdaratio": 0.3536906132, "operatingIncome": 390800000, "operatingIncomeRatio": 0.3212230807, "totalOtherIncomeExpensesNet": -1500000, "incomeBeforeTax": 389300000, "incomeBeforeTaxRatio": 0.3199901364, "incomeTaxExpense": 51100000, "netIncome": 338200000, "netIncomeRatio": 0.2779878349, "eps": 0.54, "epsdiluted": 0.54, "weightedAverageShsOut": 623200000, "weightedAverageShsOutDil": 631300000, "link": "https://www.sec.gov/Archives/edgar/data/1099800/000109980021000012/0001099800-21-000012-index.htm", "finalLink": "https://www.sec.gov/Archives/edgar/data/1099800/000109980021000012/ew-20210331.htm"}, {"date": "2020-12-31", "symbol": "EW", "reportedCurrency": "USD", "cik": "0001099800", "fillingDate": "2021-02-12", "acceptedDate": "2021-02-12 16:58:56", "calendarYear": "2020", "period": "Q4", "revenue": 1191700000, "costOfRevenue": 295000000, "grossProfit": 896700000, "grossProfitRatio": 0.7524544768, "researchAndDevelopmentExpenses": 195700000, "generalAndAdministrativeExpenses": 0, "sellingAndMarketingExpenses": 0, "sellingGeneralAndAdministrativeExpenses": 338700000, "otherExpenses": 0, "operatingExpenses": 534400000, "costAndExpenses": 829400000, "interestIncome": 0, "interestExpense": 1000000, "depreciationAndAmortization": 40100000, "ebitda": 397200000, "ebitdaratio": 0.3333053621, "operatingIncome": 362300000, "operatingIncomeRatio": 0.304019468, "totalOtherIncomeExpensesNet": -6200000, "incomeBeforeTax": 356100000, "incomeBeforeTaxRatio": 0.2988168163, "incomeTaxExpense": 46600000, "netIncome": 309500000, "netIncomeRatio": 0.259713015, "eps": 0.5, "epsdiluted": 0.49, "weightedAverageShsOut": 623500000, "weightedAverageShsOutDil": 632000000, "link": "https://www.sec.gov/Archives/edgar/data/1099800/000109980021000007/0001099800-21-000007-index.htm", "finalLink": "https://www.sec.gov/Archives/edgar/data/1099800/000109980021000007/ew-20201231.htm"}, {"date": "2020-09-30", "symbol": "EW", "reportedCurrency": "USD", "cik": "0001099800", "fillingDate": "2020-10-26", "acceptedDate": "2020-10-23 19:57:27", "calendarYear": "2020", "period": "Q3", "revenue": 1140900000, "costOfRevenue": 286900000, "grossProfit": 854000000, "grossProfitRatio": 0.7485318608, "researchAndDevelopmentExpenses": 195500000, "generalAndAdministrativeExpenses": 0, "sellingAndMarketingExpenses": 0, "sellingGeneralAndAdministrativeExpenses": 307500000, "otherExpenses": 0, "operatingExpenses": 503000000, "costAndExpenses": 789900000, "interestIncome": 0, "interestExpense": 800000, "depreciationAndAmortization": 33000000, "ebitda": 398100000, "ebitdaratio": 0.3489350513, "operatingIncome": 351000000, "operatingIncomeRatio": 0.3076518538, "totalOtherIncomeExpensesNet": 13300000, "incomeBeforeTax": 364300000, "incomeBeforeTaxRatio": 0.3193093172, "incomeTaxExpense": 39100000, "netIncome": 325200000, "netIncomeRatio": 0.2850381278, "eps": 0.52, "epsdiluted": 0.52, "weightedAverageShsOut": 622100000, "weightedAverageShsOutDil": 631000000, "link": "https://www.sec.gov/Archives/edgar/data/1099800/000109980020000024/0001099800-20-000024-index.htm", "finalLink": "https://www.sec.gov/Archives/edgar/data/1099800/000109980020000024/ew10-qq32020.htm"}, {"date": "2020-06-30", "symbol": "EW", "reportedCurrency": "USD", "cik": "0001099800", "fillingDate": "2020-07-27", "acceptedDate": "2020-07-27 16:55:47", "calendarYear": "2020", "period": "Q2", "revenue": 925000000, "costOfRevenue": 245900000, "grossProfit": 679100000, "grossProfitRatio": 0.7341621622, "researchAndDevelopmentExpenses": 182100000, "generalAndAdministrativeExpenses": 0, "sellingAndMarketingExpenses": 0, "sellingGeneralAndAdministrativeExpenses": 275800000, "otherExpenses": 0, "operatingExpenses": 457900000, "costAndExpenses": 703800000, "interestIncome": 200000, "interestExpense": 0, "depreciationAndAmortization": 31100000, "ebitda": -137100000, "ebitdaratio": -0.1482162162, "operatingIncome": 221200000, "operatingIncomeRatio": 0.2391351351, "totalOtherIncomeExpensesNet": -389400000, "incomeBeforeTax": -168200000, "incomeBeforeTaxRatio": -0.1818378378, "incomeTaxExpense": -46300000, "netIncome": -121900000, "netIncomeRatio": -0.1317837838, "eps": -0.2, "epsdiluted": -0.2, "weightedAverageShsOut": 609500000, "weightedAverageShsOutDil": 620300000, "link": "https://www.sec.gov/Archives/edgar/data/1099800/000109980020000019/0001099800-20-000019-index.htm", "finalLink": "https://www.sec.gov/Archives/edgar/data/1099800/000109980020000019/ew10-qq22020.htm"}, {"date": "2020-03-31", "symbol": "EW", "reportedCurrency": "USD", "cik": "0001099800", "fillingDate": "2020-04-28", "acceptedDate": "2020-04-27 19:56:19", "calendarYear": "2020", "period": "Q1", "revenue": 1128700000, "costOfRevenue": 271200000, "grossProfit": 857500000, "grossProfitRatio": 0.7597235758, "researchAndDevelopmentExpenses": 187400000, "generalAndAdministrativeExpenses": 0, "sellingAndMarketingExpenses": 0, "sellingGeneralAndAdministrativeExpenses": 308600000, "otherExpenses": 0, "operatingExpenses": 496000000, "costAndExpenses": 767200000, "interestIncome": 2800000, "interestExpense": 0, "depreciationAndAmortization": 31200000, "ebitda": 395700000, "ebitdaratio": 0.3505803136, "operatingIncome": 361500000, "operatingIncomeRatio": 0.3202799681, "totalOtherIncomeExpensesNet": 3000000, "incomeBeforeTax": 364500000, "incomeBeforeTaxRatio": 0.3229378932, "incomeTaxExpense": 53900000, "netIncome": 310600000, "netIncomeRatio": 0.2751838398, "eps": 0.5, "epsdiluted": 0.49, "weightedAverageShsOut": 624600000, "weightedAverageShsOutDil": 635100000, "link": "https://www.sec.gov/Archives/edgar/data/1099800/000109980020000009/0001099800-20-000009-index.htm", "finalLink": "https://www.sec.gov/Archives/edgar/data/1099800/000109980020000009/ew10-qq12020.htm"}, {"date": "2019-12-31", "symbol": "EW", "reportedCurrency": "USD", "cik": "0001099800", "fillingDate": "2020-02-14", "acceptedDate": "2020-02-14 16:13:26", "calendarYear": "2019", "period": "Q4", "revenue": 1174100000, "costOfRevenue": 295400000, "grossProfit": 878700000, "grossProfitRatio": 0.7484030321, "researchAndDevelopmentExpenses": 193900000, "generalAndAdministrativeExpenses": 0, "sellingAndMarketingExpenses": 0, "sellingGeneralAndAdministrativeExpenses": 347700000, "otherExpenses": 0, "operatingExpenses": 541600000, "costAndExpenses": 837000000, "interestIncome": 2700000, "interestExpense": 0, "depreciationAndAmortization": 30500000, "ebitda": 346000000, "ebitdaratio": 0.294693808, "operatingIncome": 337100000, "operatingIncomeRatio": 0.2871135338, "totalOtherIncomeExpensesNet": -21600000, "incomeBeforeTax": 315500000, "incomeBeforeTaxRatio": 0.2687164637, "incomeTaxExpense": 35300000, "netIncome": 280200000, "netIncomeRatio": 0.2386508815, "eps": 0.45, "epsdiluted": 0.44, "weightedAverageShsOut": 626400000, "weightedAverageShsOutDil": 637800000, "link": "https://www.sec.gov/Archives/edgar/data/1099800/000109980020000005/0001099800-20-000005-index.htm", "finalLink": "https://www.sec.gov/Archives/edgar/data/1099800/000109980020000005/ew10-kq42019.htm"}, {"date": "2019-09-30", "symbol": "EW", "reportedCurrency": "USD", "cik": "0001099800", "fillingDate": "2019-10-25", "acceptedDate": "2019-10-25 16:08:59", "calendarYear": "2019", "period": "Q3", "revenue": 1094000000, "costOfRevenue": 305200000, "grossProfit": 788800000, "grossProfitRatio": 0.721023766, "researchAndDevelopmentExpenses": 195500000, "generalAndAdministrativeExpenses": 0, "sellingAndMarketingExpenses": 0, "sellingGeneralAndAdministrativeExpenses": 306800000, "otherExpenses": 0, "operatingExpenses": 502300000, "costAndExpenses": 807500000, "interestIncome": 1100000, "interestExpense": 0, "depreciationAndAmortization": 30000000, "ebitda": 331700000, "ebitdaratio": 0.3031992687, "operatingIncome": 286500000, "operatingIncomeRatio": 0.2618829982, "totalOtherIncomeExpensesNet": 15200000, "incomeBeforeTax": 301700000, "incomeBeforeTaxRatio": 0.2757769653, "incomeTaxExpense": 27000000, "netIncome": 274700000, "netIncomeRatio": 0.2510968921, "eps": 0.44, "epsdiluted": 0.43, "weightedAverageShsOut": 624600000, "weightedAverageShsOutDil": 636300000, "link": "https://www.sec.gov/Archives/edgar/data/1099800/000109980019000024/0001099800-19-000024-index.htm", "finalLink": "https://www.sec.gov/Archives/edgar/data/1099800/000109980019000024/ew10-qq32019.htm"}, {"date": "2019-06-30", "symbol": "EW", "reportedCurrency": "USD", "cik": "0001099800", "fillingDate": "2019-07-26", "acceptedDate": "2019-07-26 16:05:11", "calendarYear": "2019", "period": "Q2", "revenue": 1086900000, "costOfRevenue": 315300000, "grossProfit": 771600000, "grossProfitRatio": 0.7099089153, "researchAndDevelopmentExpenses": 191900000, "generalAndAdministrativeExpenses": 0, "sellingAndMarketingExpenses": 0, "sellingGeneralAndAdministrativeExpenses": 309000000, "otherExpenses": 0, "operatingExpenses": 500900000, "costAndExpenses": 816200000, "interestIncome": 700000, "interestExpense": 0, "depreciationAndAmortization": 27800000, "ebitda": 299100000, "ebitdaratio": 0.2751863097, "operatingIncome": 270700000, "operatingIncomeRatio": 0.249056951, "totalOtherIncomeExpensesNet": 600000, "incomeBeforeTax": 271300000, "incomeBeforeTaxRatio": 0.2496089797, "incomeTaxExpense": 29000000, "netIncome": 242300000, "netIncomeRatio": 0.2229275922, "eps": 0.39, "epsdiluted": 0.38, "weightedAverageShsOut": 624400000, "weightedAverageShsOutDil": 636200000, "link": "https://www.sec.gov/Archives/edgar/data/1099800/000109980019000019/0001099800-19-000019-index.htm", "finalLink": "https://www.sec.gov/Archives/edgar/data/1099800/000109980019000019/ew10-qq22019.htm"}, {"date": "2019-03-31", "symbol": "EW", "reportedCurrency": "USD", "cik": "0001099800", "fillingDate": "2019-04-26", "acceptedDate": "2019-04-26 16:09:27", "calendarYear": "2019", "period": "Q1", "revenue": 993000000, "costOfRevenue": 239400000, "grossProfit": 753600000, "grossProfitRatio": 0.7589123867, "researchAndDevelopmentExpenses": 171400000, "generalAndAdministrativeExpenses": 0, "sellingAndMarketingExpenses": 0, "sellingGeneralAndAdministrativeExpenses": 280600000, "otherExpenses": 0, "operatingExpenses": 452000000, "costAndExpenses": 691400000, "interestIncome": 400000, "interestExpense": 0, "depreciationAndAmortization": 26300000, "ebitda": 304300000, "ebitdaratio": 0.3064451158, "operatingIncome": 301600000, "operatingIncomeRatio": 0.3037260826, "totalOtherIncomeExpensesNet": -23600000, "incomeBeforeTax": 278000000, "incomeBeforeTaxRatio": 0.279959718, "incomeTaxExpense": 28300000, "netIncome": 249700000, "netIncomeRatio": 0.2514602216, "eps": 0.4, "epsdiluted": 0.39, "weightedAverageShsOut": 623700000, "weightedAverageShsOutDil": 636600000, "link": "https://www.sec.gov/Archives/edgar/data/1099800/000109980019000011/0001099800-19-000011-index.htm", "finalLink": "https://www.sec.gov/Archives/edgar/data/1099800/000109980019000011/ew10-qq12019.htm"}, {"date": "2018-12-31", "symbol": "EW", "reportedCurrency": "USD", "cik": "0001099800", "fillingDate": "2019-02-15", "acceptedDate": "2019-02-15 16:22:49", "calendarYear": "2018", "period": "Q4", "revenue": 977700000, "costOfRevenue": 236200000, "grossProfit": 741500000, "grossProfitRatio": 0.758412601, "researchAndDevelopmentExpenses": 163100000, "generalAndAdministrativeExpenses": 0, "sellingAndMarketingExpenses": 0, "sellingGeneralAndAdministrativeExpenses": 288300000, "otherExpenses": 0, "operatingExpenses": 451400000, "costAndExpenses": 687600000, "interestIncome": 100000, "interestExpense": 0, "depreciationAndAmortization": 19900000, "ebitda": 18100000, "ebitdaratio": 0.0185128362, "operatingIncome": 290100000, "operatingIncomeRatio": 0.2967167843, "totalOtherIncomeExpensesNet": -291900000, "incomeBeforeTax": -1800000, "incomeBeforeTaxRatio": -0.0018410555, "incomeTaxExpense": -8800000, "netIncome": 7000000, "netIncomeRatio": 0.0071596604, "eps": 0.01, "epsdiluted": 0.01, "weightedAverageShsOut": 624300000, "weightedAverageShsOutDil": 636600000, "link": "https://www.sec.gov/Archives/edgar/data/1099800/000109980019000004/0001099800-19-000004-index.htm", "finalLink": "https://www.sec.gov/Archives/edgar/data/1099800/000109980019000004/ew10-kq42018.htm"}, {"date": "2018-09-30", "symbol": "EW", "reportedCurrency": "USD", "cik": "0001099800", "fillingDate": "2018-10-26", "acceptedDate": "2018-10-25 20:39:02", "calendarYear": "2018", "period": "Q3", "revenue": 906600000, "costOfRevenue": 220300000, "grossProfit": 686300000, "grossProfitRatio": 0.7570041915, "researchAndDevelopmentExpenses": 161800000, "generalAndAdministrativeExpenses": 0, "sellingAndMarketingExpenses": 0, "sellingGeneralAndAdministrativeExpenses": 269100000, "otherExpenses": 0, "operatingExpenses": 430900000, "costAndExpenses": 651200000, "interestIncome": 0, "interestExpense": 2100000, "depreciationAndAmortization": 19200000, "ebitda": 270000000, "ebitdaratio": 0.2978160159, "operatingIncome": 255400000, "operatingIncomeRatio": 0.2817118906, "totalOtherIncomeExpensesNet": -6700000, "incomeBeforeTax": 248700000, "incomeBeforeTaxRatio": 0.2743216413, "incomeTaxExpense": 22800000, "netIncome": 225900000, "netIncomeRatio": 0.2491727333, "eps": 0.36, "epsdiluted": 0.35, "weightedAverageShsOut": 627000000, "weightedAverageShsOutDil": 639600000, "link": "https://www.sec.gov/Archives/edgar/data/1099800/000109980018000029/0001099800-18-000029-index.htm", "finalLink": "https://www.sec.gov/Archives/edgar/data/1099800/000109980018000029/ew10-qq32018.htm"}, {"date": "2018-06-30", "symbol": "EW", "reportedCurrency": "USD", "cik": "0001099800", "fillingDate": "2018-07-27", "acceptedDate": "2018-07-27 16:07:30", "calendarYear": "2018", "period": "Q2", "revenue": 943700000, "costOfRevenue": 233500000, "grossProfit": 710200000, "grossProfitRatio": 0.7525696726, "researchAndDevelopmentExpenses": 154100000, "generalAndAdministrativeExpenses": 0, "sellingAndMarketingExpenses": 0, "sellingGeneralAndAdministrativeExpenses": 273900000, "otherExpenses": 0, "operatingExpenses": 428000000, "costAndExpenses": 661500000, "interestIncome": 0, "interestExpense": 200000, "depreciationAndAmortization": 19200000, "ebitda": 270400000, "ebitdaratio": 0.2865317368, "operatingIncome": 282200000, "operatingIncomeRatio": 0.2990357105, "totalOtherIncomeExpensesNet": -31200000, "incomeBeforeTax": 251000000, "incomeBeforeTaxRatio": 0.2659743563, "incomeTaxExpense": -31700000, "netIncome": 282700000, "netIncomeRatio": 0.2995655399, "eps": 0.45, "epsdiluted": 0.44, "weightedAverageShsOut": 628500000, "weightedAverageShsOutDil": 642000000, "link": "https://www.sec.gov/Archives/edgar/data/1099800/000109980018000025/0001099800-18-000025-index.htm", "finalLink": "https://www.sec.gov/Archives/edgar/data/1099800/000109980018000025/ew10-qq22018.htm"}, {"date": "2018-03-31", "symbol": "EW", "reportedCurrency": "USD", "cik": "0001099800", "fillingDate": "2018-04-27", "acceptedDate": "2018-04-27 16:06:36", "calendarYear": "2018", "period": "Q1", "revenue": 894800000, "costOfRevenue": 232100000, "grossProfit": 662700000, "grossProfitRatio": 0.7406124274, "researchAndDevelopmentExpenses": 143200000, "generalAndAdministrativeExpenses": 0, "sellingAndMarketingExpenses": 0, "sellingGeneralAndAdministrativeExpenses": 254900000, "otherExpenses": 0, "operatingExpenses": 398100000, "costAndExpenses": 630200000, "interestIncome": 21000000, "interestExpense": 0, "depreciationAndAmortization": 19100000, "ebitda": 282600000, "ebitdaratio": 0.3158247653, "operatingIncome": 264600000, "operatingIncomeRatio": 0.2957085382, "totalOtherIncomeExpensesNet": -1100000, "incomeBeforeTax": 263500000, "incomeBeforeTaxRatio": 0.2944792132, "incomeTaxExpense": 56900000, "netIncome": 206600000, "netIncomeRatio": 0.2308895843, "eps": 0.33, "epsdiluted": 0.32, "weightedAverageShsOut": 630600000, "weightedAverageShsOutDil": 645300000, "link": "https://www.sec.gov/Archives/edgar/data/1099800/000109980018000012/0001099800-18-000012-index.htm", "finalLink": "https://www.sec.gov/Archives/edgar/data/1099800/000109980018000012/ew10-qq12018.htm"}, {"date": "2017-12-31", "symbol": "EW", "reportedCurrency": "USD", "cik": "0001099800", "fillingDate": "2018-02-16", "acceptedDate": "2018-02-16 16:10:41", "calendarYear": "2017", "period": "Q4", "revenue": 888500000, "costOfRevenue": 235100000, "grossProfit": 653400000, "grossProfitRatio": 0.7353967361, "researchAndDevelopmentExpenses": 146600000, "generalAndAdministrativeExpenses": 0, "sellingAndMarketingExpenses": 0, "sellingGeneralAndAdministrativeExpenses": 265399999, "otherExpenses": 0, "operatingExpenses": 412000000, "costAndExpenses": 647100000, "interestIncome": 0, "interestExpense": 0, "depreciationAndAmortization": 21200000, "ebitda": 342900000, "ebitdaratio": 0.385931345, "operatingIncome": 241400000, "operatingIncomeRatio": 0.2716938661, "totalOtherIncomeExpensesNet": 82500000, "incomeBeforeTax": 323900000, "incomeBeforeTaxRatio": 0.3645469893, "incomeTaxExpense": 326700000, "netIncome": 35700000, "netIncomeRatio": 0.0401800788, "eps": 0.0565, "epsdiluted": 0.0552, "weightedAverageShsOut": 632400000, "weightedAverageShsOutDil": 646200000, "link": "https://www.sec.gov/Archives/edgar/data/1099800/000109980018000007/0001099800-18-000007-index.htm", "finalLink": "https://www.sec.gov/Archives/edgar/data/1099800/000109980018000007/ew10-kq42017.htm"}, {"date": "2017-09-30", "symbol": "EW", "reportedCurrency": "USD", "cik": "0001099800", "fillingDate": "2017-10-27", "acceptedDate": "2017-10-27 16:11:05", "calendarYear": "2017", "period": "Q3", "revenue": 821500000, "costOfRevenue": 216400000, "grossProfit": 605100000, "grossProfitRatio": 0.7365794279, "researchAndDevelopmentExpenses": 142900000, "generalAndAdministrativeExpenses": 0, "sellingAndMarketingExpenses": 0, "sellingGeneralAndAdministrativeExpenses": 244200000, "otherExpenses": 0, "operatingExpenses": 387100000, "costAndExpenses": 603500000, "interestIncome": 0, "interestExpense": 0, "depreciationAndAmortization": 20700000, "ebitda": 232500000, "ebitdaratio": 0.2830188679, "operatingIncome": 218000000, "operatingIncomeRatio": 0.2653682288, "totalOtherIncomeExpensesNet": -6200000, "incomeBeforeTax": 211800000, "incomeBeforeTaxRatio": 0.257821059, "incomeTaxExpense": 41700000, "netIncome": 170100000, "netIncomeRatio": 0.2070602556, "eps": 0.27, "epsdiluted": 0.26, "weightedAverageShsOut": 633900000, "weightedAverageShsOutDil": 648600000, "link": "https://www.sec.gov/Archives/edgar/data/1099800/000109980017000034/0001099800-17-000034-index.htm", "finalLink": "https://www.sec.gov/Archives/edgar/data/1099800/000109980017000034/ew10-qq32017.htm"}, {"date": "2017-06-30", "symbol": "EW", "reportedCurrency": "USD", "cik": "0001099800", "fillingDate": "2017-07-28", "acceptedDate": "2017-07-28 16:11:37", "calendarYear": "2017", "period": "Q2", "revenue": 841800000, "costOfRevenue": 208900000, "grossProfit": 632900000, "grossProfitRatio": 0.7518412925, "researchAndDevelopmentExpenses": 134400000, "generalAndAdministrativeExpenses": 0, "sellingAndMarketingExpenses": 0, "sellingGeneralAndAdministrativeExpenses": 243700000, "otherExpenses": 0, "operatingExpenses": 378100000, "costAndExpenses": 587000000, "interestIncome": 0, "interestExpense": 1500000, "depreciationAndAmortization": 18900000, "ebitda": 226000000, "ebitdaratio": 0.2684723212, "operatingIncome": 254800000, "operatingIncomeRatio": 0.3026847232, "totalOtherIncomeExpensesNet": -49200000, "incomeBeforeTax": 205600000, "incomeBeforeTaxRatio": 0.2442385365, "incomeTaxExpense": 19500000, "netIncome": 186100000, "netIncomeRatio": 0.2210738893, "eps": 0.29, "epsdiluted": 0.29, "weightedAverageShsOut": 631500000, "weightedAverageShsOutDil": 647100000, "link": "https://www.sec.gov/Archives/edgar/data/1099800/000109980017000028/0001099800-17-000028-index.htm", "finalLink": "https://www.sec.gov/Archives/edgar/data/1099800/000109980017000028/ew10-qq22017.htm"}, {"date": "2017-03-31", "symbol": "EW", "reportedCurrency": "USD", "cik": "0001099800", "fillingDate": "2017-04-28", "acceptedDate": "2017-04-28 16:06:26", "calendarYear": "2017", "period": "Q1", "revenue": 883500000, "costOfRevenue": 218100000, "grossProfit": 665400000, "grossProfitRatio": 0.7531409168, "researchAndDevelopmentExpenses": 128699999, "generalAndAdministrativeExpenses": 0, "sellingAndMarketingExpenses": 0, "sellingGeneralAndAdministrativeExpenses": 229100000, "otherExpenses": 0, "operatingExpenses": 357800000, "costAndExpenses": 575900000, "interestIncome": 0, "interestExpense": 2500000, "depreciationAndAmortization": 21100000, "ebitda": 317200000, "ebitdaratio": 0.3590265988, "operatingIncome": 307600000, "operatingIncomeRatio": 0.3481607244, "totalOtherIncomeExpensesNet": -14000000, "incomeBeforeTax": 293600000, "incomeBeforeTaxRatio": 0.3323146576, "incomeTaxExpense": 63400000, "netIncome": 230200000, "netIncomeRatio": 0.2605546123, "eps": 0.36, "epsdiluted": 0.35, "weightedAverageShsOut": 633600000, "weightedAverageShsOutDil": 649200000, "link": "https://www.sec.gov/Archives/edgar/data/1099800/000109980017000013/0001099800-17-000013-index.htm", "finalLink": "https://www.sec.gov/Archives/edgar/data/1099800/000109980017000013/ew10-qq12017.htm"}, {"date": "2016-12-31", "symbol": "EW", "reportedCurrency": "USD", "cik": "0001099800", "fillingDate": "2017-02-17", "acceptedDate": "2017-02-17 17:01:03", "calendarYear": "2016", "period": "Q4", "revenue": 767700000, "costOfRevenue": 210300000, "grossProfit": 557400000, "grossProfitRatio": 0.7260648691, "researchAndDevelopmentExpenses": 114900000, "generalAndAdministrativeExpenses": 0, "sellingAndMarketingExpenses": 0, "sellingGeneralAndAdministrativeExpenses": 233600000, "otherExpenses": 0, "operatingExpenses": 348500000, "costAndExpenses": 558800000, "interestIncome": 0, "interestExpense": 8600000, "depreciationAndAmortization": 19100000, "ebitda": 228100000, "ebitdaratio": 0.2971212713, "operatingIncome": 208900000, "operatingIncomeRatio": 0.2721115019, "totalOtherIncomeExpensesNet": -8500000, "incomeBeforeTax": 200400000, "incomeBeforeTaxRatio": 0.2610394685, "incomeTaxExpense": 41900000, "netIncome": 158500000, "netIncomeRatio": 0.2064608571, "eps": 0.25, "epsdiluted": 0.24, "weightedAverageShsOut": 641100000, "weightedAverageShsOutDil": 653700000, "link": "https://www.sec.gov/Archives/edgar/data/1099800/000109980017000008/0001099800-17-000008-index.htm", "finalLink": "https://www.sec.gov/Archives/edgar/data/1099800/000109980017000008/ew10-kq42016.htm"}, {"date": "2016-09-30", "symbol": "EW", "reportedCurrency": "USD", "cik": "0001099800", "fillingDate": "2016-10-28", "acceptedDate": "2016-10-27 19:47:01", "calendarYear": "2016", "period": "Q3", "revenue": 739400000, "costOfRevenue": 198100000, "grossProfit": 541300000, "grossProfitRatio": 0.7320800649, "researchAndDevelopmentExpenses": 113000000, "generalAndAdministrativeExpenses": 0, "sellingAndMarketingExpenses": 0, "sellingGeneralAndAdministrativeExpenses": 229500000, "otherExpenses": 0, "operatingExpenses": 342500000, "costAndExpenses": 540600000, "interestIncome": 200000, "interestExpense": 0, "depreciationAndAmortization": 18200000, "ebitda": 203400000, "ebitdaratio": 0.2750879091, "operatingIncome": 198800000, "operatingIncomeRatio": 0.2688666486, "totalOtherIncomeExpensesNet": -13600000, "incomeBeforeTax": 185200000, "incomeBeforeTaxRatio": 0.2504733568, "incomeTaxExpense": 43800000, "netIncome": 141400000, "netIncomeRatio": 0.1912361374, "eps": 0.22, "epsdiluted": 0.22, "weightedAverageShsOut": 639600000, "weightedAverageShsOutDil": 654300000, "link": "https://www.sec.gov/Archives/edgar/data/1099800/000109980016000077/0001099800-16-000077-index.htm", "finalLink": "https://www.sec.gov/Archives/edgar/data/1099800/000109980016000077/ew10-qq32016.htm"}, {"date": "2016-06-30", "symbol": "EW", "reportedCurrency": "USD", "cik": "0001099800", "fillingDate": "2016-07-29", "acceptedDate": "2016-07-28 19:58:10", "calendarYear": "2016", "period": "Q2", "revenue": 759300000, "costOfRevenue": 202500000, "grossProfit": 556800000, "grossProfitRatio": 0.7333069933, "researchAndDevelopmentExpenses": 112900000, "generalAndAdministrativeExpenses": 228800000, "sellingAndMarketingExpenses": 0, "sellingGeneralAndAdministrativeExpenses": 228800000, "otherExpenses": 34100000, "operatingExpenses": 341700000, "costAndExpenses": 544200000, "interestIncome": 0, "interestExpense": 2400000, "depreciationAndAmortization": 18000000, "ebitda": 199000000, "ebitdaratio": 0.262083498, "operatingIncome": 180600000, "operatingIncomeRatio": 0.2378506519, "totalOtherIncomeExpensesNet": -12000000, "incomeBeforeTax": 169000000, "incomeBeforeTaxRatio": 0.2225734229, "incomeTaxExpense": 42400000, "netIncome": 126600000, "netIncomeRatio": 0.1667325168, "eps": 0.2, "epsdiluted": 0.19, "weightedAverageShsOut": 636600000, "weightedAverageShsOutDil": 651900000, "link": "https://www.sec.gov/Archives/edgar/data/1099800/000109980016000070/0001099800-16-000070-index.htm", "finalLink": "https://www.sec.gov/Archives/edgar/data/1099800/000109980016000070/ew10-qq22016.htm"}, {"date": "2016-03-31", "symbol": "EW", "reportedCurrency": "USD", "cik": "0001099800", "fillingDate": "2016-04-29", "acceptedDate": "2016-04-28 20:07:25", "calendarYear": "2016", "period": "Q1", "revenue": 697300000, "costOfRevenue": 180300000, "grossProfit": 517000000, "grossProfitRatio": 0.7414312348, "researchAndDevelopmentExpenses": 102400000, "generalAndAdministrativeExpenses": 212700000, "sellingAndMarketingExpenses": 0, "sellingGeneralAndAdministrativeExpenses": 212700000, "otherExpenses": 0, "operatingExpenses": 315100000, "costAndExpenses": 495400000, "interestIncome": 0, "interestExpense": 2400000, "depreciationAndAmortization": 15900000, "ebitda": 218400000, "ebitdaratio": 0.3132080883, "operatingIncome": 201900000, "operatingIncomeRatio": 0.2895453894, "totalOtherIncomeExpensesNet": -19200000, "incomeBeforeTax": 183300000, "incomeBeforeTaxRatio": 0.2628710741, "incomeTaxExpense": 40300000, "netIncome": 143000000, "netIncomeRatio": 0.2050767245, "eps": 0.22, "epsdiluted": 0.22, "weightedAverageShsOut": 639300000, "weightedAverageShsOutDil": 653400000, "link": "https://www.sec.gov/Archives/edgar/data/1099800/000109980016000053/0001099800-16-000053-index.htm", "finalLink": "https://www.sec.gov/Archives/edgar/data/1099800/000109980016000053/ew10-qq12016.htm"}, {"date": "2015-12-31", "symbol": "EW", "reportedCurrency": "USD", "cik": "0001099800", "fillingDate": "2016-02-19", "acceptedDate": "2016-02-19 16:17:10", "calendarYear": "2015", "period": "Q4", "revenue": 671100000, "costOfRevenue": 175900000, "grossProfit": 495200000, "grossProfitRatio": 0.7378930115, "researchAndDevelopmentExpenses": 98200000, "generalAndAdministrativeExpenses": 222300000, "sellingAndMarketingExpenses": 0, "sellingGeneralAndAdministrativeExpenses": 222300000, "otherExpenses": 0, "operatingExpenses": 320500000, "costAndExpenses": 496400000, "interestIncome": 20600000, "interestExpense": 2600000, "depreciationAndAmortization": 14500000, "ebitda": 190400000, "ebitdaratio": 0.2837133065, "operatingIncome": 174700000, "operatingIncomeRatio": 0.2603188795, "totalOtherIncomeExpensesNet": -7700000, "incomeBeforeTax": 167000000, "incomeBeforeTaxRatio": 0.2488451796, "incomeTaxExpense": 26300000, "netIncome": 140700000, "netIncomeRatio": 0.209655789, "eps": 0.22, "epsdiluted": 0.21, "weightedAverageShsOut": 647400000, "weightedAverageShsOutDil": 661800000, "link": "https://www.sec.gov/Archives/edgar/data/1099800/000109980016000044/0001099800-16-000044-index.htm", "finalLink": "https://www.sec.gov/Archives/edgar/data/1099800/000109980016000044/ew10-k2015.htm"}, {"date": "2015-09-30", "symbol": "EW", "reportedCurrency": "USD", "cik": "0001099800", "fillingDate": "2015-10-29", "acceptedDate": "2015-10-28 19:43:27", "calendarYear": "2015", "period": "Q3", "revenue": 615500000, "costOfRevenue": 146700000, "grossProfit": 468800000, "grossProfitRatio": 0.7616571893, "researchAndDevelopmentExpenses": 101000000, "generalAndAdministrativeExpenses": 212000000, "sellingAndMarketingExpenses": 0, "sellingGeneralAndAdministrativeExpenses": 212000000, "otherExpenses": 0, "operatingExpenses": 313000000, "costAndExpenses": 459700000, "interestIncome": 0, "interestExpense": 2500000, "depreciationAndAmortization": 18500000, "ebitda": 174300000, "ebitdaratio": 0.2831844029, "operatingIncome": 155800000, "operatingIncomeRatio": 0.2531275386, "totalOtherIncomeExpensesNet": -5100000, "incomeBeforeTax": 150700000, "incomeBeforeTaxRatio": 0.2448415922, "incomeTaxExpense": 32600000, "netIncome": 118100000, "netIncomeRatio": 0.1918765232, "eps": 0.18, "epsdiluted": 0.18, "weightedAverageShsOut": 645600000, "weightedAverageShsOutDil": 660000000, "link": "https://www.sec.gov/Archives/edgar/data/1099800/000109980015000036/0001099800-15-000036-index.htm", "finalLink": "https://www.sec.gov/Archives/edgar/data/1099800/000109980015000036/ew10-qq32015.htm"}, {"date": "2015-06-30", "symbol": "EW", "reportedCurrency": "USD", "cik": "0001099800", "fillingDate": "2015-07-29", "acceptedDate": "2015-07-29 16:10:29", "calendarYear": "2015", "period": "Q2", "revenue": 616800000, "costOfRevenue": 158600000, "grossProfit": 458200000, "grossProfitRatio": 0.7428664073, "researchAndDevelopmentExpenses": 97500000, "generalAndAdministrativeExpenses": 213900000, "sellingAndMarketingExpenses": 0, "sellingGeneralAndAdministrativeExpenses": 213900000, "otherExpenses": 0, "operatingExpenses": 311400000, "costAndExpenses": 470000000, "interestIncome": 0, "interestExpense": 1800000, "depreciationAndAmortization": 16800000, "ebitda": 163600000, "ebitdaratio": 0.2652399481, "operatingIncome": 146800000, "operatingIncomeRatio": 0.238002594, "totalOtherIncomeExpensesNet": -4600000, "incomeBeforeTax": 142200000, "incomeBeforeTaxRatio": 0.2305447471, "incomeTaxExpense": 29500000, "netIncome": 112700000, "netIncomeRatio": 0.1827172503, "eps": 0.18, "epsdiluted": 0.17, "weightedAverageShsOut": 645600000, "weightedAverageShsOutDil": 660000000, "link": "https://www.sec.gov/Archives/edgar/data/1099800/000109980015000024/0001099800-15-000024-index.htm", "finalLink": "https://www.sec.gov/Archives/edgar/data/1099800/000109980015000024/ew10-qq22015.htm"}, {"date": "2015-03-31", "symbol": "EW", "reportedCurrency": "USD", "cik": "0001099800", "fillingDate": "2015-04-29", "acceptedDate": "2015-04-29 16:14:46", "calendarYear": "2015", "period": "Q1", "revenue": 590300000, "costOfRevenue": 136000000, "grossProfit": 454300000, "grossProfitRatio": 0.7696086736, "researchAndDevelopmentExpenses": 86400000, "generalAndAdministrativeExpenses": 202500000, "sellingAndMarketingExpenses": 0, "sellingGeneralAndAdministrativeExpenses": 202500000, "otherExpenses": 0, "operatingExpenses": 288900000, "costAndExpenses": 424900000, "interestIncome": 0, "interestExpense": 2400000, "depreciationAndAmortization": 16000000, "ebitda": 181400000, "ebitdaratio": 0.3073013722, "operatingIncome": 165400000, "operatingIncomeRatio": 0.2801965102, "totalOtherIncomeExpensesNet": -2900000, "incomeBeforeTax": 162500000, "incomeBeforeTaxRatio": 0.275283754, "incomeTaxExpense": 39100000, "netIncome": 123400000, "netIncomeRatio": 0.2090462477, "eps": 0.19, "epsdiluted": 0.19, "weightedAverageShsOut": 646800000, "weightedAverageShsOutDil": 661800000, "link": "https://www.sec.gov/Archives/edgar/data/1099800/000109980015000006/0001099800-15-000006-index.htm", "finalLink": "https://www.sec.gov/Archives/edgar/data/1099800/000109980015000006/ew10-qq12015.htm"}, {"date": "2014-12-31", "symbol": "EW", "reportedCurrency": "USD", "cik": "0001099800", "fillingDate": "2015-02-20", "acceptedDate": "2015-02-20 16:03:43", "calendarYear": "2014", "period": "Q4", "revenue": 618000000, "costOfRevenue": 160400000, "grossProfit": 457600000, "grossProfitRatio": 0.7404530744, "researchAndDevelopmentExpenses": 84000000, "generalAndAdministrativeExpenses": 223100000, "sellingAndMarketingExpenses": 0, "sellingGeneralAndAdministrativeExpenses": 223100000, "otherExpenses": 0, "operatingExpenses": 307100000, "costAndExpenses": 467500000, "interestIncome": 19700000, "interestExpense": 1700000, "depreciationAndAmortization": 18300000, "ebitda": 168800000, "ebitdaratio": 0.2731391586, "operatingIncome": 140300000, "operatingIncomeRatio": 0.2270226537, "totalOtherIncomeExpensesNet": -7400000, "incomeBeforeTax": 132900000, "incomeBeforeTaxRatio": 0.2150485437, "incomeTaxExpense": 23700000, "netIncome": 109200000, "netIncomeRatio": 0.1766990291, "eps": 0.17, "epsdiluted": 0.17, "weightedAverageShsOut": 644400000, "weightedAverageShsOutDil": 658200000, "link": "https://www.sec.gov/Archives/edgar/data/1099800/000104746915000998/0001047469-15-000998-index.htm", "finalLink": "https://www.sec.gov/Archives/edgar/data/1099800/000104746915000998/a2223057z10-k.htm"}, {"date": "2014-09-30", "symbol": "EW", "reportedCurrency": "USD", "cik": "0001099800", "fillingDate": "2014-10-31", "acceptedDate": "2014-10-31 16:06:09", "calendarYear": "2014", "period": "Q3", "revenue": 607400000, "costOfRevenue": 168100000, "grossProfit": 439300000, "grossProfitRatio": 0.723246625, "researchAndDevelopmentExpenses": 87600000, "generalAndAdministrativeExpenses": 222200000, "sellingAndMarketingExpenses": 0, "sellingGeneralAndAdministrativeExpenses": 222200000, "otherExpenses": 0, "operatingExpenses": 309800000, "costAndExpenses": 477900000, "interestIncome": 0, "interestExpense": 2500000, "depreciationAndAmortization": 18000000, "ebitda": 147500000, "ebitdaratio": 0.2428383273, "operatingIncome": 129500000, "operatingIncomeRatio": 0.2132038196, "totalOtherIncomeExpensesNet": -8900000, "incomeBeforeTax": 120600000, "incomeBeforeTaxRatio": 0.1985512018, "incomeTaxExpense": 26000000, "netIncome": 94600000, "netIncomeRatio": 0.1557458018, "eps": 0.15, "epsdiluted": 0.14, "weightedAverageShsOut": 638400000, "weightedAverageShsOutDil": 650400000, "link": "https://www.sec.gov/Archives/edgar/data/1099800/000104746914008719/0001047469-14-008719-index.htm", "finalLink": "https://www.sec.gov/Archives/edgar/data/1099800/000104746914008719/a2221923z10-q.htm"}, {"date": "2014-06-30", "symbol": "EW", "reportedCurrency": "USD", "cik": "0001099800", "fillingDate": "2014-08-04", "acceptedDate": "2014-08-04 16:04:18", "calendarYear": "2014", "period": "Q2", "revenue": 575100000, "costOfRevenue": 151200000, "grossProfit": 423900000, "grossProfitRatio": 0.7370892019, "researchAndDevelopmentExpenses": 89100000, "generalAndAdministrativeExpenses": 215500000, "sellingAndMarketingExpenses": 0, "sellingGeneralAndAdministrativeExpenses": 215500000, "otherExpenses": 0, "operatingExpenses": 304600000, "costAndExpenses": 455800000, "interestIncome": 0, "interestExpense": 3100000, "depreciationAndAmortization": 16100000, "ebitda": 135400000, "ebitdaratio": 0.2354373152, "operatingIncome": 119300000, "operatingIncomeRatio": 0.207442184, "totalOtherIncomeExpensesNet": 693900000, "incomeBeforeTax": 813200000, "incomeBeforeTaxRatio": 1.4140149539, "incomeTaxExpense": 266200000, "netIncome": 547000000, "netIncomeRatio": 0.9511389324, "eps": 0.86, "epsdiluted": 0.85, "weightedAverageShsOut": 633600000, "weightedAverageShsOutDil": 644400000, "link": "https://www.sec.gov/Archives/edgar/data/1099800/000104746914006621/0001047469-14-006621-index.htm", "finalLink": "https://www.sec.gov/Archives/edgar/data/1099800/000104746914006621/a2220912z10-q.htm"}, {"date": "2014-03-31", "symbol": "EW", "reportedCurrency": "USD", "cik": "0001099800", "fillingDate": "2014-05-02", "acceptedDate": "2014-05-02 16:06:26", "calendarYear": "2014", "period": "Q1", "revenue": 522400000, "costOfRevenue": 145900000, "grossProfit": 376500000, "grossProfitRatio": 0.720712098, "researchAndDevelopmentExpenses": 85800000, "generalAndAdministrativeExpenses": 197200000, "sellingAndMarketingExpenses": 0, "sellingGeneralAndAdministrativeExpenses": 197200000, "otherExpenses": 0, "operatingExpenses": 283000000, "costAndExpenses": 428900000, "interestIncome": 0, "interestExpense": 3500000, "depreciationAndAmortization": 16200000, "ebitda": 109700000, "ebitdaratio": 0.209992343, "operatingIncome": 93500000, "operatingIncomeRatio": 0.1789816233, "totalOtherIncomeExpensesNet": -16200000, "incomeBeforeTax": 77300000, "incomeBeforeTaxRatio": 0.1479709035, "incomeTaxExpense": 17000000, "netIncome": 60300000, "netIncomeRatio": 0.1154287902, "eps": 0.095, "epsdiluted": 0.0933, "weightedAverageShsOut": 640200000, "weightedAverageShsOutDil": 651000000, "link": "https://www.sec.gov/Archives/edgar/data/1099800/000104746914004546/0001047469-14-004546-index.htm", "finalLink": "https://www.sec.gov/Archives/edgar/data/1099800/000104746914004546/a2219900z10-q.htm"}, {"date": "2013-12-31", "symbol": "EW", "reportedCurrency": "USD", "cik": "0001099800", "fillingDate": "2014-02-28", "acceptedDate": "2014-02-28 16:35:10", "calendarYear": "2013", "period": "Q4", "revenue": 536000000, "costOfRevenue": 145500000, "grossProfit": 390500000, "grossProfitRatio": 0.7285447761, "researchAndDevelopmentExpenses": 78600000, "generalAndAdministrativeExpenses": 190500000, "sellingAndMarketingExpenses": 0, "sellingGeneralAndAdministrativeExpenses": 190500000, "otherExpenses": 0, "operatingExpenses": 269100000, "costAndExpenses": 414600000, "interestIncome": 1100000, "interestExpense": 4000000, "depreciationAndAmortization": 18800000, "ebitda": 125400000, "ebitdaratio": 0.2339552239, "operatingIncome": 121400000, "operatingIncomeRatio": 0.2264925373, "totalOtherIncomeExpensesNet": -19900000.00000006, "incomeBeforeTax": 101500000, "incomeBeforeTaxRatio": 0.1893656716, "incomeTaxExpense": 25700000, "netIncome": 75800000, "netIncomeRatio": 0.1414179104, "eps": 0.12, "epsdiluted": 0.11, "weightedAverageShsOut": 655200000, "weightedAverageShsOutDil": 666000000, "link": "https://www.sec.gov/Archives/edgar/data/1099800/000104746914001583/0001047469-14-001583-index.htm", "finalLink": "https://www.sec.gov/Archives/edgar/data/1099800/000104746914001583/a2218406z10-k.htm"}, {"date": "2013-09-30", "symbol": "EW", "reportedCurrency": "USD", "cik": "0001099800", "fillingDate": "2013-11-07", "acceptedDate": "2013-11-07 17:02:24", "calendarYear": "2013", "period": "Q3", "revenue": 495600000, "costOfRevenue": 129700000, "grossProfit": 365900000, "grossProfitRatio": 0.7382970137, "researchAndDevelopmentExpenses": 84100000, "generalAndAdministrativeExpenses": 180500000, "sellingAndMarketingExpenses": 0, "sellingGeneralAndAdministrativeExpenses": 180500000, "otherExpenses": 0, "operatingExpenses": 264600000, "costAndExpenses": 394300000, "interestIncome": 900000, "interestExpense": 1000000, "depreciationAndAmortization": 18500000, "ebitda": 122500000, "ebitdaratio": 0.2471751412, "operatingIncome": 101300000, "operatingIncomeRatio": 0.2043987086, "totalOtherIncomeExpensesNet": -5700000, "incomeBeforeTax": 99900000, "incomeBeforeTaxRatio": 0.2015738499, "incomeTaxExpense": 23000000, "netIncome": 76800000, "netIncomeRatio": 0.1549636804, "eps": 0.12, "epsdiluted": 0.11, "weightedAverageShsOut": 666000000, "weightedAverageShsOutDil": 677400000, "link": "https://www.sec.gov/Archives/edgar/data/1099800/000104746913010378/0001047469-13-010378-index.htm", "finalLink": "https://www.sec.gov/Archives/edgar/data/1099800/000104746913010378/a2217158z10-q.htm"}, {"date": "2013-06-30", "symbol": "EW", "reportedCurrency": "USD", "cik": "0001099800", "fillingDate": "2013-08-06", "acceptedDate": "2013-08-06 17:00:47", "calendarYear": "2013", "period": "Q2", "revenue": 517200000, "costOfRevenue": 125000000, "grossProfit": 392200000, "grossProfitRatio": 0.7583139985, "researchAndDevelopmentExpenses": 80500000, "generalAndAdministrativeExpenses": 189400000, "sellingAndMarketingExpenses": 0, "sellingGeneralAndAdministrativeExpenses": 189400000, "otherExpenses": 0, "operatingExpenses": 269900000, "costAndExpenses": 394900000, "interestIncome": 1000000, "interestExpense": 400000, "depreciationAndAmortization": 16100000, "ebitda": 141200000, "ebitdaratio": 0.2730085073, "operatingIncome": 122300000, "operatingIncomeRatio": 0.2364655839, "totalOtherIncomeExpensesNet": -6000000, "incomeBeforeTax": 121800000, "incomeBeforeTaxRatio": 0.2354988399, "incomeTaxExpense": 27700000, "netIncome": 93300000, "netIncomeRatio": 0.1803944316, "eps": 0.14, "epsdiluted": 0.14, "weightedAverageShsOut": 675600000, "weightedAverageShsOutDil": 688200000, "link": "https://www.sec.gov/Archives/edgar/data/1099800/000104746913008139/0001047469-13-008139-index.htm", "finalLink": "https://www.sec.gov/Archives/edgar/data/1099800/000104746913008139/a2216134z10-q.htm"}, {"date": "2013-03-31", "symbol": "EW", "reportedCurrency": "USD", "cik": "0001099800", "fillingDate": "2013-05-06", "acceptedDate": "2013-05-06 16:46:51", "calendarYear": "2013", "period": "Q1", "revenue": 496700000, "costOfRevenue": 122200000, "grossProfit": 374500000, "grossProfitRatio": 0.7539762432, "researchAndDevelopmentExpenses": 79800000, "generalAndAdministrativeExpenses": 185200000, "sellingAndMarketingExpenses": 0, "sellingGeneralAndAdministrativeExpenses": 185200000, "otherExpenses": 0, "operatingExpenses": 265000000, "costAndExpenses": 387200000, "interestIncome": 200000, "interestExpense": 1400000, "depreciationAndAmortization": 15300000, "ebitda": 127600000, "ebitdaratio": 0.2568955104, "operatingIncome": 109500000, "operatingIncomeRatio": 0.220455003, "totalOtherIncomeExpensesNet": 77100000, "incomeBeforeTax": 192100000, "incomeBeforeTaxRatio": 0.3867525669, "incomeTaxExpense": 47200000, "netIncome": 143900000, "netIncomeRatio": 0.2897120999, "eps": 0.21, "epsdiluted": 0.21, "weightedAverageShsOut": 683400000, "weightedAverageShsOutDil": 699000000, "link": "https://www.sec.gov/Archives/edgar/data/1099800/000104746913005581/0001047469-13-005581-index.htm", "finalLink": "https://www.sec.gov/Archives/edgar/data/1099800/000104746913005581/a2214769z10-q.htm"}, {"date": "2012-12-31", "symbol": "EW", "reportedCurrency": "USD", "cik": "0001099800", "fillingDate": "2013-02-28", "acceptedDate": "2013-02-28 16:41:02", "calendarYear": "2012", "period": "Q4", "revenue": 510500000, "costOfRevenue": 125800000, "grossProfit": 384700000, "grossProfitRatio": 0.7535749265, "researchAndDevelopmentExpenses": 74900000, "generalAndAdministrativeExpenses": 177900000, "sellingAndMarketingExpenses": 0, "sellingGeneralAndAdministrativeExpenses": 177900000, "otherExpenses": 0, "operatingExpenses": 252800000, "costAndExpenses": 378600000, "interestIncome": 1200000, "interestExpense": 1200000, "depreciationAndAmortization": 15100000, "ebitda": 138500000, "ebitdaratio": 0.2713026445, "operatingIncome": 131900000, "operatingIncomeRatio": 0.258374143, "totalOtherIncomeExpensesNet": -9700000, "incomeBeforeTax": 122200000, "incomeBeforeTaxRatio": 0.2393731636, "incomeTaxExpense": 31100000, "netIncome": 91100000, "netIncomeRatio": 0.1784524976, "eps": 0.13, "epsdiluted": 0.13, "weightedAverageShsOut": 690000000, "weightedAverageShsOutDil": 706800000, "link": "https://www.sec.gov/Archives/edgar/data/1099800/000104746913001954/0001047469-13-001954-index.htm", "finalLink": "https://www.sec.gov/Archives/edgar/data/1099800/000104746913001954/a2213019z10-k.htm"}, {"date": "2012-09-30", "symbol": "EW", "reportedCurrency": "USD", "cik": "0001099800", "fillingDate": "2012-11-07", "acceptedDate": "2012-11-06 19:29:53", "calendarYear": "2012", "period": "Q3", "revenue": 447900000, "costOfRevenue": 111700000, "grossProfit": 336200000, "grossProfitRatio": 0.7506139763, "researchAndDevelopmentExpenses": 73800000, "generalAndAdministrativeExpenses": 167800000, "sellingAndMarketingExpenses": 0, "sellingGeneralAndAdministrativeExpenses": 167800000, "otherExpenses": 0, "operatingExpenses": 241600000, "costAndExpenses": 353300000, "interestIncome": 1200000, "interestExpense": 900000, "depreciationAndAmortization": 14400000, "ebitda": 108700000, "ebitdaratio": 0.2426881, "operatingIncome": 94600000, "operatingIncomeRatio": 0.2112078589, "totalOtherIncomeExpensesNet": -1200000, "incomeBeforeTax": 93400000, "incomeBeforeTaxRatio": 0.2085286894, "incomeTaxExpense": 24200000, "netIncome": 69200000, "netIncomeRatio": 0.154498772, "eps": 0.1, "epsdiluted": 0.0967, "weightedAverageShsOut": 694200000, "weightedAverageShsOutDil": 714000000, "link": "https://www.sec.gov/Archives/edgar/data/1099800/000104746912010132/0001047469-12-010132-index.htm", "finalLink": "https://www.sec.gov/Archives/edgar/data/1099800/000104746912010132/a2211501z10-q.htm"}, {"date": "2012-06-30", "symbol": "EW", "reportedCurrency": "USD", "cik": "0001099800", "fillingDate": "2012-08-07", "acceptedDate": "2012-08-06 19:11:29", "calendarYear": "2012", "period": "Q2", "revenue": 482000000, "costOfRevenue": 129800000, "grossProfit": 352200000, "grossProfitRatio": 0.7307053942, "researchAndDevelopmentExpenses": 74000000, "generalAndAdministrativeExpenses": 182400000, "sellingAndMarketingExpenses": 0, "sellingGeneralAndAdministrativeExpenses": 182400000, "otherExpenses": 0, "operatingExpenses": 256400000, "costAndExpenses": 386200000, "interestIncome": 100000, "interestExpense": 1200000, "depreciationAndAmortization": 14000000, "ebitda": 105100000, "ebitdaratio": 0.2180497925, "operatingIncome": 95800000, "operatingIncomeRatio": 0.1987551867, "totalOtherIncomeExpensesNet": -5900000, "incomeBeforeTax": 89900000, "incomeBeforeTaxRatio": 0.1865145228, "incomeTaxExpense": 22100000, "netIncome": 67800000, "netIncomeRatio": 0.1406639004, "eps": 0.0983, "epsdiluted": 0.095, "weightedAverageShsOut": 689400000, "weightedAverageShsOutDil": 710400000, "link": "https://www.sec.gov/Archives/edgar/data/1099800/000104746912007817/0001047469-12-007817-index.htm", "finalLink": "https://www.sec.gov/Archives/edgar/data/1099800/000104746912007817/a2210424z10-q.htm"}, {"date": "2012-03-31", "symbol": "EW", "reportedCurrency": "USD", "cik": "0001099800", "fillingDate": "2012-05-09", "acceptedDate": "2012-05-08 20:42:53", "calendarYear": "2012", "period": "Q1", "revenue": 459200000, "costOfRevenue": 127300000, "grossProfit": 331900000, "grossProfitRatio": 0.7227787456, "researchAndDevelopmentExpenses": 68600000, "generalAndAdministrativeExpenses": 177200000, "sellingAndMarketingExpenses": 0, "sellingGeneralAndAdministrativeExpenses": 177200000, "otherExpenses": 0, "operatingExpenses": 245800000, "costAndExpenses": 373100000, "interestIncome": 1100000, "interestExpense": 1100000, "depreciationAndAmortization": 13800000, "ebitda": 99900000, "ebitdaratio": 0.2175522648, "operatingIncome": 86100000, "operatingIncomeRatio": 0.1875, "totalOtherIncomeExpensesNet": -500000, "incomeBeforeTax": 85600000, "incomeBeforeTaxRatio": 0.1864111498, "incomeTaxExpense": 20500000, "netIncome": 65100000, "netIncomeRatio": 0.1417682927, "eps": 0.095, "epsdiluted": 0.0917, "weightedAverageShsOut": 684000000, "weightedAverageShsOutDil": 708000000, "link": "https://www.sec.gov/Archives/edgar/data/1099800/000104746912005578/0001047469-12-005578-index.htm", "finalLink": "https://www.sec.gov/Archives/edgar/data/1099800/000104746912005578/a2209222z10-q.htm"}, {"date": "2011-12-31", "symbol": "EW", "reportedCurrency": "USD", "cik": "0001099800", "fillingDate": "2012-02-27", "acceptedDate": "2012-02-27 16:28:20", "calendarYear": "2011", "period": "Q4", "revenue": 430200000, "costOfRevenue": 119600000, "grossProfit": 310600000, "grossProfitRatio": 0.7219897722, "researchAndDevelopmentExpenses": 60700000, "generalAndAdministrativeExpenses": 163400000, "sellingAndMarketingExpenses": 0, "sellingGeneralAndAdministrativeExpenses": 163400000, "otherExpenses": 0, "operatingExpenses": 224100000, "costAndExpenses": 343700000, "interestIncome": 900000, "interestExpense": 900000, "depreciationAndAmortization": 14800000, "ebitda": 84300000, "ebitdaratio": 0.1959553696, "operatingIncome": 86500000, "operatingIncomeRatio": 0.2010692701, "totalOtherIncomeExpensesNet": -17900000, "incomeBeforeTax": 68600000, "incomeBeforeTaxRatio": 0.1594607159, "incomeTaxExpense": 5500000, "netIncome": 63100000, "netIncomeRatio": 0.1466759647, "eps": 0.0917, "epsdiluted": 0.0883, "weightedAverageShsOut": 684600000, "weightedAverageShsOutDil": 708600000, "link": "https://www.sec.gov/Archives/edgar/data/1099800/000104746912001617/0001047469-12-001617-index.htm", "finalLink": "https://www.sec.gov/Archives/edgar/data/1099800/000104746912001617/a2207417z10-k.htm"}, {"date": "2011-09-30", "symbol": "EW", "reportedCurrency": "USD", "cik": "0001099800", "fillingDate": "2011-11-08", "acceptedDate": "2011-11-08 16:11:35", "calendarYear": "2011", "period": "Q3", "revenue": 412700000, "costOfRevenue": 125600000, "grossProfit": 287100000, "grossProfitRatio": 0.695662709, "researchAndDevelopmentExpenses": 61700000, "generalAndAdministrativeExpenses": 165500000, "sellingAndMarketingExpenses": 0, "sellingGeneralAndAdministrativeExpenses": 165500000, "otherExpenses": 0, "operatingExpenses": 227200000, "costAndExpenses": 352800000, "interestIncome": 1000000, "interestExpense": 1000000, "depreciationAndAmortization": 13900000, "ebitda": 72500000, "ebitdaratio": 0.1756724013, "operatingIncome": 59900000, "operatingIncomeRatio": 0.1451417495, "totalOtherIncomeExpensesNet": -2300000, "incomeBeforeTax": 57600000, "incomeBeforeTaxRatio": 0.139568694, "incomeTaxExpense": 6000000, "netIncome": 51600000, "netIncomeRatio": 0.1250302883, "eps": 0.075, "epsdiluted": 0.0717, "weightedAverageShsOut": 687600000, "weightedAverageShsOutDil": 714000000, "link": "https://www.sec.gov/Archives/edgar/data/1099800/000104746911009212/0001047469-11-009212-index.htm", "finalLink": "https://www.sec.gov/Archives/edgar/data/1099800/000104746911009212/a2206078z10-q.htm"}, {"date": "2011-06-30", "symbol": "EW", "reportedCurrency": "USD", "cik": "0001099800", "fillingDate": "2011-08-08", "acceptedDate": "2011-08-08 17:12:28", "calendarYear": "2011", "period": "Q2", "revenue": 431200000, "costOfRevenue": 127800000, "grossProfit": 303400000, "grossProfitRatio": 0.7036178108, "researchAndDevelopmentExpenses": 64900000, "generalAndAdministrativeExpenses": 163200000, "sellingAndMarketingExpenses": 0, "sellingGeneralAndAdministrativeExpenses": 163200000, "otherExpenses": 0, "operatingExpenses": 228100000, "costAndExpenses": 355900000, "interestIncome": 1000000, "interestExpense": 700000, "depreciationAndAmortization": 14800000, "ebitda": 88300000, "ebitdaratio": 0.2047773655, "operatingIncome": 75300000, "operatingIncomeRatio": 0.1746289425, "totalOtherIncomeExpensesNet": -2500000, "incomeBeforeTax": 72800000, "incomeBeforeTaxRatio": 0.1688311688, "incomeTaxExpense": 14700000, "netIncome": 58100000, "netIncomeRatio": 0.1347402597, "eps": 0.085, "epsdiluted": 0.08, "weightedAverageShsOut": 688800000, "weightedAverageShsOutDil": 720000000, "link": "https://www.sec.gov/Archives/edgar/data/1099800/000104746911007106/0001047469-11-007106-index.htm", "finalLink": "https://www.sec.gov/Archives/edgar/data/1099800/000104746911007106/a2204486z10-q.htm"}, {"date": "2011-03-31", "symbol": "EW", "reportedCurrency": "USD", "cik": "0001099800", "fillingDate": "2011-05-09", "acceptedDate": "2011-05-09 16:10:54", "calendarYear": "2011", "period": "Q1", "revenue": 404500000, "costOfRevenue": 116800000, "grossProfit": 287700000, "grossProfitRatio": 0.7112484549, "researchAndDevelopmentExpenses": 59000000, "generalAndAdministrativeExpenses": 150300000, "sellingAndMarketingExpenses": 0, "sellingGeneralAndAdministrativeExpenses": 150300000, "otherExpenses": 0, "operatingExpenses": 209300000, "costAndExpenses": 326100000, "interestIncome": 500000, "interestExpense": 500000, "depreciationAndAmortization": 14500000, "ebitda": 99600000, "ebitdaratio": 0.2462299135, "operatingIncome": 78400000, "operatingIncomeRatio": 0.1938195303, "totalOtherIncomeExpensesNet": 6200000, "incomeBeforeTax": 84600000, "incomeBeforeTaxRatio": 0.2091470952, "incomeTaxExpense": 20700000, "netIncome": 63900000, "netIncomeRatio": 0.1579728059, "eps": 0.0933, "epsdiluted": 0.0883, "weightedAverageShsOut": 689400000, "weightedAverageShsOutDil": 723000000, "link": "https://www.sec.gov/Archives/edgar/data/1099800/000104746911004794/0001047469-11-004794-index.htm", "finalLink": "https://www.sec.gov/Archives/edgar/data/1099800/000104746911004794/a2203819z10-q.htm"}, {"date": "2010-12-31", "symbol": "EW", "reportedCurrency": "USD", "cik": "0001099800", "fillingDate": "2011-02-28", "acceptedDate": "2011-02-28 17:01:48", "calendarYear": "2010", "period": "Q4", "revenue": 392400000, "costOfRevenue": 113500000, "grossProfit": 278900000, "grossProfitRatio": 0.7107543323, "researchAndDevelopmentExpenses": 55900000, "generalAndAdministrativeExpenses": 142400000, "sellingAndMarketingExpenses": 0, "sellingGeneralAndAdministrativeExpenses": 142400000, "otherExpenses": 0, "operatingExpenses": 198300000, "costAndExpenses": 311800000, "interestIncome": 100000, "interestExpense": 500000, "depreciationAndAmortization": 15400000, "ebitda": 86000000, "ebitdaratio": 0.2191641182, "operatingIncome": 80600000, "operatingIncomeRatio": 0.2054026504, "totalOtherIncomeExpensesNet": -10500000, "incomeBeforeTax": 70100000, "incomeBeforeTaxRatio": 0.1786442406, "incomeTaxExpense": 5300000, "netIncome": 64800000, "netIncomeRatio": 0.1651376147, "eps": 0.0951, "epsdiluted": 0.0951, "weightedAverageShsOut": 681600000, "weightedAverageShsOutDil": 681600000, "link": "https://www.sec.gov/Archives/edgar/data/1099800/000104746911001550/0001047469-11-001550-index.htm", "finalLink": "https://www.sec.gov/Archives/edgar/data/1099800/000104746911001550/a2202139z10-k.htm"}, {"date": "2010-09-30", "symbol": "EW", "reportedCurrency": "USD", "cik": "0001099800", "fillingDate": "2010-11-08", "acceptedDate": "2010-11-08 16:52:23", "calendarYear": "2010", "period": "Q3", "revenue": 348900000, "costOfRevenue": 95800000, "grossProfit": 253100000, "grossProfitRatio": 0.7254227572, "researchAndDevelopmentExpenses": 52700000, "generalAndAdministrativeExpenses": 133000000, "sellingAndMarketingExpenses": 0, "sellingGeneralAndAdministrativeExpenses": 133000000, "otherExpenses": 0, "operatingExpenses": 185700000, "costAndExpenses": 281500000, "interestIncome": 300000, "interestExpense": 700000, "depreciationAndAmortization": 13400000, "ebitda": 80300000, "ebitdaratio": 0.230151906, "operatingIncome": 67400000, "operatingIncomeRatio": 0.1931785612, "totalOtherIncomeExpensesNet": -1200000, "incomeBeforeTax": 66200000, "incomeBeforeTaxRatio": 0.1897391803, "incomeTaxExpense": 18200000, "netIncome": 48000000, "netIncomeRatio": 0.1375752365, "eps": 0.07, "epsdiluted": 0.0667, "weightedAverageShsOut": 681600000, "weightedAverageShsOutDil": 713400000, "link": "https://www.sec.gov/Archives/edgar/data/1099800/000104746910009418/0001047469-10-009418-index.htm", "finalLink": "https://www.sec.gov/Archives/edgar/data/1099800/000104746910009418/a2200707z10-q.htm"}]