[{"date": "2025-06-30", "symbol": "GMAB", "reportedCurrency": "USD", "cik": "0001434265", "fillingDate": "2025-08-07", "acceptedDate": "2025-08-07 11:38:58", "calendarYear": "2025", "period": "Q2", "revenue": 925000000, "costOfRevenue": 57000000, "grossProfit": 868000000, "grossProfitRatio": 0.9383783784, "researchAndDevelopmentExpenses": 364000000, "generalAndAdministrativeExpenses": 0, "sellingAndMarketingExpenses": 0, "sellingGeneralAndAdministrativeExpenses": 144000000, "otherExpenses": 0, "operatingExpenses": 508000000, "costAndExpenses": 565000000, "interestIncome": 25000000, "interestExpense": 9000000, "depreciationAndAmortization": 16000000, "ebitda": 448000000, "ebitdaratio": 0.4843243243, "operatingIncome": 360000000, "operatingIncomeRatio": 0.3891891892, "totalOtherIncomeExpensesNet": 63000000, "incomeBeforeTax": 423000000, "incomeBeforeTaxRatio": 0.4572972973, "incomeTaxExpense": 87000000, "netIncome": 336000000, "netIncomeRatio": 0.3632432432, "eps": 0.54, "epsdiluted": 0.54, "weightedAverageShsOut": 617647050, "weightedAverageShsOutDil": 619926190, "link": "https://www.sec.gov/Archives/edgar/data/1434265/000143426525000063/0001434265-25-000063-index.htm", "finalLink": "https://www.sec.gov/Archives/edgar/data/1434265/000143426525000063/gmab-20250630.htm"}, {"date": "2025-03-31", "symbol": "GMAB", "reportedCurrency": "DKK", "cik": "0001434265", "fillingDate": "2025-05-08", "acceptedDate": "2025-05-08 11:19:36", "calendarYear": "2025", "period": "Q1", "revenue": 4932685000, "costOfRevenue": 289752120, "grossProfit": 4642933000, "grossProfitRatio": 0.9412587668, "researchAndDevelopmentExpenses": 359000000, "generalAndAdministrativeExpenses": 0, "sellingAndMarketingExpenses": 0, "sellingGeneralAndAdministrativeExpenses": 126000000, "otherExpenses": 0, "operatingExpenses": 485000000, "costAndExpenses": 3635699000, "interestIncome": 33000000, "interestExpense": 5000000, "depreciationAndAmortization": 16000000, "ebitda": 265000000, "ebitdaratio": 0.0537232765, "operatingIncome": 1296985680, "operatingIncomeRatio": 0.2629370576, "totalOtherIncomeExpensesNet": 386336160, "incomeBeforeTax": 1683321840, "incomeBeforeTaxRatio": 0.3412587343, "incomeTaxExpense": 49000000, "netIncome": 195000000, "netIncomeRatio": 0.0395322223, "eps": 0.31, "epsdiluted": 0.31, "weightedAverageShsOut": 637250000, "weightedAverageShsOutDil": 639340000, "link": "https://www.sec.gov/Archives/edgar/data/1434265/000143426525000014/0001434265-25-000014-index.htm", "finalLink": "https://www.sec.gov/Archives/edgar/data/1434265/000143426525000014/genmabinterimreport.htm"}, {"date": "2024-12-31", "symbol": "GMAB", "reportedCurrency": "DKK", "cik": "0001434265", "fillingDate": "2025-02-12", "acceptedDate": "2025-02-12 11:20:30", "calendarYear": "2024", "period": "Q4", "revenue": 6441000000, "costOfRevenue": 337000000, "grossProfit": 6104000000, "grossProfitRatio": 0.9476789318, "researchAndDevelopmentExpenses": 2664000000, "generalAndAdministrativeExpenses": 0, "sellingAndMarketingExpenses": 0, "sellingGeneralAndAdministrativeExpenses": 1249000000, "otherExpenses": 31000000, "operatingExpenses": 3944000000, "costAndExpenses": 4281000000, "interestIncome": 224000000, "interestExpense": 54000000, "depreciationAndAmortization": 88000000, "ebitda": 2355000000, "ebitdaratio": 0.3656264555, "operatingIncome": 2160000000, "operatingIncomeRatio": 0.3353516535, "totalOtherIncomeExpensesNet": 1442000000, "incomeBeforeTax": 3602000000, "incomeBeforeTaxRatio": 0.5592299332, "incomeTaxExpense": -243000000, "netIncome": 3845000000, "netIncomeRatio": 0.5969569943, "eps": 5.99, "epsdiluted": 5.99, "weightedAverageShsOut": 641560000, "weightedAverageShsOutDil": 641540000, "link": "https://www.sec.gov/Archives/edgar/data/1434265/000155837025000831/0001558370-25-000831-index.htm", "finalLink": "https://www.sec.gov/Archives/edgar/data/1434265/000155837025000831/gmab-20241231xex99d1.htm"}, {"date": "2024-09-30", "symbol": "GMAB", "reportedCurrency": "DKK", "cik": "0001434265", "fillingDate": "2024-11-06", "acceptedDate": "2024-11-06 11:11:00", "calendarYear": "2024", "period": "Q3", "revenue": 5540000000, "costOfRevenue": 273000000, "grossProfit": 5267000000, "grossProfitRatio": 0.9507220217, "researchAndDevelopmentExpenses": 2283000000, "generalAndAdministrativeExpenses": 0, "sellingAndMarketingExpenses": 0, "sellingGeneralAndAdministrativeExpenses": 865000000, "otherExpenses": 17000000, "operatingExpenses": 3165000000, "costAndExpenses": 3438000000, "interestIncome": 162000000, "interestExpense": 18000000, "depreciationAndAmortization": 85000000, "ebitda": 2204000000, "ebitdaratio": 0.397833935, "operatingIncome": 2102000000, "operatingIncomeRatio": 0.3794223827, "totalOtherIncomeExpensesNet": -383000000, "incomeBeforeTax": 1719000000, "incomeBeforeTaxRatio": 0.3102888087, "incomeTaxExpense": 453000000, "netIncome": 1266000000, "netIncomeRatio": 0.2285198556, "eps": 1.95, "epsdiluted": 1.95, "weightedAverageShsOut": 648850000, "weightedAverageShsOutDil": 648850000, "link": "https://www.sec.gov/Archives/edgar/data/1434265/000155837024014552/0001558370-24-014552-index.htm", "finalLink": "https://www.sec.gov/Archives/edgar/data/1434265/000155837024014552/gmab-20241106xex99d1.htm"}, {"date": "2024-06-30", "symbol": "GMAB", "reportedCurrency": "DKK", "cik": "0001434265", "fillingDate": "2024-08-08", "acceptedDate": "2024-08-08 11:14:11", "calendarYear": "2024", "period": "Q2", "revenue": 5402000000, "costOfRevenue": 190000000, "grossProfit": 5212000000, "grossProfitRatio": 0.9648278415, "researchAndDevelopmentExpenses": 2502000000, "generalAndAdministrativeExpenses": 0, "sellingAndMarketingExpenses": 0, "sellingGeneralAndAdministrativeExpenses": 894000000, "otherExpenses": 0, "operatingExpenses": 3396000000, "costAndExpenses": 3762000000, "interestIncome": 292000000, "interestExpense": 19000000, "depreciationAndAmortization": 69000000, "ebitda": 2146000000, "ebitdaratio": 0.397260274, "operatingIncome": 1816000000, "operatingIncomeRatio": 0.3361717882, "totalOtherIncomeExpensesNet": 311000000, "incomeBeforeTax": 2127000000, "incomeBeforeTaxRatio": 0.3937430581, "incomeTaxExpense": 719000000, "netIncome": 1408000000, "netIncomeRatio": 0.2606442058, "eps": 2.17, "epsdiluted": 2.17, "weightedAverageShsOut": 648850000, "weightedAverageShsOutDil": 648850000, "link": "https://www.sec.gov/Archives/edgar/data/1434265/000155837024011511/0001558370-24-011511-index.htm", "finalLink": "https://www.sec.gov/Archives/edgar/data/1434265/000155837024011511/gmab-20240630xex99d1.htm"}, {"date": "2024-03-31", "symbol": "GMAB", "reportedCurrency": "DKK", "cik": "0001434265", "fillingDate": "2024-05-02", "acceptedDate": "2024-05-02 11:08:52", "calendarYear": "2024", "period": "Q1", "revenue": 4143000000, "costOfRevenue": 185000000, "grossProfit": 3958000000, "grossProfitRatio": 0.9553463674, "researchAndDevelopmentExpenses": 2300000000, "generalAndAdministrativeExpenses": 0, "sellingAndMarketingExpenses": 0, "sellingGeneralAndAdministrativeExpenses": 857000000, "otherExpenses": 0, "operatingExpenses": 3157000000, "costAndExpenses": 3342000000, "interestIncome": 46000000, "interestExpense": 4000000, "depreciationAndAmortization": 60000000, "ebitda": 861000000, "ebitdaratio": 0.20782042, "operatingIncome": 801000000, "operatingIncomeRatio": 0.1933381608, "totalOtherIncomeExpensesNet": 915000000, "incomeBeforeTax": 1716000000, "incomeBeforeTaxRatio": 0.414192614, "incomeTaxExpense": 391000000, "netIncome": 1325000000, "netIncomeRatio": 0.319816558, "eps": 2.03, "epsdiluted": 2.02, "weightedAverageShsOut": 653030000, "weightedAverageShsOutDil": 656590000, "link": "https://www.sec.gov/Archives/edgar/data/1434265/000155837024006478/0001558370-24-006478-index.htm", "finalLink": "https://www.sec.gov/Archives/edgar/data/1434265/000155837024006478/gmab-20240502xex99d1.htm"}, {"date": "2023-12-31", "symbol": "GMAB", "reportedCurrency": "DKK", "cik": "0001434265", "fillingDate": "2024-02-14", "acceptedDate": "2024-02-14 12:30:45", "calendarYear": "2023", "period": "Q4", "revenue": 4678000000, "costOfRevenue": 126000000, "grossProfit": 4552000000, "grossProfitRatio": 0.9730654126, "researchAndDevelopmentExpenses": 1948000000, "generalAndAdministrativeExpenses": 0, "sellingAndMarketingExpenses": 0, "sellingGeneralAndAdministrativeExpenses": 934000000, "otherExpenses": 0, "operatingExpenses": 2882000000, "costAndExpenses": 3008000000, "interestIncome": 295000000, "interestExpense": 6000000, "depreciationAndAmortization": 60000000, "ebitda": 932000000, "ebitdaratio": 0.1992304404, "operatingIncome": 1670000000, "operatingIncomeRatio": 0.3569901667, "totalOtherIncomeExpensesNet": -744000000, "incomeBeforeTax": 926000000, "incomeBeforeTaxRatio": 0.197947841, "incomeTaxExpense": 286000000, "netIncome": 640000000, "netIncomeRatio": 0.1368106028, "eps": 0.98, "epsdiluted": 0.97, "weightedAverageShsOut": 653060000, "weightedAverageShsOutDil": 657870000, "link": "https://www.sec.gov/Archives/edgar/data/1434265/000155837024001134/0001558370-24-001134-index.htm", "finalLink": "https://www.sec.gov/Archives/edgar/data/1434265/000155837024001134/gmab-20231231xex99d1.htm"}, {"date": "2023-09-30", "symbol": "GMAB", "reportedCurrency": "DKK", "cik": "0001434265", "fillingDate": "2023-11-07", "acceptedDate": "2023-11-07 11:12:38", "calendarYear": "2023", "period": "Q3", "revenue": 4744000000, "costOfRevenue": 100000000, "grossProfit": 4644000000, "grossProfitRatio": 0.978920742, "researchAndDevelopmentExpenses": 2088000000, "generalAndAdministrativeExpenses": 0, "sellingAndMarketingExpenses": 0, "sellingGeneralAndAdministrativeExpenses": 839000000, "otherExpenses": 0, "operatingExpenses": 2927000000, "costAndExpenses": 3027000000, "interestIncome": 243000000, "interestExpense": 8000000, "depreciationAndAmortization": 85000000, "ebitda": 1798000000, "ebitdaratio": 0.379005059, "operatingIncome": 1685000000, "operatingIncomeRatio": 0.3551854975, "totalOtherIncomeExpensesNet": 985000000, "incomeBeforeTax": 2670000000, "incomeBeforeTaxRatio": 0.5628161889, "incomeTaxExpense": 566000000, "netIncome": 2104000000, "netIncomeRatio": 0.4435075885, "eps": 3.26, "epsdiluted": 3.23, "weightedAverageShsOut": 653070000, "weightedAverageShsOutDil": 658730000, "link": "https://www.sec.gov/Archives/edgar/data/1434265/000155837023017899/0001558370-23-017899-index.htm", "finalLink": "https://www.sec.gov/Archives/edgar/data/1434265/000155837023017899/gmab-20231107xex99d1.htm"}, {"date": "2023-06-30", "symbol": "GMAB", "reportedCurrency": "DKK", "cik": "0001434265", "fillingDate": "2023-08-03", "acceptedDate": "2023-08-03 11:16:46", "calendarYear": "2023", "period": "Q2", "revenue": 4198000000, "costOfRevenue": 21000000, "grossProfit": 4177000000, "grossProfitRatio": 0.9949976179, "researchAndDevelopmentExpenses": 1853000000, "generalAndAdministrativeExpenses": 0, "sellingAndMarketingExpenses": 0, "sellingGeneralAndAdministrativeExpenses": 848000000, "otherExpenses": 0, "operatingExpenses": 2701000000, "costAndExpenses": 2701000000, "interestIncome": 209000000, "interestExpense": 7000000, "depreciationAndAmortization": 81000000, "ebitda": 1719000000, "ebitdaratio": 0.4094807051, "operatingIncome": 1468000000, "operatingIncomeRatio": 0.3496903287, "totalOtherIncomeExpensesNet": 226000000, "incomeBeforeTax": 1694000000, "incomeBeforeTaxRatio": 0.4035254883, "incomeTaxExpense": 359000000, "netIncome": 1335000000, "netIncomeRatio": 0.3180085755, "eps": 2.08, "epsdiluted": 2.06, "weightedAverageShsOut": 652400000, "weightedAverageShsOutDil": 658420000, "link": "https://www.sec.gov/Archives/edgar/data/1434265/000155837023013113/0001558370-23-013113-index.htm", "finalLink": "https://www.sec.gov/Archives/edgar/data/1434265/000155837023013113/gmab-20230630xex99d1.htm"}, {"date": "2023-03-31", "symbol": "GMAB", "reportedCurrency": "DKK", "cik": "0001434265", "fillingDate": "2023-05-10", "acceptedDate": "2023-05-10 11:23:53", "calendarYear": "2023", "period": "Q1", "revenue": 2854000000, "costOfRevenue": 0, "grossProfit": 2854000000, "grossProfitRatio": 1, "researchAndDevelopmentExpenses": 1741000000, "generalAndAdministrativeExpenses": 0, "sellingAndMarketingExpenses": 0, "sellingGeneralAndAdministrativeExpenses": 676000000, "otherExpenses": 0, "operatingExpenses": 2417000000, "costAndExpenses": 2417000000, "interestIncome": 192000000, "interestExpense": 6000000, "depreciationAndAmortization": 54000000, "ebitda": 471000000, "ebitdaratio": 0.1650315347, "operatingIncome": 417000000, "operatingIncomeRatio": 0.1461107218, "totalOtherIncomeExpensesNet": -151000000, "incomeBeforeTax": 266000000, "incomeBeforeTaxRatio": 0.0932025228, "incomeTaxExpense": 56000000, "netIncome": 210000000, "netIncomeRatio": 0.073580939, "eps": 0.32, "epsdiluted": 0.32, "weightedAverageShsOut": 654210000, "weightedAverageShsOutDil": 658310000, "link": "https://www.sec.gov/Archives/edgar/data/1434265/000155837023008999/0001558370-23-008999-index.htm", "finalLink": "https://www.sec.gov/Archives/edgar/data/1434265/000155837023008999/gmab-20230510xex99d1.htm"}, {"date": "2022-12-31", "symbol": "GMAB", "reportedCurrency": "DKK", "cik": "0001434265", "fillingDate": "2023-02-22", "acceptedDate": "2023-02-22 12:55:34", "calendarYear": "2022", "period": "Q4", "revenue": 5227000000, "costOfRevenue": 0, "grossProfit": 5227000000, "grossProfitRatio": 1, "researchAndDevelopmentExpenses": 1641000000, "generalAndAdministrativeExpenses": 0, "sellingAndMarketingExpenses": 0, "sellingGeneralAndAdministrativeExpenses": 921000000, "otherExpenses": 0, "operatingExpenses": 2562000000, "costAndExpenses": 2562000000, "interestIncome": 140000000, "interestExpense": 5000000, "depreciationAndAmortization": 54000000, "ebitda": 667000000, "ebitdaratio": 0.1276066577, "operatingIncome": 2665000000, "operatingIncomeRatio": 0.509852688, "totalOtherIncomeExpensesNet": -2003000000, "incomeBeforeTax": 662000000, "incomeBeforeTaxRatio": 0.1266500861, "incomeTaxExpense": 78000000, "netIncome": 584000000, "netIncomeRatio": 0.1117275684, "eps": 0.9, "epsdiluted": 0.88, "weightedAverageShsOut": 652850000, "weightedAverageShsOutDil": 660700000, "link": "https://www.sec.gov/Archives/edgar/data/1434265/000155837023001716/0001558370-23-001716-index.htm", "finalLink": "https://www.sec.gov/Archives/edgar/data/1434265/000155837023001716/gmab-20221231x20f.htm"}, {"date": "2022-09-30", "symbol": "GMAB", "reportedCurrency": "DKK", "cik": "0001434265", "fillingDate": "2022-11-09", "acceptedDate": "2022-11-09 11:31:49", "calendarYear": "2022", "period": "Q3", "revenue": 4087000000, "costOfRevenue": 0, "grossProfit": 4087000000, "grossProfitRatio": 1, "researchAndDevelopmentExpenses": 1486000000, "generalAndAdministrativeExpenses": 0, "sellingAndMarketingExpenses": 0, "sellingGeneralAndAdministrativeExpenses": 670000000, "otherExpenses": 0, "operatingExpenses": 2156000000, "costAndExpenses": 2156000000, "interestIncome": 97000000, "interestExpense": 6000000, "depreciationAndAmortization": 62000000, "ebitda": 3278000000, "ebitdaratio": 0.8020552973, "operatingIncome": 681000000, "operatingIncomeRatio": 0.166625887, "totalOtherIncomeExpensesNet": 1341000000, "incomeBeforeTax": 3272000000, "incomeBeforeTaxRatio": 0.8005872278, "incomeTaxExpense": 690000000, "netIncome": 2582000000, "netIncomeRatio": 0.6317592366, "eps": 3.96, "epsdiluted": 3.92, "weightedAverageShsOut": 652840000, "weightedAverageShsOutDil": 659180000, "link": "https://www.sec.gov/Archives/edgar/data/1434265/000155837022017060/0001558370-22-017060-index.htm", "finalLink": "https://www.sec.gov/Archives/edgar/data/1434265/000155837022017060/gmab-20221109xex99d1.htm"}, {"date": "2022-06-30", "symbol": "GMAB", "reportedCurrency": "DKK", "cik": "0001434265", "fillingDate": "2022-08-10", "acceptedDate": "2022-08-10 11:25:29", "calendarYear": "2022", "period": "Q2", "revenue": 3162000000, "costOfRevenue": 0, "grossProfit": 3162000000, "grossProfitRatio": 1, "researchAndDevelopmentExpenses": 1282000000, "generalAndAdministrativeExpenses": 0, "sellingAndMarketingExpenses": 0, "sellingGeneralAndAdministrativeExpenses": 633000000, "otherExpenses": 0, "operatingExpenses": 1915000000, "costAndExpenses": 1915000000, "interestIncome": 51000000, "interestExpense": 6000000, "depreciationAndAmortization": 62000000, "ebitda": 1309000000, "ebitdaratio": 0.4139784946, "operatingIncome": 1247000000, "operatingIncomeRatio": 0.3943706515, "totalOtherIncomeExpensesNet": 1242000000, "incomeBeforeTax": 2489000000, "incomeBeforeTaxRatio": 0.7871600253, "incomeTaxExpense": 598000000, "netIncome": 1891000000, "netIncomeRatio": 0.5980392157, "eps": 2.89, "epsdiluted": 2.87, "weightedAverageShsOut": 655010000, "weightedAverageShsOutDil": 659800000, "link": "https://www.sec.gov/Archives/edgar/data/1434265/000155837022012999/0001558370-22-012999-index.htm", "finalLink": "https://www.sec.gov/Archives/edgar/data/1434265/000155837022012999/gmab-20220630xex99d1.htm"}, {"date": "2022-03-31", "symbol": "GMAB", "reportedCurrency": "DKK", "cik": "0001434265", "fillingDate": "2022-05-11", "acceptedDate": "2022-05-11 11:24:41", "calendarYear": "2022", "period": "Q1", "revenue": 2119000000, "costOfRevenue": 0, "grossProfit": 2119000000, "grossProfitRatio": 1, "researchAndDevelopmentExpenses": 1153000000, "generalAndAdministrativeExpenses": 0, "sellingAndMarketingExpenses": 0, "sellingGeneralAndAdministrativeExpenses": 452000000, "otherExpenses": 0, "operatingExpenses": 1605000000, "costAndExpenses": 1605000000, "interestIncome": 36000000, "interestExpense": 4000000, "depreciationAndAmortization": 62000000, "ebitda": 616000000, "ebitdaratio": 0.2907031619, "operatingIncome": 514000000, "operatingIncomeRatio": 0.2425672487, "totalOtherIncomeExpensesNet": 98000000, "incomeBeforeTax": 612000000, "incomeBeforeTaxRatio": 0.288815479, "incomeTaxExpense": 147000000, "netIncome": 465000000, "netIncomeRatio": 0.2194431336, "eps": 0.71, "epsdiluted": 0.71, "weightedAverageShsOut": 657340000, "weightedAverageShsOutDil": 659570000, "link": "https://www.sec.gov/Archives/edgar/data/1434265/000155837022008267/0001558370-22-008267-index.htm", "finalLink": "https://www.sec.gov/Archives/edgar/data/1434265/000155837022008267/tmb-20220511xex99d1.htm"}, {"date": "2021-12-31", "symbol": "GMAB", "reportedCurrency": "DKK", "cik": "0001434265", "fillingDate": "2022-02-16", "acceptedDate": "2022-02-16 13:56:43", "calendarYear": "2021", "period": "Q4", "revenue": 2619000000, "costOfRevenue": 0, "grossProfit": 2619000000, "grossProfitRatio": 1, "researchAndDevelopmentExpenses": 1298000000, "generalAndAdministrativeExpenses": 0, "sellingAndMarketingExpenses": 0, "sellingGeneralAndAdministrativeExpenses": 512000000, "otherExpenses": 0, "operatingExpenses": 1810000000, "costAndExpenses": 1810000000, "interestIncome": 35000000, "interestExpense": 3000000, "depreciationAndAmortization": 62000000, "ebitda": 969000000, "ebitdaratio": 0.3699885452, "operatingIncome": 809000000, "operatingIncomeRatio": 0.3088965254, "totalOtherIncomeExpensesNet": 157000000, "incomeBeforeTax": 966000000, "incomeBeforeTaxRatio": 0.3688430699, "incomeTaxExpense": 250000000, "netIncome": 716000000, "netIncomeRatio": 0.2733867889, "eps": 1.1, "epsdiluted": 1.08, "weightedAverageShsOut": 654060000, "weightedAverageShsOutDil": 661420000, "link": "https://www.sec.gov/Archives/edgar/data/1434265/000155837022001256/0001558370-22-001256-index.htm", "finalLink": "https://www.sec.gov/Archives/edgar/data/1434265/000155837022001256/tmb-20211231x20f.htm"}, {"date": "2021-09-30", "symbol": "GMAB", "reportedCurrency": "DKK", "cik": "0001434265", "fillingDate": "2021-11-10", "acceptedDate": "2021-11-10 12:01:38", "calendarYear": "2021", "period": "Q3", "revenue": 2310000000, "costOfRevenue": 0, "grossProfit": 2310000000, "grossProfitRatio": 1, "researchAndDevelopmentExpenses": 1114000000, "generalAndAdministrativeExpenses": 306000000, "sellingAndMarketingExpenses": 0, "sellingGeneralAndAdministrativeExpenses": 306000000, "otherExpenses": 0, "operatingExpenses": 1420000000, "costAndExpenses": 1420000000, "interestIncome": 35000000, "interestExpense": 4000000, "depreciationAndAmortization": 57500000, "ebitda": 1175000000, "ebitdaratio": 0.5086580087, "operatingIncome": 890000000, "operatingIncomeRatio": 0.3852813853, "totalOtherIncomeExpensesNet": 281000000, "incomeBeforeTax": 1171000000, "incomeBeforeTaxRatio": 0.5069264069, "incomeTaxExpense": 281000000, "netIncome": 890000000, "netIncomeRatio": 0.3852813853, "eps": 1.36, "epsdiluted": 1.35, "weightedAverageShsOut": 653930000, "weightedAverageShsOutDil": 660730000, "link": "https://www.sec.gov/Archives/edgar/data/1434265/000155837021015431/0001558370-21-015431-index.htm", "finalLink": "https://www.sec.gov/Archives/edgar/data/1434265/000155837021015431/tmb-20211110xex99d1.htm"}, {"date": "2021-06-30", "symbol": "GMAB", "reportedCurrency": "DKK", "cik": "0001434265", "fillingDate": "2021-08-11", "acceptedDate": "2021-08-11 11:46:09", "calendarYear": "2021", "period": "Q2", "revenue": 1972000000, "costOfRevenue": 0, "grossProfit": 1972000000, "grossProfitRatio": 1, "researchAndDevelopmentExpenses": 921000000, "generalAndAdministrativeExpenses": 264000000, "sellingAndMarketingExpenses": 0, "sellingGeneralAndAdministrativeExpenses": 264000000, "otherExpenses": 0, "operatingExpenses": 1185000000, "costAndExpenses": 1185000000, "interestIncome": 65000000, "interestExpense": 430000000, "depreciationAndAmortization": 57500000, "ebitda": 844500000, "ebitdaratio": 0.4282454361, "operatingIncome": 787000000, "operatingIncomeRatio": 0.3990872211, "totalOtherIncomeExpensesNet": -365000000, "incomeBeforeTax": 422000000, "incomeBeforeTaxRatio": 0.2139959432, "incomeTaxExpense": 116000000, "netIncome": 306000000, "netIncomeRatio": 0.1551724138, "eps": 0.47, "epsdiluted": 0.46, "weightedAverageShsOut": 653850000, "weightedAverageShsOutDil": 659480000, "link": "https://www.sec.gov/Archives/edgar/data/1434265/000155837021011244/0001558370-21-011244-index.htm", "finalLink": "https://www.sec.gov/Archives/edgar/data/1434265/000155837021011244/gmab-20210630xex991d85adb.htm"}, {"date": "2021-03-31", "symbol": "GMAB", "reportedCurrency": "DKK", "cik": "0001434265", "fillingDate": "2021-05-05", "acceptedDate": "2021-05-05 12:54:15", "calendarYear": "2021", "period": "Q1", "revenue": 1581000000, "costOfRevenue": 0, "grossProfit": 1581000000, "grossProfitRatio": 1, "researchAndDevelopmentExpenses": 848000000, "generalAndAdministrativeExpenses": 201000000, "sellingAndMarketingExpenses": 0, "sellingGeneralAndAdministrativeExpenses": 201000000, "otherExpenses": 0, "operatingExpenses": 1049000000, "costAndExpenses": 1049000000, "interestIncome": 62000000, "interestExpense": 3000000, "depreciationAndAmortization": 57500000, "ebitda": 1427000000, "ebitdaratio": 0.9025932954, "operatingIncome": 532000000, "operatingIncomeRatio": 0.3364958887, "totalOtherIncomeExpensesNet": 892000000, "incomeBeforeTax": 1424000000, "incomeBeforeTaxRatio": 0.9006957622, "incomeTaxExpense": 328000000, "netIncome": 1096000000, "netIncomeRatio": 0.6932321316, "eps": 1.68, "epsdiluted": 1.66, "weightedAverageShsOut": 653940000, "weightedAverageShsOutDil": 659840000, "link": "https://www.sec.gov/Archives/edgar/data/1434265/000155837021005857/0001558370-21-005857-index.htm", "finalLink": "https://www.sec.gov/Archives/edgar/data/1434265/000155837021005857/tmb-20210505xex99d1.htm"}, {"date": "2020-12-31", "symbol": "GMAB", "reportedCurrency": "DKK", "cik": "0001434265", "fillingDate": "2021-03-29", "acceptedDate": "2021-03-29 11:07:38", "calendarYear": "2020", "period": "Q4", "revenue": 2044000000, "costOfRevenue": 0, "grossProfit": 2044000000, "grossProfitRatio": 1, "researchAndDevelopmentExpenses": 926000000, "generalAndAdministrativeExpenses": 231000000, "sellingAndMarketingExpenses": 0, "sellingGeneralAndAdministrativeExpenses": 231000000, "otherExpenses": 0, "operatingExpenses": 1157000000, "costAndExpenses": 1157000000, "interestIncome": 58000000, "interestExpense": 3000000, "depreciationAndAmortization": 57500000, "ebitda": 966500000, "ebitdaratio": 0.4728473581, "operatingIncome": 887000000, "operatingIncomeRatio": 0.4339530333, "totalOtherIncomeExpensesNet": -336000000, "incomeBeforeTax": 551000000, "incomeBeforeTaxRatio": 0.2695694716, "incomeTaxExpense": -30000000, "netIncome": 581000000, "netIncomeRatio": 0.2842465753, "eps": 0.88, "epsdiluted": 0.88, "weightedAverageShsOut": 661240000, "weightedAverageShsOutDil": 660810000, "link": "https://www.sec.gov/Archives/edgar/data/1434265/000155837021003598/0001558370-21-003598-index.htm", "finalLink": "https://www.sec.gov/Archives/edgar/data/1434265/000155837021003598/tmb-20201231x20f.htm"}, {"date": "2020-09-30", "symbol": "GMAB", "reportedCurrency": "DKK", "cik": "0001434265", "fillingDate": "2020-11-04", "acceptedDate": "2020-11-04 11:48:05", "calendarYear": "2020", "period": "Q3", "revenue": 1724000000, "costOfRevenue": 0, "grossProfit": 1724000000, "grossProfitRatio": 1, "researchAndDevelopmentExpenses": 721000000, "generalAndAdministrativeExpenses": 145000000, "sellingAndMarketingExpenses": 0, "sellingGeneralAndAdministrativeExpenses": 145000000, "otherExpenses": 0, "operatingExpenses": 866000000, "costAndExpenses": 866000000, "interestIncome": 533000000, "interestExpense": 720000000, "depreciationAndAmortization": 34750000, "ebitda": 1391000000, "ebitdaratio": 0.8068445476, "operatingIncome": 858000000, "operatingIncomeRatio": 0.4976798144, "totalOtherIncomeExpensesNet": -187000000, "incomeBeforeTax": 671000000, "incomeBeforeTaxRatio": 0.3892111369, "incomeTaxExpense": 141000000, "netIncome": 530000000, "netIncomeRatio": 0.307424594, "eps": 0.81, "epsdiluted": 0.8, "weightedAverageShsOut": 651910000, "weightedAverageShsOutDil": 659200000, "link": "https://www.sec.gov/Archives/edgar/data/1434265/000155837020012515/0001558370-20-012515-index.htm", "finalLink": "https://www.sec.gov/Archives/edgar/data/1434265/000155837020012515/tmb-20201104xex99d1.htm"}, {"date": "2020-06-30", "symbol": "GMAB", "reportedCurrency": "DKK", "cik": "0001434265", "fillingDate": "2020-08-12", "acceptedDate": "2020-08-12 15:22:49", "calendarYear": "2020", "period": "Q2", "revenue": 5451000000, "costOfRevenue": 0, "grossProfit": 5451000000, "grossProfitRatio": 1, "researchAndDevelopmentExpenses": 775000000, "generalAndAdministrativeExpenses": 179000000, "sellingAndMarketingExpenses": 0, "sellingGeneralAndAdministrativeExpenses": 179000000, "otherExpenses": 0, "operatingExpenses": 954000000, "costAndExpenses": 954000000, "interestIncome": 42000000, "interestExpense": 211000000, "depreciationAndAmortization": 34750000, "ebitda": 4531750000, "ebitdaratio": 0.8313612181, "operatingIncome": 4497000000, "operatingIncomeRatio": 0.8249862411, "totalOtherIncomeExpensesNet": -169000000, "incomeBeforeTax": 4328000000, "incomeBeforeTaxRatio": 0.7939827555, "incomeTaxExpense": 950000000, "netIncome": 3378000000, "netIncomeRatio": 0.6197028068, "eps": 5.19, "epsdiluted": 5.14, "weightedAverageShsOut": 651120000, "weightedAverageShsOutDil": 657840000, "link": "https://www.sec.gov/Archives/edgar/data/1434265/000155837020010409/0001558370-20-010409-index.htm", "finalLink": "https://www.sec.gov/Archives/edgar/data/1434265/000155837020010409/gmab-20200630ex9919a1b8d.htm"}, {"date": "2020-03-31", "symbol": "GMAB", "reportedCurrency": "DKK", "cik": "0001434265", "fillingDate": "2020-05-06", "acceptedDate": "2020-05-06 14:31:34", "calendarYear": "2020", "period": "Q1", "revenue": 892000000, "costOfRevenue": 0, "grossProfit": 892000000, "grossProfitRatio": 1, "researchAndDevelopmentExpenses": 715000000, "generalAndAdministrativeExpenses": 106000000, "sellingAndMarketingExpenses": 0, "sellingGeneralAndAdministrativeExpenses": 106000000, "otherExpenses": 0, "operatingExpenses": 821000000, "costAndExpenses": 821000000, "interestIncome": 41000000, "interestExpense": 2000000, "depreciationAndAmortization": 34750000, "ebitda": 356000000, "ebitdaratio": 0.399103139, "operatingIncome": 71000000, "operatingIncomeRatio": 0.0795964126, "totalOtherIncomeExpensesNet": 283000000, "incomeBeforeTax": 354000000, "incomeBeforeTaxRatio": 0.3968609865, "incomeTaxExpense": 85000000, "netIncome": 269000000, "netIncomeRatio": 0.3015695067, "eps": 0.41, "epsdiluted": 0.41, "weightedAverageShsOut": 651330000, "weightedAverageShsOutDil": 657700000, "link": "https://www.sec.gov/Archives/edgar/data/1434265/000155837020005371/0001558370-20-005371-index.htm", "finalLink": "https://www.sec.gov/Archives/edgar/data/1434265/000155837020005371/tmb-20200506xex99d1.htm"}, {"date": "2019-12-31", "symbol": "GMAB", "reportedCurrency": "DKK", "cik": "0001434265", "fillingDate": "2020-03-30", "acceptedDate": "2020-03-30 17:12:23", "calendarYear": "2019", "period": "Q4", "revenue": 2961233000, "costOfRevenue": 0, "grossProfit": 2961233000, "grossProfitRatio": 1, "researchAndDevelopmentExpenses": 668658000, "generalAndAdministrativeExpenses": 116551000, "sellingAndMarketingExpenses": 0, "sellingGeneralAndAdministrativeExpenses": 116551000, "otherExpenses": 0, "operatingExpenses": 785209000, "costAndExpenses": 785209000, "interestIncome": 38304000, "interestExpense": 1290000, "depreciationAndAmortization": 34750000, "ebitda": 2210750000, "ebitdaratio": 0.7465640157, "operatingIncome": 2176024000, "operatingIncomeRatio": 0.7348371439, "totalOtherIncomeExpensesNet": -220853000, "incomeBeforeTax": 1955171000, "incomeBeforeTaxRatio": 0.6602557111, "incomeTaxExpense": 483312000, "netIncome": 1471859000, "netIncomeRatio": 0.497042617, "eps": 2.33, "epsdiluted": 2.3, "weightedAverageShsOut": 649570000, "weightedAverageShsOutDil": 657890000, "link": "https://www.sec.gov/Archives/edgar/data/1434265/000155837020003378/0001558370-20-003378-index.htm", "finalLink": "https://www.sec.gov/Archives/edgar/data/1434265/000155837020003378/gmab-20191231x20f.htm"}, {"date": "2019-09-30", "symbol": "GMAB", "reportedCurrency": "DKK", "cik": "0001434265", "fillingDate": "2019-11-06", "acceptedDate": "2019-11-06 15:37:08", "calendarYear": "2019", "period": "Q3", "revenue": 1039844000, "costOfRevenue": 0, "grossProfit": 1039844000, "grossProfitRatio": 1, "researchAndDevelopmentExpenses": 607886000, "generalAndAdministrativeExpenses": 81225000, "sellingAndMarketingExpenses": 0, "sellingGeneralAndAdministrativeExpenses": 81225000, "otherExpenses": 0, "operatingExpenses": 689111000, "costAndExpenses": 689111000, "interestIncome": 356000000, "interestExpense": 8000000, "depreciationAndAmortization": 22000000, "ebitda": 707000000, "ebitdaratio": 0.6799096788, "operatingIncome": 351000000, "operatingIncomeRatio": 0.3375506326, "totalOtherIncomeExpensesNet": 348279000, "incomeBeforeTax": 699279000, "incomeBeforeTaxRatio": 0.6724845265, "incomeTaxExpense": 162232000, "netIncome": 537000000, "netIncomeRatio": 0.5164236174, "eps": 0.84, "epsdiluted": 0.83, "weightedAverageShsOut": 640810000, "weightedAverageShsOutDil": 648550000, "link": "https://www.sec.gov/Archives/edgar/data/1434265/000155837019010139/0001558370-19-010139-index.htm", "finalLink": "https://www.sec.gov/Archives/edgar/data/1434265/000155837019010139/ex-99d1.htm"}, {"date": "2019-06-30", "symbol": "GMAB", "reportedCurrency": "DKK", "cik": "0001434265", "fillingDate": "2019-08-14", "acceptedDate": "2019-08-14 13:28:12", "calendarYear": "2019", "period": "Q2", "revenue": 773914000, "costOfRevenue": 0, "grossProfit": 773914000, "grossProfitRatio": 1, "researchAndDevelopmentExpenses": 563376000, "generalAndAdministrativeExpenses": 73371000, "sellingAndMarketingExpenses": 0, "sellingGeneralAndAdministrativeExpenses": 73371000, "otherExpenses": 0, "operatingExpenses": 636747000, "costAndExpenses": 636747000, "interestIncome": 34000000, "interestExpense": 60000000, "depreciationAndAmortization": 22000000, "ebitda": 171000000, "ebitdaratio": 0.2209547831, "operatingIncome": 137167000, "operatingIncomeRatio": 0.1772380394, "totalOtherIncomeExpensesNet": -26000000, "incomeBeforeTax": 110528000, "incomeBeforeTaxRatio": 0.1428169021, "incomeTaxExpense": 26000000, "netIncome": 85000000, "netIncomeRatio": 0.1098313249, "eps": 0.14, "epsdiluted": 0.14, "weightedAverageShsOut": 615940000, "weightedAverageShsOutDil": 629630000, "link": "https://www.sec.gov/Archives/edgar/data/1434265/000155837019008146/0001558370-19-008146-index.htm", "finalLink": "https://www.sec.gov/Archives/edgar/data/1434265/000155837019008146/ex-99d1.htm"}, {"date": "2019-03-31", "symbol": "GMAB", "reportedCurrency": "DKK", "cik": "0001434265", "fillingDate": "2019-03-31", "acceptedDate": "2019-03-31 00:00:00", "calendarYear": "2019", "period": "Q1", "revenue": 591009000, "costOfRevenue": 0, "grossProfit": 591009000, "grossProfitRatio": 1, "researchAndDevelopmentExpenses": 546080000, "generalAndAdministrativeExpenses": 70853000, "sellingAndMarketingExpenses": 0, "sellingGeneralAndAdministrativeExpenses": 70853000, "otherExpenses": 0, "operatingExpenses": 616933000, "costAndExpenses": 616933000, "interestIncome": 21000000, "interestExpense": 2000000, "depreciationAndAmortization": 22000000, "ebitda": 96000000, "ebitdaratio": 0.1624340746, "operatingIncome": -26000000, "operatingIncomeRatio": -0.0439925619, "totalOtherIncomeExpensesNet": 120022000, "incomeBeforeTax": 94022000, "incomeBeforeTaxRatio": 0.1590872559, "incomeTaxExpense": 21813000, "netIncome": 72000000, "netIncomeRatio": 0.121825556, "eps": 0.12, "epsdiluted": 0.12, "weightedAverageShsOut": 610170000, "weightedAverageShsOutDil": 615380000, "link": null, "finalLink": null}, {"date": "2018-12-31", "symbol": "GMAB", "reportedCurrency": "DKK", "cik": "0001434265", "fillingDate": "2018-12-31", "acceptedDate": "2018-12-30 19:00:00", "calendarYear": "2018", "period": "Q4", "revenue": 1235853000, "costOfRevenue": 0, "grossProfit": 1235853000, "grossProfitRatio": 1, "researchAndDevelopmentExpenses": 456477000, "generalAndAdministrativeExpenses": 58355000, "sellingAndMarketingExpenses": 0, "sellingGeneralAndAdministrativeExpenses": 58355000, "otherExpenses": 0, "operatingExpenses": 514832000, "costAndExpenses": 514832000, "interestIncome": 18599000, "interestExpense": 83000, "depreciationAndAmortization": 69555000, "ebitda": 790576000, "ebitdaratio": 0.6397006764, "operatingIncome": 721021000, "operatingIncomeRatio": 0.5834197109, "totalOtherIncomeExpensesNet": 69755000, "incomeBeforeTax": 790493000, "incomeBeforeTaxRatio": 0.6396335163, "incomeTaxExpense": -43372000, "netIncome": 833865000, "netIncomeRatio": 0.6747283051, "eps": 1.36, "epsdiluted": 1.34, "weightedAverageShsOut": 614820000, "weightedAverageShsOutDil": 620940000, "link": "", "finalLink": ""}, {"date": "2018-09-30", "symbol": "GMAB", "reportedCurrency": "DKK", "cik": "0001434265", "fillingDate": "2018-09-30", "acceptedDate": "2018-09-29 20:00:00", "calendarYear": "2018", "period": "Q3", "revenue": 598597000, "costOfRevenue": 0, "grossProfit": 598597000, "grossProfitRatio": 1, "researchAndDevelopmentExpenses": 343242000, "generalAndAdministrativeExpenses": 55182000, "sellingAndMarketingExpenses": 0, "sellingGeneralAndAdministrativeExpenses": 55182000, "otherExpenses": 0, "operatingExpenses": 398424000, "costAndExpenses": 398424000, "interestIncome": 0, "interestExpense": 0, "depreciationAndAmortization": 11883000, "ebitda": 212056000, "ebitdaratio": 0.354255033, "operatingIncome": 200173000, "operatingIncomeRatio": 0.3344036138, "totalOtherIncomeExpensesNet": 30425000, "incomeBeforeTax": 230598000, "incomeBeforeTaxRatio": 0.385230798, "incomeTaxExpense": 51423000, "netIncome": 179175000, "netIncomeRatio": 0.2993249214, "eps": 0.29, "epsdiluted": 0.29, "weightedAverageShsOut": 619980000, "weightedAverageShsOutDil": 619980000, "link": "", "finalLink": ""}, {"date": "2018-06-30", "symbol": "GMAB", "reportedCurrency": "DKK", "cik": "0001434265", "fillingDate": "2018-06-30", "acceptedDate": "2018-06-29 20:00:00", "calendarYear": "2018", "period": "Q2", "revenue": 509675000, "costOfRevenue": 0, "grossProfit": 509675000, "grossProfitRatio": 1, "researchAndDevelopmentExpenses": 318889000, "generalAndAdministrativeExpenses": 55742000, "sellingAndMarketingExpenses": 0, "sellingGeneralAndAdministrativeExpenses": 55742000, "otherExpenses": 0, "operatingExpenses": 374631000, "costAndExpenses": 374631000, "interestIncome": 0, "interestExpense": 0, "depreciationAndAmortization": 11883000, "ebitda": 146927000, "ebitdaratio": 0.2882758621, "operatingIncome": 135044000, "operatingIncomeRatio": 0.2649610046, "totalOtherIncomeExpensesNet": 200271000, "incomeBeforeTax": 335315000, "incomeBeforeTaxRatio": 0.6578996419, "incomeTaxExpense": 74788000, "netIncome": 260527000, "netIncomeRatio": 0.511162996, "eps": 0.43, "epsdiluted": 0.42, "weightedAverageShsOut": 611570000, "weightedAverageShsOutDil": 618830000, "link": "", "finalLink": ""}, {"date": "2018-03-31", "symbol": "GMAB", "reportedCurrency": "DKK", "cik": "0001434265", "fillingDate": "2018-03-31", "acceptedDate": "2018-03-30 20:00:00", "calendarYear": "2018", "period": "Q1", "revenue": 681012000, "costOfRevenue": 0, "grossProfit": 681012000, "grossProfitRatio": 1, "researchAndDevelopmentExpenses": 312551000, "generalAndAdministrativeExpenses": 44416000, "sellingAndMarketingExpenses": 0, "sellingGeneralAndAdministrativeExpenses": 44416000, "otherExpenses": 0, "operatingExpenses": 356967000, "costAndExpenses": 356967000, "interestIncome": 12413000, "interestExpense": 136000, "depreciationAndAmortization": -68344000, "ebitda": 255701000, "ebitdaratio": 0.3754720915, "operatingIncome": 324045000, "operatingIncomeRatio": 0.4758286198, "totalOtherIncomeExpensesNet": -68480000, "incomeBeforeTax": 255565000, "incomeBeforeTaxRatio": 0.3752723887, "incomeTaxExpense": 56991000, "netIncome": 198574000, "netIncomeRatio": 0.2915866387, "eps": 0.33, "epsdiluted": 0.32, "weightedAverageShsOut": 611000000, "weightedAverageShsOutDil": 620540000, "link": "", "finalLink": ""}, {"date": "2017-12-31", "symbol": "GMAB", "reportedCurrency": "DKK", "cik": "0001434265", "fillingDate": "2017-12-31", "acceptedDate": "2017-12-30 19:00:00", "calendarYear": "2017", "period": "Q4", "revenue": 1017862000, "costOfRevenue": 0, "grossProfit": 1017862000, "grossProfitRatio": 1, "researchAndDevelopmentExpenses": 274872000, "generalAndAdministrativeExpenses": 39604000, "sellingAndMarketingExpenses": 0, "sellingGeneralAndAdministrativeExpenses": 39604000, "otherExpenses": 0, "operatingExpenses": 314476000, "costAndExpenses": 314476000, "interestIncome": 10405000, "interestExpense": 2238000, "depreciationAndAmortization": -41641000, "ebitda": 661745000, "ebitdaratio": 0.6501323362, "operatingIncome": 703386000, "operatingIncomeRatio": 0.6910425971, "totalOtherIncomeExpensesNet": -43879000, "incomeBeforeTax": 659507000, "incomeBeforeTaxRatio": 0.6479336099, "incomeTaxExpense": -126361000, "netIncome": 785868000, "netIncomeRatio": 0.7720771578, "eps": 1.29, "epsdiluted": 1.26, "weightedAverageShsOut": 611100000, "weightedAverageShsOutDil": 622340000, "link": "", "finalLink": ""}, {"date": "2017-09-30", "symbol": "GMAB", "reportedCurrency": "DKK", "cik": "0001434265", "fillingDate": "2017-09-30", "acceptedDate": "2017-09-29 20:00:00", "calendarYear": "2017", "period": "Q3", "revenue": 323449000, "costOfRevenue": 0, "grossProfit": 323449000, "grossProfitRatio": 1, "researchAndDevelopmentExpenses": 227767000, "generalAndAdministrativeExpenses": 37382000, "sellingAndMarketingExpenses": 0, "sellingGeneralAndAdministrativeExpenses": 37382000, "otherExpenses": 0, "operatingExpenses": 265149000, "costAndExpenses": 265149000, "interestIncome": 0, "interestExpense": 0, "depreciationAndAmortization": -65509000, "ebitda": 58300000, "ebitdaratio": 0.180244799, "operatingIncome": 58300000, "operatingIncomeRatio": 0.180244799, "totalOtherIncomeExpensesNet": -65509000, "incomeBeforeTax": -7209000, "incomeBeforeTaxRatio": -0.0222879032, "incomeTaxExpense": -1528000, "netIncome": -5681000, "netIncomeRatio": -0.01756382, "eps": -0.009, "epsdiluted": -0.009, "weightedAverageShsOut": 631220000, "weightedAverageShsOutDil": 631220000, "link": "", "finalLink": ""}, {"date": "2017-06-30", "symbol": "GMAB", "reportedCurrency": "DKK", "cik": "0001434265", "fillingDate": "2017-06-30", "acceptedDate": "2017-06-29 20:00:00", "calendarYear": "2017", "period": "Q2", "revenue": 773348000, "costOfRevenue": 0, "grossProfit": 773348000, "grossProfitRatio": 1, "researchAndDevelopmentExpenses": 201568000, "generalAndAdministrativeExpenses": 35365000, "sellingAndMarketingExpenses": 0, "sellingGeneralAndAdministrativeExpenses": 35365000, "otherExpenses": 0, "operatingExpenses": 236933000, "costAndExpenses": 236933000, "interestIncome": 0, "interestExpense": 0, "depreciationAndAmortization": -145475000, "ebitda": 390940000, "ebitdaratio": 0.5055162747, "operatingIncome": 536415000, "operatingIncomeRatio": 0.6936269312, "totalOtherIncomeExpensesNet": -145475000, "incomeBeforeTax": 390940000, "incomeBeforeTaxRatio": 0.5055162747, "incomeTaxExpense": 83675000, "netIncome": 307265000, "netIncomeRatio": 0.3973178957, "eps": 0.51, "epsdiluted": 0.5, "weightedAverageShsOut": 608450000, "weightedAverageShsOutDil": 620740000, "link": "", "finalLink": ""}, {"date": "2017-03-31", "symbol": "GMAB", "reportedCurrency": "DKK", "cik": "0001434265", "fillingDate": "2017-03-31", "acceptedDate": "2017-03-30 20:00:00", "calendarYear": "2017", "period": "Q1", "revenue": 250777000, "costOfRevenue": 0, "grossProfit": 250777000, "grossProfitRatio": 1, "researchAndDevelopmentExpenses": 170071000, "generalAndAdministrativeExpenses": 34636000, "sellingAndMarketingExpenses": 0, "sellingGeneralAndAdministrativeExpenses": 34636000, "otherExpenses": 0, "operatingExpenses": 204707000, "costAndExpenses": 204707000, "interestIncome": 9872000, "interestExpense": 116000, "depreciationAndAmortization": -25588000, "ebitda": 20482000, "ebitdaratio": 0.0816741567, "operatingIncome": 46070000, "operatingIncomeRatio": 0.1837090323, "totalOtherIncomeExpensesNet": -25588000, "incomeBeforeTax": 20482000, "incomeBeforeTaxRatio": 0.0816741567, "incomeTaxExpense": 4383000, "netIncome": 16099000, "netIncomeRatio": 0.0641964773, "eps": 0.027, "epsdiluted": 0.026, "weightedAverageShsOut": 596260000, "weightedAverageShsOutDil": 619190000, "link": "", "finalLink": ""}, {"date": "2016-12-31", "symbol": "GMAB", "reportedCurrency": "DKK", "cik": "0001434265", "fillingDate": "2016-12-31", "acceptedDate": "2016-12-30 19:00:00", "calendarYear": "2016", "period": "Q4", "revenue": 927460000, "costOfRevenue": 0, "grossProfit": 927460000, "grossProfitRatio": 1, "researchAndDevelopmentExpenses": 195658000, "generalAndAdministrativeExpenses": 23925000, "sellingAndMarketingExpenses": 0, "sellingGeneralAndAdministrativeExpenses": 23925000, "otherExpenses": 0, "operatingExpenses": 219583000, "costAndExpenses": 219583000, "interestIncome": 9583000, "interestExpense": 213000, "depreciationAndAmortization": 76664000, "ebitda": 785474000, "ebitdaratio": 0.8469087616, "operatingIncome": 707877000, "operatingIncomeRatio": 0.7632426196, "totalOtherIncomeExpensesNet": 76664000, "incomeBeforeTax": 784541000, "incomeBeforeTaxRatio": 0.8459027883, "incomeTaxExpense": -56872000, "netIncome": 841413000, "netIncomeRatio": 0.907222953, "eps": 1.41, "epsdiluted": 1.36, "weightedAverageShsOut": 600950000, "weightedAverageShsOutDil": 618880000, "link": "", "finalLink": ""}, {"date": "2016-09-30", "symbol": "GMAB", "reportedCurrency": "DKK", "cik": "0001434265", "fillingDate": "2016-09-30", "acceptedDate": "2016-09-29 20:00:00", "calendarYear": "2016", "period": "Q3", "revenue": 364664000, "costOfRevenue": 0, "grossProfit": 364664000, "grossProfitRatio": 1, "researchAndDevelopmentExpenses": 150597000, "generalAndAdministrativeExpenses": 27231000, "sellingAndMarketingExpenses": 0, "sellingGeneralAndAdministrativeExpenses": 27231000, "otherExpenses": 0, "operatingExpenses": 177828000, "costAndExpenses": 177828000, "interestIncome": 0, "interestExpense": 0, "depreciationAndAmortization": 2121000, "ebitda": 186836000, "ebitdaratio": 0.5123510958, "operatingIncome": 186836000, "operatingIncomeRatio": 0.5123510958, "totalOtherIncomeExpensesNet": 2121000, "incomeBeforeTax": 188957000, "incomeBeforeTaxRatio": 0.5181674089, "incomeTaxExpense": 0, "netIncome": 188957000, "netIncomeRatio": 0.5181674089, "eps": 0.32, "epsdiluted": 0.31, "weightedAverageShsOut": 599860000, "weightedAverageShsOutDil": 617510000, "link": "", "finalLink": ""}, {"date": "2016-06-30", "symbol": "GMAB", "reportedCurrency": "DKK", "cik": "0001434265", "fillingDate": "2016-06-30", "acceptedDate": "2016-06-29 20:00:00", "calendarYear": "2016", "period": "Q2", "revenue": 353827000, "costOfRevenue": 0, "grossProfit": 353827000, "grossProfitRatio": 1, "researchAndDevelopmentExpenses": 187505000, "generalAndAdministrativeExpenses": 24541000, "sellingAndMarketingExpenses": 0, "sellingGeneralAndAdministrativeExpenses": 24541000, "otherExpenses": 0, "operatingExpenses": 212046000, "costAndExpenses": 212046000, "interestIncome": 0, "interestExpense": 0, "depreciationAndAmortization": 7956000, "ebitda": 149737000, "ebitdaratio": 0.4231926902, "operatingIncome": 141781000, "operatingIncomeRatio": 0.4007071252, "totalOtherIncomeExpensesNet": 26449000, "incomeBeforeTax": 168230000, "incomeBeforeTaxRatio": 0.4754583455, "incomeTaxExpense": 0, "netIncome": 168230000, "netIncomeRatio": 0.4754583455, "eps": 0.28, "epsdiluted": 0.27, "weightedAverageShsOut": 596560000, "weightedAverageShsOutDil": 618490000, "link": "", "finalLink": ""}, {"date": "2016-03-31", "symbol": "GMAB", "reportedCurrency": "DKK", "cik": "0001434265", "fillingDate": "2016-03-31", "acceptedDate": "2016-03-30 20:00:00", "calendarYear": "2016", "period": "Q1", "revenue": 170171000, "costOfRevenue": 0, "grossProfit": 170171000, "grossProfitRatio": 1, "researchAndDevelopmentExpenses": 127116000, "generalAndAdministrativeExpenses": 26716000, "sellingAndMarketingExpenses": 0, "sellingGeneralAndAdministrativeExpenses": 26716000, "otherExpenses": 0, "operatingExpenses": 153832000, "costAndExpenses": 153832000, "interestIncome": 8000000, "interestExpense": 0, "depreciationAndAmortization": -27850000, "ebitda": -11511000, "ebitdaratio": -0.0676437231, "operatingIncome": 16339000, "operatingIncomeRatio": 0.0960151847, "totalOtherIncomeExpensesNet": -27850000, "incomeBeforeTax": -11511000, "incomeBeforeTaxRatio": -0.0676437231, "incomeTaxExpense": 14000, "netIncome": -11525000, "netIncomeRatio": -0.0677259933, "eps": -0.019, "epsdiluted": -0.019, "weightedAverageShsOut": 606580000, "weightedAverageShsOutDil": 606580000, "link": "", "finalLink": ""}, {"date": "2015-12-31", "symbol": "GMAB", "reportedCurrency": "DKK", "cik": "0001434265", "fillingDate": "2015-12-31", "acceptedDate": "2015-12-30 19:00:00", "calendarYear": "2015", "period": "Q4", "revenue": 574656000, "costOfRevenue": 0, "grossProfit": 574656000, "grossProfitRatio": 1, "researchAndDevelopmentExpenses": 176818000, "generalAndAdministrativeExpenses": 22494000, "sellingAndMarketingExpenses": 0, "sellingGeneralAndAdministrativeExpenses": 22494000, "otherExpenses": 0, "operatingExpenses": 199312000, "costAndExpenses": 199312000, "interestIncome": 8263000, "interestExpense": 118000, "depreciationAndAmortization": 8241000, "ebitda": 383585000, "ebitdaratio": 0.6675036892, "operatingIncome": 375344000, "operatingIncomeRatio": 0.6531629357, "totalOtherIncomeExpensesNet": 8123000, "incomeBeforeTax": 383467000, "incomeBeforeTaxRatio": 0.6672983489, "incomeTaxExpense": -6000000, "netIncome": 389467000, "netIncomeRatio": 0.677739378, "eps": 0.67, "epsdiluted": 0.65, "weightedAverageShsOut": 573690000, "weightedAverageShsOutDil": 594400000, "link": "", "finalLink": ""}, {"date": "2015-09-30", "symbol": "GMAB", "reportedCurrency": "DKK", "cik": "0001434265", "fillingDate": "2015-09-30", "acceptedDate": "2015-09-29 20:00:00", "calendarYear": "2015", "period": "Q3", "revenue": 277765000, "costOfRevenue": 0, "grossProfit": 277765000, "grossProfitRatio": 1, "researchAndDevelopmentExpenses": 114488000, "generalAndAdministrativeExpenses": 20599000, "sellingAndMarketingExpenses": 0, "sellingGeneralAndAdministrativeExpenses": 20599000, "otherExpenses": 0, "operatingExpenses": 135087000, "costAndExpenses": 135087000, "interestIncome": 0, "interestExpense": 0, "depreciationAndAmortization": -2411000, "ebitda": 142678000, "ebitdaratio": 0.5136644286, "operatingIncome": 142678000, "operatingIncomeRatio": 0.5136644286, "totalOtherIncomeExpensesNet": -2411000, "incomeBeforeTax": 140267000, "incomeBeforeTaxRatio": 0.5049844293, "incomeTaxExpense": 0, "netIncome": 140267000, "netIncomeRatio": 0.5049844293, "eps": 0.24, "epsdiluted": 0.23, "weightedAverageShsOut": 589360000, "weightedAverageShsOutDil": 609860000, "link": "", "finalLink": ""}, {"date": "2015-06-30", "symbol": "GMAB", "reportedCurrency": "DKK", "cik": "0001434265", "fillingDate": "2015-06-30", "acceptedDate": "2015-06-29 20:00:00", "calendarYear": "2015", "period": "Q2", "revenue": 173842000, "costOfRevenue": 0, "grossProfit": 173842000, "grossProfitRatio": 1, "researchAndDevelopmentExpenses": 110818000, "generalAndAdministrativeExpenses": 23607000, "sellingAndMarketingExpenses": 0, "sellingGeneralAndAdministrativeExpenses": 23607000, "otherExpenses": 0, "operatingExpenses": 134425000, "costAndExpenses": 134425000, "interestIncome": 0, "interestExpense": 0, "depreciationAndAmortization": -22928000, "ebitda": 39417000, "ebitdaratio": 0.2267403734, "operatingIncome": 39417000, "operatingIncomeRatio": 0.2267403734, "totalOtherIncomeExpensesNet": -22928000, "incomeBeforeTax": 16489000, "incomeBeforeTaxRatio": 0.0948504964, "incomeTaxExpense": 0, "netIncome": 16489000, "netIncomeRatio": 0.0948504964, "eps": 0.028, "epsdiluted": 0.027, "weightedAverageShsOut": 588890000, "weightedAverageShsOutDil": 610700000, "link": "", "finalLink": ""}, {"date": "2015-03-31", "symbol": "GMAB", "reportedCurrency": "DKK", "cik": "0001434265", "fillingDate": "2015-03-31", "acceptedDate": "2015-03-30 20:00:00", "calendarYear": "2015", "period": "Q1", "revenue": 106778000, "costOfRevenue": 0, "grossProfit": 106778000, "grossProfitRatio": 1, "researchAndDevelopmentExpenses": 85532000, "generalAndAdministrativeExpenses": 24524000, "sellingAndMarketingExpenses": 0, "sellingGeneralAndAdministrativeExpenses": 24524000, "otherExpenses": -176218000, "operatingExpenses": -66162000, "costAndExpenses": -66162000, "interestIncome": 9000000, "interestExpense": 0, "depreciationAndAmortization": 44364000, "ebitda": 172940000, "ebitdaratio": 1.6196220195, "operatingIncome": 172940000, "operatingIncomeRatio": 1.6196220195, "totalOtherIncomeExpensesNet": 44364000, "incomeBeforeTax": 217304000, "incomeBeforeTaxRatio": 2.0351008635, "incomeTaxExpense": 14000, "netIncome": 217290000, "netIncomeRatio": 2.0349697503, "eps": 0.38, "epsdiluted": 0.36, "weightedAverageShsOut": 571820000, "weightedAverageShsOutDil": 596950000, "link": "", "finalLink": ""}, {"date": "2014-12-31", "symbol": "GMAB", "reportedCurrency": "DKK", "cik": "0001434265", "fillingDate": "2014-12-31", "acceptedDate": "2014-12-30 19:00:00", "calendarYear": "2014", "period": "Q4", "revenue": 215802000, "costOfRevenue": 0, "grossProfit": 215802000, "grossProfitRatio": 1, "researchAndDevelopmentExpenses": 131768000, "generalAndAdministrativeExpenses": 22821000, "sellingAndMarketingExpenses": 0, "sellingGeneralAndAdministrativeExpenses": 22821000, "otherExpenses": 0, "operatingExpenses": 154589000, "costAndExpenses": 154589000, "interestIncome": 10331000, "interestExpense": 1054000, "depreciationAndAmortization": 3442000, "ebitda": 64655000, "ebitdaratio": 0.2996033401, "operatingIncome": 61213000, "operatingIncomeRatio": 0.2836535343, "totalOtherIncomeExpensesNet": 2388000, "incomeBeforeTax": 63601000, "incomeBeforeTaxRatio": 0.2947192334, "incomeTaxExpense": -5422000, "netIncome": 69023000, "netIncomeRatio": 0.3198441164, "eps": 0.12, "epsdiluted": 0.12, "weightedAverageShsOut": 579260000, "weightedAverageShsOutDil": 577950000, "link": "", "finalLink": ""}, {"date": "2014-09-30", "symbol": "GMAB", "reportedCurrency": "DKK", "cik": "0001434265", "fillingDate": "2014-09-30", "acceptedDate": "2014-09-29 20:00:00", "calendarYear": "2014", "period": "Q3", "revenue": 271522000, "costOfRevenue": 0, "grossProfit": 271522000, "grossProfitRatio": 1, "researchAndDevelopmentExpenses": 112682000, "generalAndAdministrativeExpenses": 19516000, "sellingAndMarketingExpenses": 0, "sellingGeneralAndAdministrativeExpenses": 19516000, "otherExpenses": 0, "operatingExpenses": 132198000, "costAndExpenses": 132198000, "interestIncome": 0, "interestExpense": 0, "depreciationAndAmortization": 2916000, "ebitda": 142240000, "ebitdaratio": 0.5238617865, "operatingIncome": 139324000, "operatingIncomeRatio": 0.5131223253, "totalOtherIncomeExpensesNet": 20823000, "incomeBeforeTax": 160147000, "incomeBeforeTaxRatio": 0.5898122436, "incomeTaxExpense": 225000, "netIncome": 159922000, "netIncomeRatio": 0.5889835814, "eps": 0.28, "epsdiluted": 0.28, "weightedAverageShsOut": 575260000, "weightedAverageShsOutDil": 575260000, "link": "", "finalLink": ""}, {"date": "2014-06-30", "symbol": "GMAB", "reportedCurrency": "DKK", "cik": "0001434265", "fillingDate": "2014-06-30", "acceptedDate": "2014-06-29 20:00:00", "calendarYear": "2014", "period": "Q2", "revenue": 115988000, "costOfRevenue": 0, "grossProfit": 115988000, "grossProfitRatio": 1, "researchAndDevelopmentExpenses": 128821000, "generalAndAdministrativeExpenses": 18877000, "sellingAndMarketingExpenses": 0, "sellingGeneralAndAdministrativeExpenses": 18877000, "otherExpenses": 0, "operatingExpenses": 147698000, "costAndExpenses": 147698000, "interestIncome": 0, "interestExpense": 0, "depreciationAndAmortization": 5507000, "ebitda": -26203000, "ebitdaratio": -0.2259113012, "operatingIncome": -31710000, "operatingIncomeRatio": -0.2733903507, "totalOtherIncomeExpensesNet": 5507000, "incomeBeforeTax": -26203000, "incomeBeforeTaxRatio": -0.2259113012, "incomeTaxExpense": -53000, "netIncome": -26150000, "netIncomeRatio": -0.2254543573, "eps": -0.046, "epsdiluted": -0.046, "weightedAverageShsOut": 568480000, "weightedAverageShsOutDil": 568480000, "link": "", "finalLink": ""}, {"date": "2014-03-31", "symbol": "GMAB", "reportedCurrency": "DKK", "cik": "0001434265", "fillingDate": "2014-03-31", "acceptedDate": "2014-03-30 20:00:00", "calendarYear": "2014", "period": "Q1", "revenue": 247073000, "costOfRevenue": 0, "grossProfit": 247073000, "grossProfitRatio": 1, "researchAndDevelopmentExpenses": 132408000, "generalAndAdministrativeExpenses": 18315000, "sellingAndMarketingExpenses": 0, "sellingGeneralAndAdministrativeExpenses": 18315000, "otherExpenses": 0, "operatingExpenses": 150723000, "costAndExpenses": 150723000, "interestIncome": 8000000, "interestExpense": 1000000, "depreciationAndAmortization": 4451000, "ebitda": 100801000, "ebitdaratio": 0.4079806373, "operatingIncome": 96350000, "operatingIncomeRatio": 0.3899657186, "totalOtherIncomeExpensesNet": 3451000, "incomeBeforeTax": 99801000, "incomeBeforeTaxRatio": 0.4039332505, "incomeTaxExpense": 1300000, "netIncome": 98501000, "netIncomeRatio": 0.3986716477, "eps": 0.18, "epsdiluted": 0.18, "weightedAverageShsOut": 550280000, "weightedAverageShsOutDil": 559660000, "link": "", "finalLink": ""}, {"date": "2013-12-31", "symbol": "GMAB", "reportedCurrency": "DKK", "cik": "0001434265", "fillingDate": "2013-12-31", "acceptedDate": "2013-12-30 19:00:00", "calendarYear": "2013", "period": "Q4", "revenue": 216042000, "costOfRevenue": 0, "grossProfit": 216042000, "grossProfitRatio": 1, "researchAndDevelopmentExpenses": 142680000, "generalAndAdministrativeExpenses": 20046000, "sellingAndMarketingExpenses": 0, "sellingGeneralAndAdministrativeExpenses": 20046000, "otherExpenses": 0, "operatingExpenses": 162726000, "costAndExpenses": 162726000, "interestIncome": 6613000, "interestExpense": 1326000, "depreciationAndAmortization": 2601000, "ebitda": 55917000, "ebitdaratio": 0.258824673, "operatingIncome": 53316000, "operatingIncomeRatio": 0.2467853473, "totalOtherIncomeExpensesNet": 1275000, "incomeBeforeTax": 54591000, "incomeBeforeTaxRatio": 0.2526869775, "incomeTaxExpense": -5277000, "netIncome": 59868000, "netIncomeRatio": 0.2771127836, "eps": 0.12, "epsdiluted": 0.11, "weightedAverageShsOut": 510130000, "weightedAverageShsOutDil": 532460000, "link": "", "finalLink": ""}, {"date": "2013-09-30", "symbol": "GMAB", "reportedCurrency": "DKK", "cik": "0001434265", "fillingDate": "2013-09-30", "acceptedDate": "2013-09-29 20:00:00", "calendarYear": "2013", "period": "Q3", "revenue": 149662000, "costOfRevenue": 0, "grossProfit": 149662000, "grossProfitRatio": 1, "researchAndDevelopmentExpenses": 130395000, "generalAndAdministrativeExpenses": 14568000, "sellingAndMarketingExpenses": 0, "sellingGeneralAndAdministrativeExpenses": 14568000, "otherExpenses": 0, "operatingExpenses": 144963000, "costAndExpenses": 144963000, "interestIncome": 0, "interestExpense": 0, "depreciationAndAmortization": 655000, "ebitda": 4699000, "ebitdaratio": 0.0313974155, "operatingIncome": 4699000, "operatingIncomeRatio": 0.0313974155, "totalOtherIncomeExpensesNet": 655000, "incomeBeforeTax": 5354000, "incomeBeforeTaxRatio": 0.035773944, "incomeTaxExpense": 11000, "netIncome": 5343000, "netIncomeRatio": 0.035700445, "eps": 0.01, "epsdiluted": 0.01, "weightedAverageShsOut": 534300000, "weightedAverageShsOutDil": 534300000, "link": "", "finalLink": ""}, {"date": "2013-06-30", "symbol": "GMAB", "reportedCurrency": "DKK", "cik": "0001434265", "fillingDate": "2013-06-30", "acceptedDate": "2013-06-29 20:00:00", "calendarYear": "2013", "period": "Q2", "revenue": 138091000, "costOfRevenue": 0, "grossProfit": 138091000, "grossProfitRatio": 1, "researchAndDevelopmentExpenses": 139397000, "generalAndAdministrativeExpenses": 16562000, "sellingAndMarketingExpenses": 0, "sellingGeneralAndAdministrativeExpenses": 16562000, "otherExpenses": 0, "operatingExpenses": 155959000, "costAndExpenses": 155959000, "interestIncome": 5719000, "interestExpense": 0, "depreciationAndAmortization": -5719000, "ebitda": -17868000, "ebitdaratio": -0.1293929365, "operatingIncome": -17868000, "operatingIncomeRatio": -0.1293929365, "totalOtherIncomeExpensesNet": -5719000, "incomeBeforeTax": -23587000, "incomeBeforeTaxRatio": -0.1708076558, "incomeTaxExpense": 1754000, "netIncome": -25341000, "netIncomeRatio": -0.1835094249, "eps": -0.05, "epsdiluted": -0.05, "weightedAverageShsOut": 506820000, "weightedAverageShsOutDil": 506820000, "link": "", "finalLink": ""}, {"date": "2013-03-31", "symbol": "GMAB", "reportedCurrency": "DKK", "cik": "0001434265", "fillingDate": "2013-03-31", "acceptedDate": "2013-03-30 20:00:00", "calendarYear": "2013", "period": "Q1", "revenue": 159775000, "costOfRevenue": 0, "grossProfit": 159775000, "grossProfitRatio": 1, "researchAndDevelopmentExpenses": 115104000, "generalAndAdministrativeExpenses": 15565000, "sellingAndMarketingExpenses": 0, "sellingGeneralAndAdministrativeExpenses": 15565000, "otherExpenses": 0, "operatingExpenses": 130669000, "costAndExpenses": 130669000, "interestIncome": 8000000, "interestExpense": 1000000, "depreciationAndAmortization": 3778000, "ebitda": 30044000, "ebitdaratio": 0.1880394304, "operatingIncome": 29106000, "operatingIncomeRatio": 0.1821686747, "totalOtherIncomeExpensesNet": -62000, "incomeBeforeTax": 29044000, "incomeBeforeTaxRatio": 0.181780629, "incomeTaxExpense": -1241000, "netIncome": 72492000, "netIncomeRatio": 0.453713034, "eps": 0.14, "epsdiluted": 0.14, "weightedAverageShsOut": 503420000, "weightedAverageShsOutDil": 506940000, "link": "", "finalLink": ""}, {"date": "2012-12-31", "symbol": "GMAB", "reportedCurrency": "DKK", "cik": "0001434265", "fillingDate": "2012-12-31", "acceptedDate": "2012-12-30 19:00:00", "calendarYear": "2012", "period": "Q4", "revenue": 163103000, "costOfRevenue": 0, "grossProfit": 163103000, "grossProfitRatio": 1, "researchAndDevelopmentExpenses": 153638000, "generalAndAdministrativeExpenses": 17361000, "sellingAndMarketingExpenses": 0, "sellingGeneralAndAdministrativeExpenses": 17361000, "otherExpenses": 0, "operatingExpenses": 170999000, "costAndExpenses": 170999000, "interestIncome": 5105000, "interestExpense": 2145000, "depreciationAndAmortization": 3179000, "ebitda": 603000, "ebitdaratio": 0.0036970503, "operatingIncome": -7896000, "operatingIncomeRatio": -0.0484111267, "totalOtherIncomeExpensesNet": -9547000, "incomeBeforeTax": -17443000, "incomeBeforeTaxRatio": -0.1069446914, "incomeTaxExpense": -2464000, "netIncome": -359798000, "netIncomeRatio": -2.2059557458, "eps": -0.75, "epsdiluted": -0.75, "weightedAverageShsOut": 477580000, "weightedAverageShsOutDil": 477580000, "link": "", "finalLink": ""}, {"date": "2012-09-30", "symbol": "GMAB", "reportedCurrency": "DKK", "cik": "0001434265", "fillingDate": "2012-09-30", "acceptedDate": "2012-09-29 20:00:00", "calendarYear": "2012", "period": "Q3", "revenue": 115876000, "costOfRevenue": 0, "grossProfit": 115876000, "grossProfitRatio": 1, "researchAndDevelopmentExpenses": 127213000, "generalAndAdministrativeExpenses": 15920000, "sellingAndMarketingExpenses": 0, "sellingGeneralAndAdministrativeExpenses": 15920000, "otherExpenses": 0, "operatingExpenses": 143133000, "costAndExpenses": 143133000, "interestIncome": 0, "interestExpense": 19139000, "depreciationAndAmortization": 4796000, "ebitda": -22461000, "ebitdaratio": -0.1938365149, "operatingIncome": -27257000, "operatingIncomeRatio": -0.235225586, "totalOtherIncomeExpensesNet": -19139000, "incomeBeforeTax": -46396000, "incomeBeforeTaxRatio": -0.4003935241, "incomeTaxExpense": -1749000, "netIncome": -55770000, "netIncomeRatio": -0.4812903449, "eps": -0.12, "epsdiluted": -0.12, "weightedAverageShsOut": 464750000, "weightedAverageShsOutDil": 464750000, "link": "", "finalLink": ""}, {"date": "2012-06-30", "symbol": "GMAB", "reportedCurrency": "DKK", "cik": "0001434265", "fillingDate": "2012-06-30", "acceptedDate": "2012-06-29 20:00:00", "calendarYear": "2012", "period": "Q2", "revenue": 111647000, "costOfRevenue": 132799000, "grossProfit": -21152000, "grossProfitRatio": -0.1894542621, "researchAndDevelopmentExpenses": 132799000, "generalAndAdministrativeExpenses": 16228000, "sellingAndMarketingExpenses": 0, "sellingGeneralAndAdministrativeExpenses": 16228000, "otherExpenses": -132799000, "operatingExpenses": 16228000, "costAndExpenses": 149027000, "interestIncome": 0, "interestExpense": 0, "depreciationAndAmortization": 3551000, "ebitda": -37380000, "ebitdaratio": -0.3348052344, "operatingIncome": -37380000, "operatingIncomeRatio": -0.3348052344, "totalOtherIncomeExpensesNet": 46041000, "incomeBeforeTax": 8661000, "incomeBeforeTaxRatio": 0.0775748565, "incomeTaxExpense": 707000, "netIncome": -2075000, "netIncomeRatio": -0.0185853628, "eps": -0.0046, "epsdiluted": -0.0046, "weightedAverageShsOut": 449070000, "weightedAverageShsOutDil": 449070000, "link": "", "finalLink": ""}, {"date": "2012-03-31", "symbol": "GMAB", "reportedCurrency": "DKK", "cik": "0001434265", "fillingDate": "2012-03-31", "acceptedDate": "2012-03-30 20:00:00", "calendarYear": "2012", "period": "Q1", "revenue": 94010000, "costOfRevenue": 123052000, "grossProfit": -29042000, "grossProfitRatio": -0.3089245825, "researchAndDevelopmentExpenses": 123052000, "generalAndAdministrativeExpenses": 15104000, "sellingAndMarketingExpenses": 0, "sellingGeneralAndAdministrativeExpenses": 15104000, "otherExpenses": -123052000, "operatingExpenses": 15104000, "costAndExpenses": 138156000, "interestIncome": 4000000, "interestExpense": 1000000, "depreciationAndAmortization": 3585000, "ebitda": -57903000, "ebitdaratio": -0.6159238379, "operatingIncome": -44146000, "operatingIncomeRatio": -0.4695883417, "totalOtherIncomeExpensesNet": -14757000, "incomeBeforeTax": -58903000, "incomeBeforeTaxRatio": -0.6265610041, "incomeTaxExpense": 873000, "netIncome": -69475000, "netIncomeRatio": -0.7390171258, "eps": -0.16, "epsdiluted": -0.16, "weightedAverageShsOut": 434220000, "weightedAverageShsOutDil": 434220000, "link": "", "finalLink": ""}, {"date": "2011-12-31", "symbol": "GMAB", "reportedCurrency": "DKK", "cik": "0001434265", "fillingDate": "2011-12-31", "acceptedDate": "2011-12-30 19:00:00", "calendarYear": "2011", "period": "Q4", "revenue": 93069000, "costOfRevenue": 142199000, "grossProfit": -49130000, "grossProfitRatio": -0.5278879111, "researchAndDevelopmentExpenses": 0, "generalAndAdministrativeExpenses": 15215000, "sellingAndMarketingExpenses": 0, "sellingGeneralAndAdministrativeExpenses": 15215000, "otherExpenses": 0, "operatingExpenses": 15215000, "costAndExpenses": 157414000, "interestIncome": 0, "interestExpense": 0, "depreciationAndAmortization": 3628000, "ebitda": 21965000, "ebitdaratio": 0.2360076932, "operatingIncome": -64345000, "operatingIncomeRatio": -0.6913687694, "totalOtherIncomeExpensesNet": 29909000, "incomeBeforeTax": -34436000, "incomeBeforeTaxRatio": -0.37000505, "incomeTaxExpense": 7000, "netIncome": -43805000, "netIncomeRatio": -0.4706722969, "eps": -0.098, "epsdiluted": -0.098, "weightedAverageShsOut": 448570000, "weightedAverageShsOutDil": 448570000, "link": "", "finalLink": ""}, {"date": "2011-09-30", "symbol": "GMAB", "reportedCurrency": "DKK", "cik": "0001434265", "fillingDate": "2011-09-30", "acceptedDate": "2011-09-29 20:00:00", "calendarYear": "2011", "period": "Q3", "revenue": 90867000, "costOfRevenue": 131286000, "grossProfit": -40419000, "grossProfitRatio": -0.4448149493, "researchAndDevelopmentExpenses": 131286000, "generalAndAdministrativeExpenses": 17492000, "sellingAndMarketingExpenses": 0, "sellingGeneralAndAdministrativeExpenses": 17492000, "otherExpenses": 0, "operatingExpenses": 17492000, "costAndExpenses": 148778000, "interestIncome": 0, "interestExpense": 0, "depreciationAndAmortization": 3595000, "ebitda": -54316000, "ebitdaratio": -0.5977527595, "operatingIncome": -57911000, "operatingIncomeRatio": -0.6373160773, "totalOtherIncomeExpensesNet": 50133000, "incomeBeforeTax": -7778000, "incomeBeforeTaxRatio": -0.0855976317, "incomeTaxExpense": 865000, "netIncome": -360772000, "netIncomeRatio": -3.9703302629, "eps": -0.8, "epsdiluted": -0.8, "weightedAverageShsOut": 449280000, "weightedAverageShsOutDil": 449280000, "link": "", "finalLink": ""}, {"date": "2011-06-30", "symbol": "GMAB", "reportedCurrency": "DKK", "cik": "0001434265", "fillingDate": "2011-06-30", "acceptedDate": "2011-06-29 20:00:00", "calendarYear": "2011", "period": "Q2", "revenue": 83877000, "costOfRevenue": 131544000, "grossProfit": -47667000, "grossProfitRatio": -0.5682964341, "researchAndDevelopmentExpenses": 0, "generalAndAdministrativeExpenses": 17768000, "sellingAndMarketingExpenses": 0, "sellingGeneralAndAdministrativeExpenses": 17768000, "otherExpenses": 0, "operatingExpenses": 17768000, "costAndExpenses": 149312000, "interestIncome": 0, "interestExpense": 0, "depreciationAndAmortization": 3699000, "ebitda": -61736000, "ebitdaratio": -0.7360301394, "operatingIncome": -65435000, "operatingIncomeRatio": -0.7801304291, "totalOtherIncomeExpensesNet": -4048000, "incomeBeforeTax": -69483000, "incomeBeforeTaxRatio": -0.8283915734, "incomeTaxExpense": 1943000, "netIncome": -80570000, "netIncomeRatio": -0.9605732203, "eps": -0.18, "epsdiluted": -0.18, "weightedAverageShsOut": 450110000, "weightedAverageShsOutDil": 450110000, "link": "", "finalLink": ""}, {"date": "2011-03-31", "symbol": "GMAB", "reportedCurrency": "DKK", "cik": "0001434265", "fillingDate": "2011-03-31", "acceptedDate": "2011-03-30 20:00:00", "calendarYear": "2011", "period": "Q1", "revenue": 83123000, "costOfRevenue": 127478000, "grossProfit": -44355000, "grossProfitRatio": -0.5336068236, "researchAndDevelopmentExpenses": 0, "generalAndAdministrativeExpenses": 17376000, "sellingAndMarketingExpenses": 0, "sellingGeneralAndAdministrativeExpenses": 17376000, "otherExpenses": 0, "operatingExpenses": 17376000, "costAndExpenses": 144854000, "interestIncome": 0, "interestExpense": 0, "depreciationAndAmortization": 4125000, "ebitda": -57606000, "ebitdaratio": -0.6930211855, "operatingIncome": -61731000, "operatingIncomeRatio": -0.7426464396, "totalOtherIncomeExpensesNet": -36400000, "incomeBeforeTax": -98131000, "incomeBeforeTaxRatio": -1.1805517125, "incomeTaxExpense": 3105000, "netIncome": -111221000, "netIncomeRatio": -1.3380291857, "eps": -0.25, "epsdiluted": -0.25, "weightedAverageShsOut": 449070000, "weightedAverageShsOutDil": 449070000, "link": "", "finalLink": ""}, {"date": "2010-12-31", "symbol": "GMAB", "reportedCurrency": "DKK", "cik": "0001434265", "fillingDate": "2010-12-31", "acceptedDate": "2010-12-30 19:00:00", "calendarYear": "2010", "period": "Q4", "revenue": 91158000, "costOfRevenue": 148360000, "grossProfit": -57202000, "grossProfitRatio": -0.6275038943, "researchAndDevelopmentExpenses": 0, "generalAndAdministrativeExpenses": 30115000, "sellingAndMarketingExpenses": 0, "sellingGeneralAndAdministrativeExpenses": 30115000, "otherExpenses": 0, "operatingExpenses": 30115000, "costAndExpenses": 178475000, "interestIncome": 0, "interestExpense": 0, "depreciationAndAmortization": 4549000, "ebitda": -4874000, "ebitdaratio": -0.0534676057, "operatingIncome": -87317000, "operatingIncomeRatio": -0.9578643674, "totalOtherIncomeExpensesNet": 12161000, "incomeBeforeTax": -75156000, "incomeBeforeTaxRatio": -0.8244586323, "incomeTaxExpense": 2623000, "netIncome": -83906000, "netIncomeRatio": -0.9204458193, "eps": -0.19, "epsdiluted": -0.19, "weightedAverageShsOut": 449120000, "weightedAverageShsOutDil": 449120000, "link": "", "finalLink": ""}, {"date": "2010-09-30", "symbol": "GMAB", "reportedCurrency": "DKK", "cik": "0001434265", "fillingDate": "2010-09-30", "acceptedDate": "2010-09-29 20:00:00", "calendarYear": "2010", "period": "Q3", "revenue": 214598000, "costOfRevenue": 20888000, "grossProfit": 193710000, "grossProfitRatio": 0.9026645169, "researchAndDevelopmentExpenses": 0, "generalAndAdministrativeExpenses": 26772000, "sellingAndMarketingExpenses": 0, "sellingGeneralAndAdministrativeExpenses": 26772000, "otherExpenses": 0, "operatingExpenses": 26772000, "costAndExpenses": 47660000, "interestIncome": 0, "interestExpense": 0, "depreciationAndAmortization": 5173000, "ebitda": 172111000, "ebitdaratio": 0.8020158622, "operatingIncome": 166938000, "operatingIncomeRatio": 0.7779103254, "totalOtherIncomeExpensesNet": -39331000, "incomeBeforeTax": 127607000, "incomeBeforeTaxRatio": 0.5946327552, "incomeTaxExpense": 2493000, "netIncome": -18447000, "netIncomeRatio": -0.0859607266, "eps": -0.041, "epsdiluted": -0.041, "weightedAverageShsOut": 449930000, "weightedAverageShsOutDil": 449930000, "link": "", "finalLink": ""}]