[{"date": "2025-05-31", "symbol": "CTAS", "reportedCurrency": "USD", "cik": "0000723254", "fillingDate": "2025-07-17", "acceptedDate": "2025-07-17 08:31:26", "calendarYear": "2025", "period": "Q4", "revenue": 2667652000, "costOfRevenue": 1341663000, "grossProfit": 1325989000, "grossProfitRatio": 0.4970622105, "researchAndDevelopmentExpenses": 0, "generalAndAdministrativeExpenses": 0, "sellingAndMarketingExpenses": 0, "sellingGeneralAndAdministrativeExpenses": 728537000, "otherExpenses": 0, "operatingExpenses": 728537000, "costAndExpenses": 2070199999, "interestIncome": 2023000, "interestExpense": 24060000, "depreciationAndAmortization": 0, "ebitda": 599475000, "ebitdaratio": 0.2247200909, "operatingIncome": 597452000, "operatingIncomeRatio": 0.2239617461, "totalOtherIncomeExpensesNet": -22037000, "incomeBeforeTax": 575415000, "incomeBeforeTaxRatio": 0.2157009235, "incomeTaxExpense": 127159000, "netIncome": 448256000, "netIncomeRatio": 0.1680339115, "eps": 1.11, "epsdiluted": 1.08, "weightedAverageShsOut": 403412000, "weightedAverageShsOutDil": 409685000, "link": "https://www.sec.gov/Archives/edgar/data/723254/000072325425000013/0000723254-25-000013-index.htm", "finalLink": "https://www.sec.gov/Archives/edgar/data/723254/000072325425000013/ex992025-5x31.htm"}, {"date": "2025-02-28", "symbol": "CTAS", "reportedCurrency": "USD", "cik": "0000723254", "fillingDate": "2025-04-03", "acceptedDate": "2025-04-03 16:07:29", "calendarYear": "2025", "period": "Q3", "revenue": 2609159000, "costOfRevenue": 1289818000, "grossProfit": 1319341000, "grossProfitRatio": 0.5056575701, "researchAndDevelopmentExpenses": 0, "generalAndAdministrativeExpenses": 0, "sellingAndMarketingExpenses": 0, "sellingGeneralAndAdministrativeExpenses": 709488000, "otherExpenses": 0, "operatingExpenses": 709488000, "costAndExpenses": 1999306000, "interestIncome": 1349000, "interestExpense": 24764000, "depreciationAndAmortization": 127047000, "ebitda": 740285000, "ebitdaratio": 0.2837255223, "operatingIncome": 609853000, "operatingIncomeRatio": 0.233735468, "totalOtherIncomeExpensesNet": -23415000, "incomeBeforeTax": 586438000, "incomeBeforeTaxRatio": 0.224761312, "incomeTaxExpense": 122941000, "netIncome": 463497000, "netIncomeRatio": 0.1776422978, "eps": 1.14, "epsdiluted": 1.13, "weightedAverageShsOut": 403769000, "weightedAverageShsOutDil": 410307000, "link": "https://www.sec.gov/Archives/edgar/data/723254/000162828025016483/0001628280-25-016483-index.htm", "finalLink": "https://www.sec.gov/Archives/edgar/data/723254/000162828025016483/ctas-20250228.htm"}, {"date": "2024-11-30", "symbol": "CTAS", "reportedCurrency": "USD", "cik": "0000723254", "fillingDate": "2025-01-08", "acceptedDate": "2025-01-08 15:06:53", "calendarYear": "2025", "period": "Q2", "revenue": 2561783000, "costOfRevenue": 1285080000, "grossProfit": 1276703000, "grossProfitRatio": 0.4983650059, "researchAndDevelopmentExpenses": 0, "generalAndAdministrativeExpenses": 0, "sellingAndMarketingExpenses": 0, "sellingGeneralAndAdministrativeExpenses": 685313000, "otherExpenses": 0, "operatingExpenses": 685313000, "costAndExpenses": 1970393000, "interestIncome": 962000, "interestExpense": 26665000, "depreciationAndAmortization": 155943000, "ebitda": 747333000, "ebitdaratio": 0.2917237721, "operatingIncome": 591390000, "operatingIncomeRatio": 0.2308509347, "totalOtherIncomeExpensesNet": -25703000, "incomeBeforeTax": 565687000, "incomeBeforeTaxRatio": 0.2208176883, "incomeTaxExpense": 117192000, "netIncome": 448495000, "netIncomeRatio": 0.1750714249, "eps": 1.11, "epsdiluted": 1.09, "weightedAverageShsOut": 410667000, "weightedAverageShsOutDil": 410667000, "link": "https://www.sec.gov/Archives/edgar/data/723254/000072325425000003/0000723254-25-000003-index.htm", "finalLink": "https://www.sec.gov/Archives/edgar/data/723254/000072325425000003/ctas-20241130.htm"}, {"date": "2024-08-31", "symbol": "CTAS", "reportedCurrency": "USD", "cik": "0000723254", "fillingDate": "2024-10-04", "acceptedDate": "2024-10-04 14:51:19", "calendarYear": "2025", "period": "Q1", "revenue": 2501587000, "costOfRevenue": 1249456000, "grossProfit": 1252131000, "grossProfitRatio": 0.5005346606, "researchAndDevelopmentExpenses": 0, "generalAndAdministrativeExpenses": 0, "sellingAndMarketingExpenses": 0, "sellingGeneralAndAdministrativeExpenses": 691100000, "otherExpenses": 0, "operatingExpenses": 691100000, "costAndExpenses": 1940556000, "interestIncome": 1250000, "interestExpense": 25619000, "depreciationAndAmortization": 115204000, "ebitda": 679521000, "ebitdaratio": 0.2716359655, "operatingIncome": 561031000, "operatingIncomeRatio": 0.2242700334, "totalOtherIncomeExpensesNet": -24369000, "incomeBeforeTax": 536662000, "incomeBeforeTaxRatio": 0.2145286172, "incomeTaxExpense": 84629000, "netIncome": 452033000, "netIncomeRatio": 0.1806984926, "eps": 1.12, "epsdiluted": 1.1, "weightedAverageShsOut": 403382000, "weightedAverageShsOutDil": 410496000, "link": "https://www.sec.gov/Archives/edgar/data/723254/000072325424000053/0000723254-24-000053-index.htm", "finalLink": "https://www.sec.gov/Archives/edgar/data/723254/000072325424000053/ctas-20240831.htm"}, {"date": "2024-05-31", "symbol": "CTAS", "reportedCurrency": "USD", "cik": "0000723254", "fillingDate": "2024-07-25", "acceptedDate": "2024-07-25 14:01:02", "calendarYear": "2024", "period": "Q4", "revenue": 2470935000, "costOfRevenue": 1297189000, "grossProfit": 1173746000, "grossProfitRatio": 0.4750209941, "researchAndDevelopmentExpenses": 0, "generalAndAdministrativeExpenses": 0, "sellingAndMarketingExpenses": 0, "sellingGeneralAndAdministrativeExpenses": 626152000, "otherExpenses": 0, "operatingExpenses": 626152000, "costAndExpenses": 1923341000, "interestIncome": 3621000, "interestExpense": 24076000, "depreciationAndAmortization": 114932000, "ebitda": 668181000, "ebitdaratio": 0.2704162594, "operatingIncome": 547594000, "operatingIncomeRatio": 0.2216140854, "totalOtherIncomeExpensesNet": -20455000, "incomeBeforeTax": 527139000, "incomeBeforeTaxRatio": 0.2133358425, "incomeTaxExpense": 112824000, "netIncome": 414315000, "netIncomeRatio": 0.1676753941, "eps": 1.02, "epsdiluted": 1, "weightedAverageShsOut": 406180000, "weightedAverageShsOutDil": 413328000, "link": "https://www.sec.gov/Archives/edgar/data/723254/000072325424000036/0000723254-24-000036-index.htm", "finalLink": "https://www.sec.gov/Archives/edgar/data/723254/000072325424000036/ctas-20240531.htm"}, {"date": "2024-02-29", "symbol": "CTAS", "reportedCurrency": "USD", "cik": "0000723254", "fillingDate": "2024-04-05", "acceptedDate": "2024-04-05 12:16:57", "calendarYear": "2024", "period": "Q3", "revenue": 2406173000, "costOfRevenue": 1258905000, "grossProfit": 1147268000, "grossProfitRatio": 0.476801959, "researchAndDevelopmentExpenses": 0, "generalAndAdministrativeExpenses": 0, "sellingAndMarketingExpenses": 0, "sellingGeneralAndAdministrativeExpenses": 626468000, "otherExpenses": 0, "operatingExpenses": 626468000, "costAndExpenses": 1885373000, "interestIncome": 930000, "interestExpense": 25530000, "depreciationAndAmortization": 111414000, "ebitda": 635181000, "ebitdaratio": 0.263979772, "operatingIncome": 520800000, "operatingIncomeRatio": 0.2164432898, "totalOtherIncomeExpensesNet": -24600000, "incomeBeforeTax": 496200000, "incomeBeforeTaxRatio": 0.206219586, "incomeTaxExpense": 98621000, "netIncome": 397579000, "netIncomeRatio": 0.1652329238, "eps": 0.98, "epsdiluted": 0.96, "weightedAverageShsOut": 405908000, "weightedAverageShsOutDil": 412748000, "link": "https://www.sec.gov/Archives/edgar/data/723254/000072325424000018/0000723254-24-000018-index.htm", "finalLink": "https://www.sec.gov/Archives/edgar/data/723254/000072325424000018/ctas-20240229.htm"}, {"date": "2023-11-30", "symbol": "CTAS", "reportedCurrency": "USD", "cik": "0000723254", "fillingDate": "2024-01-08", "acceptedDate": "2024-01-08 14:58:50", "calendarYear": "2024", "period": "Q2", "revenue": 2377177000, "costOfRevenue": 1235629000, "grossProfit": 1141548000, "grossProfitRatio": 0.4802116123, "researchAndDevelopmentExpenses": 0, "generalAndAdministrativeExpenses": 0, "sellingAndMarketingExpenses": 0, "sellingGeneralAndAdministrativeExpenses": 641865000, "otherExpenses": 0, "operatingExpenses": 641865000, "costAndExpenses": 1877494000, "interestIncome": 769000, "interestExpense": 26590000, "depreciationAndAmortization": 109226000, "ebitda": 611576000, "ebitdaratio": 0.2572698625, "operatingIncome": 499683000, "operatingIncomeRatio": 0.210200166, "totalOtherIncomeExpensesNet": -25821000, "incomeBeforeTax": 473862000, "incomeBeforeTaxRatio": 0.1993381225, "incomeTaxExpense": 99249000, "netIncome": 374613000, "netIncomeRatio": 0.1575873399, "eps": 0.92, "epsdiluted": 0.9, "weightedAverageShsOut": 406668000, "weightedAverageShsOutDil": 413064000, "link": "https://www.sec.gov/Archives/edgar/data/723254/000072325424000005/0000723254-24-000005-index.htm", "finalLink": "https://www.sec.gov/Archives/edgar/data/723254/000072325424000005/ctas-20231130.htm"}, {"date": "2023-08-31", "symbol": "CTAS", "reportedCurrency": "USD", "cik": "0000723254", "fillingDate": "2023-10-05", "acceptedDate": "2023-10-05 12:51:08", "calendarYear": "2024", "period": "Q1", "revenue": 2342330000, "costOfRevenue": 1200759000, "grossProfit": 1141571000, "grossProfitRatio": 0.4873655719, "researchAndDevelopmentExpenses": 0, "generalAndAdministrativeExpenses": 0, "sellingAndMarketingExpenses": 0, "sellingGeneralAndAdministrativeExpenses": 641015000, "otherExpenses": 0, "operatingExpenses": 641015000, "costAndExpenses": 1841774000, "interestIncome": 422000, "interestExpense": 24544000, "depreciationAndAmortization": 106812000, "ebitda": 608919000, "ebitdaratio": 0.2599629429, "operatingIncome": 500556000, "operatingIncomeRatio": 0.2137000337, "totalOtherIncomeExpensesNet": -24122000, "incomeBeforeTax": 476434000, "incomeBeforeTaxRatio": 0.203401741, "incomeTaxExpense": 91349000, "netIncome": 385085000, "netIncomeRatio": 0.1644025394, "eps": 0.94, "epsdiluted": 0.93, "weightedAverageShsOut": 407580000, "weightedAverageShsOutDil": 414288000, "link": "https://www.sec.gov/Archives/edgar/data/723254/000072325423000037/0000723254-23-000037-index.htm", "finalLink": "https://www.sec.gov/Archives/edgar/data/723254/000072325423000037/ctas-20230831.htm"}, {"date": "2023-05-31", "symbol": "CTAS", "reportedCurrency": "USD", "cik": "0000723254", "fillingDate": "2023-07-27", "acceptedDate": "2023-07-27 13:14:03", "calendarYear": "2023", "period": "Q4", "revenue": 2284471000, "costOfRevenue": 1195693000, "grossProfit": 1088778000, "grossProfitRatio": 0.4765996154, "researchAndDevelopmentExpenses": 0, "generalAndAdministrativeExpenses": 0, "sellingAndMarketingExpenses": 0, "sellingGeneralAndAdministrativeExpenses": 617980000, "otherExpenses": 0, "operatingExpenses": 617980000, "costAndExpenses": 1813673000, "interestIncome": 844000, "interestExpense": 25773000, "depreciationAndAmortization": 105080000, "ebitda": 576722000, "ebitdaratio": 0.2524531938, "operatingIncome": 470798000, "operatingIncomeRatio": 0.206086223, "totalOtherIncomeExpensesNet": -24929000, "incomeBeforeTax": 445869000, "incomeBeforeTaxRatio": 0.1951738499, "incomeTaxExpense": 99668000, "netIncome": 346201000, "netIncomeRatio": 0.1515453687, "eps": 0.85, "epsdiluted": 0.83, "weightedAverageShsOut": 407152000, "weightedAverageShsOutDil": 413672000, "link": "https://www.sec.gov/Archives/edgar/data/723254/000072325423000025/0000723254-23-000025-index.htm", "finalLink": "https://www.sec.gov/Archives/edgar/data/723254/000072325423000025/ctas-20230531.htm"}, {"date": "2023-02-28", "symbol": "CTAS", "reportedCurrency": "USD", "cik": "0000723254", "fillingDate": "2023-04-06", "acceptedDate": "2023-04-06 15:20:29", "calendarYear": "2023", "period": "Q3", "revenue": 2189986000, "costOfRevenue": 1155955000, "grossProfit": 1034031000, "grossProfitRatio": 0.4721632924, "researchAndDevelopmentExpenses": 0, "generalAndAdministrativeExpenses": 0, "sellingAndMarketingExpenses": 0, "sellingGeneralAndAdministrativeExpenses": 587219000, "otherExpenses": 0, "operatingExpenses": 587219000, "costAndExpenses": 1743174000, "interestIncome": 373000, "interestExpense": 28819000, "depreciationAndAmortization": 102828000, "ebitda": 550013000, "ebitdaratio": 0.2511490941, "operatingIncome": 446812000, "operatingIncomeRatio": 0.2040250486, "totalOtherIncomeExpensesNet": -28446000, "incomeBeforeTax": 418366000, "incomeBeforeTaxRatio": 0.1910359244, "incomeTaxExpense": 92539000, "netIncome": 325827000, "netIncomeRatio": 0.1487804032, "eps": 0.8, "epsdiluted": 0.78, "weightedAverageShsOut": 406856000, "weightedAverageShsOutDil": 413672000, "link": "https://www.sec.gov/Archives/edgar/data/723254/000072325423000008/0000723254-23-000008-index.htm", "finalLink": "https://www.sec.gov/Archives/edgar/data/723254/000072325423000008/ctas-20230228.htm"}, {"date": "2022-11-30", "symbol": "CTAS", "reportedCurrency": "USD", "cik": "0000723254", "fillingDate": "2023-01-06", "acceptedDate": "2023-01-06 16:08:24", "calendarYear": "2023", "period": "Q2", "revenue": 2174858000, "costOfRevenue": 1152411000, "grossProfit": 1022447000, "grossProfitRatio": 0.4701212677, "researchAndDevelopmentExpenses": 0, "generalAndAdministrativeExpenses": 0, "sellingAndMarketingExpenses": 0, "sellingGeneralAndAdministrativeExpenses": 577513000, "otherExpenses": 0, "operatingExpenses": 577513000, "costAndExpenses": 1729924000, "interestIncome": 344000, "interestExpense": 28920000, "depreciationAndAmortization": 101208000, "ebitda": 546486000, "ebitdaratio": 0.2512743361, "operatingIncome": 444934000, "operatingIncomeRatio": 0.2045807129, "totalOtherIncomeExpensesNet": -28576000, "incomeBeforeTax": 416358000, "incomeBeforeTaxRatio": 0.1914414642, "incomeTaxExpense": 92065000, "netIncome": 324293000, "netIncomeRatio": 0.1491099649, "eps": 0.8, "epsdiluted": 0.78, "weightedAverageShsOut": 406548000, "weightedAverageShsOutDil": 413424000, "link": "https://www.sec.gov/Archives/edgar/data/723254/000072325423000003/0000723254-23-000003-index.htm", "finalLink": "https://www.sec.gov/Archives/edgar/data/723254/000072325423000003/ctas-20221130.htm"}, {"date": "2022-08-31", "symbol": "CTAS", "reportedCurrency": "USD", "cik": "0000723254", "fillingDate": "2022-10-06", "acceptedDate": "2022-10-06 14:22:36", "calendarYear": "2023", "period": "Q1", "revenue": 2166454000, "costOfRevenue": 1138342000, "grossProfit": 1028112000, "grossProfitRatio": 0.4745598106, "researchAndDevelopmentExpenses": 0, "generalAndAdministrativeExpenses": 0, "sellingAndMarketingExpenses": 0, "sellingGeneralAndAdministrativeExpenses": 587992000, "otherExpenses": 0, "operatingExpenses": 587992000, "costAndExpenses": 1726334000, "interestIncome": 155000, "interestExpense": 27720000, "depreciationAndAmortization": 100046000, "ebitda": 540321000, "ebitdaratio": 0.249403403, "operatingIncome": 440120000, "operatingIncomeRatio": 0.2031522479, "totalOtherIncomeExpensesNet": -27565000, "incomeBeforeTax": 412555000, "incomeBeforeTaxRatio": 0.1904286913, "incomeTaxExpense": 60866000, "netIncome": 351689000, "netIncomeRatio": 0.1623339337, "eps": 0.87, "epsdiluted": 0.85, "weightedAverageShsOut": 405712000, "weightedAverageShsOutDil": 413348000, "link": "https://www.sec.gov/Archives/edgar/data/723254/000072325422000031/0000723254-22-000031-index.htm", "finalLink": "https://www.sec.gov/Archives/edgar/data/723254/000072325422000031/ctas-20220831.htm"}, {"date": "2022-05-31", "symbol": "CTAS", "reportedCurrency": "USD", "cik": "0000723254", "fillingDate": "2022-07-27", "acceptedDate": "2022-07-27 14:21:24", "calendarYear": "2022", "period": "Q4", "revenue": 2074686000, "costOfRevenue": 1128491000, "grossProfit": 946195000, "grossProfitRatio": 0.4560666048, "researchAndDevelopmentExpenses": 0, "generalAndAdministrativeExpenses": 0, "sellingAndMarketingExpenses": 0, "sellingGeneralAndAdministrativeExpenses": 541759000, "otherExpenses": 0, "operatingExpenses": 541759000, "costAndExpenses": 1670250000, "interestIncome": 74000, "interestExpense": 23058000, "depreciationAndAmortization": 102378000, "ebitda": 506888000, "ebitdaratio": 0.2443203453, "operatingIncome": 404436000, "operatingIncomeRatio": 0.1949384148, "totalOtherIncomeExpensesNet": -22984000, "incomeBeforeTax": 381452000, "incomeBeforeTaxRatio": 0.1838601118, "incomeTaxExpense": 86991000, "netIncome": 294461000, "netIncomeRatio": 0.1419303933, "eps": 0.72, "epsdiluted": 0.71, "weightedAverageShsOut": 409496000, "weightedAverageShsOutDil": 417708000, "link": "https://www.sec.gov/Archives/edgar/data/723254/000072325422000019/0000723254-22-000019-index.htm", "finalLink": "https://www.sec.gov/Archives/edgar/data/723254/000072325422000019/ctas-20220531.htm"}, {"date": "2022-02-28", "symbol": "CTAS", "reportedCurrency": "USD", "cik": "0000723254", "fillingDate": "2022-04-07", "acceptedDate": "2022-04-07 12:42:15", "calendarYear": "2022", "period": "Q3", "revenue": 1960542000, "costOfRevenue": 1062388000, "grossProfit": 898154000, "grossProfitRatio": 0.4581151539, "researchAndDevelopmentExpenses": 0, "generalAndAdministrativeExpenses": 0, "sellingAndMarketingExpenses": 0, "sellingGeneralAndAdministrativeExpenses": 490549000, "otherExpenses": 0, "operatingExpenses": 490549000, "costAndExpenses": 1552937000, "interestIncome": 56000, "interestExpense": 22030000, "depreciationAndAmortization": 100190000, "ebitda": 507851000, "ebitdaratio": 0.2590360217, "operatingIncome": 407605000, "operatingIncomeRatio": 0.2079042428, "totalOtherIncomeExpensesNet": -21974000, "incomeBeforeTax": 385631000, "incomeBeforeTaxRatio": 0.1966961177, "incomeTaxExpense": 70183000, "netIncome": 315448000, "netIncomeRatio": 0.1608983638, "eps": 0.75, "epsdiluted": 0.75, "weightedAverageShsOut": 413552000, "weightedAverageShsOutDil": 422564000, "link": "https://www.sec.gov/Archives/edgar/data/723254/000072325422000008/0000723254-22-000008-index.htm", "finalLink": "https://www.sec.gov/Archives/edgar/data/723254/000072325422000008/ctas-20220228.htm"}, {"date": "2021-11-30", "symbol": "CTAS", "reportedCurrency": "USD", "cik": "0000723254", "fillingDate": "2022-01-06", "acceptedDate": "2022-01-06 15:30:11", "calendarYear": "2022", "period": "Q2", "revenue": 1922281000, "costOfRevenue": 1037140000, "grossProfit": 885141000, "grossProfitRatio": 0.4604638968, "researchAndDevelopmentExpenses": 0, "generalAndAdministrativeExpenses": 0, "sellingAndMarketingExpenses": 0, "sellingGeneralAndAdministrativeExpenses": 503913000, "otherExpenses": 0, "operatingExpenses": 503913000, "costAndExpenses": 1541053000, "interestIncome": 56000, "interestExpense": 21902000, "depreciationAndAmortization": 98219000, "ebitda": 479503000, "ebitdaratio": 0.2494448002, "operatingIncome": 381228000, "operatingIncomeRatio": 0.1983206409, "totalOtherIncomeExpensesNet": -21846000, "incomeBeforeTax": 359382000, "incomeBeforeTaxRatio": 0.1869560174, "incomeTaxExpense": 64713000, "netIncome": 294669000, "netIncomeRatio": 0.1532913242, "eps": 0.71, "epsdiluted": 0.69, "weightedAverageShsOut": 414584000, "weightedAverageShsOutDil": 424488000, "link": "https://www.sec.gov/Archives/edgar/data/723254/000072325422000002/0000723254-22-000002-index.htm", "finalLink": "https://www.sec.gov/Archives/edgar/data/723254/000072325422000002/ctas-20211130.htm"}, {"date": "2021-08-31", "symbol": "CTAS", "reportedCurrency": "USD", "cik": "0000723254", "fillingDate": "2021-10-07", "acceptedDate": "2021-10-07 14:04:05", "calendarYear": "2022", "period": "Q1", "revenue": 1896950000, "costOfRevenue": 994194000, "grossProfit": 902756000, "grossProfitRatio": 0.4758986795, "researchAndDevelopmentExpenses": 0, "generalAndAdministrativeExpenses": 0, "sellingAndMarketingExpenses": 0, "sellingGeneralAndAdministrativeExpenses": 508655000, "otherExpenses": 0, "operatingExpenses": 508655000, "costAndExpenses": 1502849000, "interestIncome": 56000, "interestExpense": 21854000, "depreciationAndAmortization": 97949000, "ebitda": 492713000, "ebitdaratio": 0.259739582, "operatingIncome": 394101000, "operatingIncomeRatio": 0.2077550805, "totalOtherIncomeExpensesNet": -21798000, "incomeBeforeTax": 372303000, "incomeBeforeTaxRatio": 0.1962640027, "incomeTaxExpense": 41124000, "netIncome": 331179000, "netIncomeRatio": 0.1745849917, "eps": 0.8, "epsdiluted": 0.78, "weightedAverageShsOut": 413180000, "weightedAverageShsOutDil": 423776000, "link": "https://www.sec.gov/Archives/edgar/data/723254/000072325421000032/0000723254-21-000032-index.htm", "finalLink": "https://www.sec.gov/Archives/edgar/data/723254/000072325421000032/ctas-20210831.htm"}, {"date": "2021-05-31", "symbol": "CTAS", "reportedCurrency": "USD", "cik": "0000723254", "fillingDate": "2021-07-28", "acceptedDate": "2021-07-28 13:24:07", "calendarYear": "2021", "period": "Q4", "revenue": 1835661000, "costOfRevenue": 976611000, "grossProfit": 859050000, "grossProfitRatio": 0.4679785647, "researchAndDevelopmentExpenses": 0, "generalAndAdministrativeExpenses": 0, "sellingAndMarketingExpenses": 0, "sellingGeneralAndAdministrativeExpenses": 502604000, "otherExpenses": 0, "operatingExpenses": 502604000, "costAndExpenses": 1479215000, "interestIncome": 98000, "interestExpense": 24551000, "depreciationAndAmortization": 98130000, "ebitda": 454674000, "ebitdaratio": 0.2476895244, "operatingIncome": 356446000, "operatingIncomeRatio": 0.1941785548, "totalOtherIncomeExpensesNet": -24453000, "incomeBeforeTax": 331993000, "incomeBeforeTaxRatio": 0.1808574677, "incomeTaxExpense": 64271000, "netIncome": 267722000, "netIncomeRatio": 0.1458450117, "eps": 0.63, "epsdiluted": 0.62, "weightedAverageShsOut": 420572000, "weightedAverageShsOutDil": 430904000, "link": "https://www.sec.gov/Archives/edgar/data/723254/000072325421000021/0000723254-21-000021-index.htm", "finalLink": "https://www.sec.gov/Archives/edgar/data/723254/000072325421000021/ctas-20210531.htm"}, {"date": "2021-02-28", "symbol": "CTAS", "reportedCurrency": "USD", "cik": "0000723254", "fillingDate": "2021-04-06", "acceptedDate": "2021-04-06 15:41:15", "calendarYear": "2021", "period": "Q3", "revenue": 1777056000, "costOfRevenue": 967540000, "grossProfit": 809516000, "grossProfitRatio": 0.4555376983, "researchAndDevelopmentExpenses": 0, "generalAndAdministrativeExpenses": 0, "sellingAndMarketingExpenses": 0, "sellingGeneralAndAdministrativeExpenses": 483048000, "otherExpenses": 0, "operatingExpenses": 483048000, "costAndExpenses": 1450588000, "interestIncome": 87000, "interestExpense": 24552000, "depreciationAndAmortization": 97167000, "ebitda": 423665000, "ebitdaratio": 0.2384083563, "operatingIncome": 326468000, "operatingIncomeRatio": 0.1837128374, "totalOtherIncomeExpensesNet": -24465000, "incomeBeforeTax": 302003000, "incomeBeforeTaxRatio": 0.1699456854, "incomeTaxExpense": 43619000, "netIncome": 258384000, "netIncomeRatio": 0.1454000324, "eps": 0.61, "epsdiluted": 0.59, "weightedAverageShsOut": 421056000, "weightedAverageShsOutDil": 431984000, "link": "https://www.sec.gov/Archives/edgar/data/723254/000072325421000009/0000723254-21-000009-index.htm", "finalLink": "https://www.sec.gov/Archives/edgar/data/723254/000072325421000009/ctas-20210228.htm"}, {"date": "2020-11-30", "symbol": "CTAS", "reportedCurrency": "USD", "cik": "0000723254", "fillingDate": "2021-01-08", "acceptedDate": "2021-01-08 13:10:39", "calendarYear": "2021", "period": "Q2", "revenue": 1757048000, "costOfRevenue": 937164000, "grossProfit": 819884000, "grossProfitRatio": 0.4666258406, "researchAndDevelopmentExpenses": 0, "generalAndAdministrativeExpenses": 0, "sellingAndMarketingExpenses": 0, "sellingGeneralAndAdministrativeExpenses": 467012000, "otherExpenses": 0, "operatingExpenses": 467012000, "costAndExpenses": 1404176000, "interestIncome": 218000, "interestExpense": 24557000, "depreciationAndAmortization": 96475000, "ebitda": 449486000, "ebitdaratio": 0.2558188507, "operatingIncome": 352872000, "operatingIncomeRatio": 0.2008323051, "totalOtherIncomeExpensesNet": -24339000, "incomeBeforeTax": 328533000, "incomeBeforeTaxRatio": 0.1869800939, "incomeTaxExpense": 43676000, "netIncome": 284857000, "netIncomeRatio": 0.1621224918, "eps": 0.67, "epsdiluted": 0.66, "weightedAverageShsOut": 419996000, "weightedAverageShsOutDil": 431924000, "link": "https://www.sec.gov/Archives/edgar/data/723254/000072325421000002/0000723254-21-000002-index.htm", "finalLink": "https://www.sec.gov/Archives/edgar/data/723254/000072325421000002/ctas-20201130.htm"}, {"date": "2020-08-31", "symbol": "CTAS", "reportedCurrency": "USD", "cik": "0000723254", "fillingDate": "2020-10-09", "acceptedDate": "2020-10-09 16:00:21", "calendarYear": "2021", "period": "Q1", "revenue": 1746575000, "costOfRevenue": 920374000, "grossProfit": 826201000, "grossProfitRatio": 0.4730406653, "researchAndDevelopmentExpenses": 0, "generalAndAdministrativeExpenses": 0, "sellingAndMarketingExpenses": 0, "sellingGeneralAndAdministrativeExpenses": 476495000, "otherExpenses": 0, "operatingExpenses": 476495000, "costAndExpenses": 1396869000, "interestIncome": 64000, "interestExpense": 24550000, "depreciationAndAmortization": 96179000, "ebitda": 445918000, "ebitdaratio": 0.2553099638, "operatingIncome": 349706000, "operatingIncomeRatio": 0.2002238667, "totalOtherIncomeExpensesNet": -24486000, "incomeBeforeTax": 325220000, "incomeBeforeTaxRatio": 0.1862044287, "incomeTaxExpense": 25215000, "netIncome": 300005000, "netIncomeRatio": 0.1717676023, "eps": 0.72, "epsdiluted": 0.7, "weightedAverageShsOut": 416440000, "weightedAverageShsOutDil": 428516000, "link": "https://www.sec.gov/Archives/edgar/data/723254/000072325420000041/0000723254-20-000041-index.htm", "finalLink": "https://www.sec.gov/Archives/edgar/data/723254/000072325420000041/ctas-20200831.htm"}, {"date": "2020-05-31", "symbol": "CTAS", "reportedCurrency": "USD", "cik": "0000723254", "fillingDate": "2020-07-29", "acceptedDate": "2020-07-29 14:20:47", "calendarYear": "2020", "period": "Q4", "revenue": 1619584000, "costOfRevenue": 911764000, "grossProfit": 707820000, "grossProfitRatio": 0.437038153, "researchAndDevelopmentExpenses": 0, "generalAndAdministrativeExpenses": 1570666000, "sellingAndMarketingExpenses": -1070280000, "sellingGeneralAndAdministrativeExpenses": 500386000, "otherExpenses": 0, "operatingExpenses": 500386000, "costAndExpenses": 1412150000, "interestIncome": 196000, "interestExpense": 25952000, "depreciationAndAmortization": 96560000, "ebitda": 304190000, "ebitdaratio": 0.1878198352, "operatingIncome": 207434000, "operatingIncomeRatio": 0.1280785683, "totalOtherIncomeExpensesNet": -25756000, "incomeBeforeTax": 181678000, "incomeBeforeTaxRatio": 0.1121757192, "incomeTaxExpense": 37093000, "netIncome": 144585000, "netIncomeRatio": 0.0892729244, "eps": 0.35, "epsdiluted": 0.34, "weightedAverageShsOut": 415032000, "weightedAverageShsOutDil": 424924000, "link": "https://www.sec.gov/Archives/edgar/data/723254/000072325420000025/0000723254-20-000025-index.htm", "finalLink": "https://www.sec.gov/Archives/edgar/data/723254/000072325420000025/ctas-20200531.htm"}, {"date": "2020-02-29", "symbol": "CTAS", "reportedCurrency": "USD", "cik": "0000723254", "fillingDate": "2020-03-31", "acceptedDate": "2020-03-31 14:35:07", "calendarYear": "2020", "period": "Q3", "revenue": 1810648000, "costOfRevenue": 986253000, "grossProfit": 824395000, "grossProfitRatio": 0.455303847, "researchAndDevelopmentExpenses": 0, "generalAndAdministrativeExpenses": 509743000, "sellingAndMarketingExpenses": 0, "sellingGeneralAndAdministrativeExpenses": 509743000, "otherExpenses": 0, "operatingExpenses": 509743000, "costAndExpenses": 1495996000, "interestIncome": 347000, "interestExpense": 25943000, "depreciationAndAmortization": 96163000, "ebitda": 410593000, "ebitdaratio": 0.2267657767, "operatingIncome": 314652000, "operatingIncomeRatio": 0.1737786693, "totalOtherIncomeExpensesNet": -25596000, "incomeBeforeTax": 289056000, "incomeBeforeTaxRatio": 0.1596422938, "incomeTaxExpense": 54536000, "netIncome": 234520000, "netIncomeRatio": 0.1295226902, "eps": 0.56, "epsdiluted": 0.54, "weightedAverageShsOut": 416980000, "weightedAverageShsOutDil": 430352000, "link": "https://www.sec.gov/Archives/edgar/data/723254/000072325420000014/0000723254-20-000014-index.htm", "finalLink": "https://www.sec.gov/Archives/edgar/data/723254/000072325420000014/ctas-20200229.htm"}, {"date": "2019-11-30", "symbol": "CTAS", "reportedCurrency": "USD", "cik": "0000723254", "fillingDate": "2020-01-09", "acceptedDate": "2020-01-09 14:55:16", "calendarYear": "2020", "period": "Q2", "revenue": 1843749000, "costOfRevenue": 991358000, "grossProfit": 852391000, "grossProfitRatio": 0.4623140135, "researchAndDevelopmentExpenses": 0, "generalAndAdministrativeExpenses": 517927000, "sellingAndMarketingExpenses": 0, "sellingGeneralAndAdministrativeExpenses": 517927000, "otherExpenses": 0, "operatingExpenses": 517927000, "costAndExpenses": 1509285000, "interestIncome": 283000, "interestExpense": 26177000, "depreciationAndAmortization": 94336000, "ebitda": 428688000, "ebitdaratio": 0.2325088719, "operatingIncome": 334464000, "operatingIncomeRatio": 0.1814043018, "totalOtherIncomeExpensesNet": -25894000, "incomeBeforeTax": 308570000, "incomeBeforeTaxRatio": 0.1673600908, "incomeTaxExpense": 62127000, "netIncome": 246120000, "netIncomeRatio": 0.133488886, "eps": 0.59, "epsdiluted": 0.57, "weightedAverageShsOut": 415836000, "weightedAverageShsOutDil": 429340000, "link": "https://www.sec.gov/Archives/edgar/data/723254/000072325420000003/0000723254-20-000003-index.htm", "finalLink": "https://www.sec.gov/Archives/edgar/data/723254/000072325420000003/ctas-2019x1130x10xq.htm"}, {"date": "2019-08-31", "symbol": "CTAS", "reportedCurrency": "USD", "cik": "0000723254", "fillingDate": "2019-10-08", "acceptedDate": "2019-10-08 14:32:19", "calendarYear": "2020", "period": "Q1", "revenue": 1811139000, "costOfRevenue": 961997000, "grossProfit": 849142000, "grossProfitRatio": 0.4688441914, "researchAndDevelopmentExpenses": 0, "generalAndAdministrativeExpenses": 542996000, "sellingAndMarketingExpenses": 0, "sellingGeneralAndAdministrativeExpenses": 542996000, "otherExpenses": 0, "operatingExpenses": 542996000, "costAndExpenses": 1504993000, "interestIncome": 162000, "interestExpense": 27321000, "depreciationAndAmortization": 91994000, "ebitda": 397634000, "ebitdaratio": 0.2195491346, "operatingIncome": 306146000, "operatingIncomeRatio": 0.1690350658, "totalOtherIncomeExpensesNet": -27159000, "incomeBeforeTax": 278987000, "incomeBeforeTaxRatio": 0.1540395298, "incomeTaxExpense": 28175000, "netIncome": 250812000, "netIncomeRatio": 0.1384830209, "eps": 0.6, "epsdiluted": 0.58, "weightedAverageShsOut": 414172000, "weightedAverageShsOutDil": 428332000, "link": "https://www.sec.gov/Archives/edgar/data/723254/000072325419000030/0000723254-19-000030-index.htm", "finalLink": "https://www.sec.gov/Archives/edgar/data/723254/000072325419000030/ctas-2019x831x10xq.htm"}, {"date": "2019-05-31", "symbol": "CTAS", "reportedCurrency": "USD", "cik": "0000723254", "fillingDate": "2019-07-26", "acceptedDate": "2019-07-26 12:05:44", "calendarYear": "2019", "period": "Q4", "revenue": 1793730000, "costOfRevenue": 970165000, "grossProfit": 823565000, "grossProfitRatio": 0.4591354329, "researchAndDevelopmentExpenses": 21600000, "generalAndAdministrativeExpenses": 508240000, "sellingAndMarketingExpenses": 0, "sellingGeneralAndAdministrativeExpenses": 508240000, "otherExpenses": 0, "operatingExpenses": 508240000, "costAndExpenses": 1478405000, "interestIncome": 271000, "interestExpense": 25782000, "depreciationAndAmortization": 93764000, "ebitda": 410495000, "ebitdaratio": 0.2288499384, "operatingIncome": 314411000, "operatingIncomeRatio": 0.1752833481, "totalOtherIncomeExpensesNet": -25511000, "incomeBeforeTax": 288900000, "incomeBeforeTaxRatio": 0.1610610293, "incomeTaxExpense": 62729000, "netIncome": 226119000, "netIncomeRatio": 0.1260607784, "eps": 0.53, "epsdiluted": 0.52, "weightedAverageShsOut": 420072000, "weightedAverageShsOutDil": 433356000, "link": "https://www.sec.gov/Archives/edgar/data/723254/000072325419000021/0000723254-19-000021-index.htm", "finalLink": "https://www.sec.gov/Archives/edgar/data/723254/000072325419000021/ctas531201910k.htm"}, {"date": "2019-02-28", "symbol": "CTAS", "reportedCurrency": "USD", "cik": "0000723254", "fillingDate": "2019-04-05", "acceptedDate": "2019-04-05 15:46:15", "calendarYear": "2019", "period": "Q3", "revenue": 1682330000, "costOfRevenue": 927177000, "grossProfit": 755153000, "grossProfitRatio": 0.4488732888, "researchAndDevelopmentExpenses": 0, "generalAndAdministrativeExpenses": 476099000, "sellingAndMarketingExpenses": 0, "sellingGeneralAndAdministrativeExpenses": 476099000, "otherExpenses": 0, "operatingExpenses": 476099000, "costAndExpenses": 1403276000, "interestIncome": 70000, "interestExpense": 26770000, "depreciationAndAmortization": 91658000, "ebitda": 369293000, "ebitdaratio": 0.2195128185, "operatingIncome": 278255000, "operatingIncomeRatio": 0.1653985841, "totalOtherIncomeExpensesNet": -26700000, "incomeBeforeTax": 251555000, "incomeBeforeTaxRatio": 0.1495277383, "incomeTaxExpense": 50632000, "netIncome": 203334000, "netIncomeRatio": 0.1208645153, "eps": 0.48, "epsdiluted": 0.46, "weightedAverageShsOut": 420320000, "weightedAverageShsOutDil": 432648000, "link": "https://www.sec.gov/Archives/edgar/data/723254/000072325419000008/0000723254-19-000008-index.htm", "finalLink": "https://www.sec.gov/Archives/edgar/data/723254/000072325419000008/ctas-2019x228x10xq.htm"}, {"date": "2018-11-30", "symbol": "CTAS", "reportedCurrency": "USD", "cik": "0000723254", "fillingDate": "2019-01-08", "acceptedDate": "2019-01-08 15:40:36", "calendarYear": "2019", "period": "Q2", "revenue": 1718268000, "costOfRevenue": 943110000, "grossProfit": 775158000, "grossProfitRatio": 0.4511275307, "researchAndDevelopmentExpenses": 0, "generalAndAdministrativeExpenses": 491671000, "sellingAndMarketingExpenses": 0, "sellingGeneralAndAdministrativeExpenses": 491671000, "otherExpenses": 0, "operatingExpenses": 491671000, "costAndExpenses": 1434781000, "interestIncome": 391000, "interestExpense": 24880000, "depreciationAndAmortization": 88376000, "ebitda": 433071000, "ebitdaratio": 0.2520392628, "operatingIncome": 275640000, "operatingIncomeRatio": 0.1604173505, "totalOtherIncomeExpensesNet": 44884000, "incomeBeforeTax": 320524000, "incomeBeforeTaxRatio": 0.1865390032, "incomeTaxExpense": 77530000, "netIncome": 243013000, "netIncomeRatio": 0.1414290437, "eps": 0.56, "epsdiluted": 0.55, "weightedAverageShsOut": 425900000, "weightedAverageShsOutDil": 439496000, "link": "https://www.sec.gov/Archives/edgar/data/723254/000072325419000002/0000723254-19-000002-index.htm", "finalLink": "https://www.sec.gov/Archives/edgar/data/723254/000072325419000002/ctas-2018x1130x10xq.htm"}, {"date": "2018-08-31", "symbol": "CTAS", "reportedCurrency": "USD", "cik": "0000723254", "fillingDate": "2018-10-05", "acceptedDate": "2018-10-05 17:11:33", "calendarYear": "2019", "period": "Q1", "revenue": 1697975000, "costOfRevenue": 923263000, "grossProfit": 774712000, "grossProfitRatio": 0.4562564231, "researchAndDevelopmentExpenses": 0, "generalAndAdministrativeExpenses": 504634000, "sellingAndMarketingExpenses": 0, "sellingGeneralAndAdministrativeExpenses": 504634000, "otherExpenses": 0, "operatingExpenses": 504634000, "costAndExpenses": 1427897000, "interestIncome": 496000, "interestExpense": 24304000, "depreciationAndAmortization": 86295000, "ebitda": 351469000, "ebitdaratio": 0.2069930358, "operatingIncome": 265228000, "operatingIncomeRatio": 0.1562025354, "totalOtherIncomeExpensesNet": -23808000, "incomeBeforeTax": 241420000, "incomeBeforeTaxRatio": 0.1421811275, "incomeTaxExpense": 28873000, "netIncome": 212515000, "netIncomeRatio": 0.1251579087, "eps": 0.49, "epsdiluted": 0.47, "weightedAverageShsOut": 427340000, "weightedAverageShsOutDil": 442592000, "link": "https://www.sec.gov/Archives/edgar/data/723254/000072325418000030/0000723254-18-000030-index.htm", "finalLink": "https://www.sec.gov/Archives/edgar/data/723254/000072325418000030/ctas-2018x831x10xq.htm"}, {"date": "2018-05-31", "symbol": "CTAS", "reportedCurrency": "USD", "cik": "0000723254", "fillingDate": "2018-07-27", "acceptedDate": "2018-07-27 12:27:03", "calendarYear": "2018", "period": "Q4", "revenue": 1669550000, "costOfRevenue": 917212000, "grossProfit": 752338000, "grossProfitRatio": 0.4506232218, "researchAndDevelopmentExpenses": 0, "generalAndAdministrativeExpenses": 471807000, "sellingAndMarketingExpenses": 0, "sellingGeneralAndAdministrativeExpenses": 471807000, "otherExpenses": 0, "operatingExpenses": 471807000, "costAndExpenses": 1389019000, "interestIncome": 370000, "interestExpense": 24828000, "depreciationAndAmortization": 74514000, "ebitda": 340384000, "ebitdaratio": 0.2038776916, "operatingIncome": 265500000, "operatingIncomeRatio": 0.1590248869, "totalOtherIncomeExpensesNet": -24458000, "incomeBeforeTax": 241042000, "incomeBeforeTaxRatio": 0.1443754305, "incomeTaxExpense": 51744000, "netIncome": 186171000, "netIncomeRatio": 0.1115096882, "eps": 0.43, "epsdiluted": 0.42, "weightedAverageShsOut": 427516000, "weightedAverageShsOutDil": 442296000, "link": "https://www.sec.gov/Archives/edgar/data/723254/000072325418000015/0000723254-18-000015-index.htm", "finalLink": "https://www.sec.gov/Archives/edgar/data/723254/000072325418000015/ctas531201810k.htm"}, {"date": "2018-02-28", "symbol": "CTAS", "reportedCurrency": "USD", "cik": "0000723254", "fillingDate": "2018-04-06", "acceptedDate": "2018-04-06 15:10:15", "calendarYear": "2018", "period": "Q3", "revenue": 1589138000, "costOfRevenue": 888675000, "grossProfit": 700463000, "grossProfitRatio": 0.440781732, "researchAndDevelopmentExpenses": 0, "generalAndAdministrativeExpenses": 490618000, "sellingAndMarketingExpenses": 0, "sellingGeneralAndAdministrativeExpenses": 490618000, "otherExpenses": 0, "operatingExpenses": 490618000, "costAndExpenses": 1379293000, "interestIncome": 384000, "interestExpense": 25901000, "depreciationAndAmortization": 66063000, "ebitda": 266471000, "ebitdaratio": 0.1676827311, "operatingIncome": 200024000, "operatingIncomeRatio": 0.1258694965, "totalOtherIncomeExpensesNet": -25517000, "incomeBeforeTax": 174507000, "incomeBeforeTaxRatio": 0.1098123637, "incomeTaxExpense": -121282000, "netIncome": 302095000, "netIncomeRatio": 0.1900999158, "eps": 0.7, "epsdiluted": 0.68, "weightedAverageShsOut": 426232000, "weightedAverageShsOutDil": 440700000, "link": "https://www.sec.gov/Archives/edgar/data/723254/000072325418000006/0000723254-18-000006-index.htm", "finalLink": "https://www.sec.gov/Archives/edgar/data/723254/000072325418000006/ctas-2018x228x10xq.htm"}, {"date": "2017-11-30", "symbol": "CTAS", "reportedCurrency": "USD", "cik": "0000723254", "fillingDate": "2018-01-05", "acceptedDate": "2018-01-05 17:10:25", "calendarYear": "2018", "period": "Q2", "revenue": 1606441000, "costOfRevenue": 890072000, "grossProfit": 716369000, "grossProfitRatio": 0.4459354561, "researchAndDevelopmentExpenses": 0, "generalAndAdministrativeExpenses": 468084000, "sellingAndMarketingExpenses": 0, "sellingGeneralAndAdministrativeExpenses": 468084000, "otherExpenses": 0, "operatingExpenses": 468084000, "costAndExpenses": 1358156000, "interestIncome": 291000, "interestExpense": 29129000, "depreciationAndAmortization": 70330000, "ebitda": 305832000, "ebitdaratio": 0.1903786071, "operatingIncome": 235211000, "operatingIncomeRatio": 0.1464174532, "totalOtherIncomeExpensesNet": -28838000, "incomeBeforeTax": 206373000, "incomeBeforeTaxRatio": 0.1284659692, "incomeTaxExpense": 68636000, "netIncome": 137109000, "netIncomeRatio": 0.0853495398, "eps": 0.32, "epsdiluted": 0.31, "weightedAverageShsOut": 425360000, "weightedAverageShsOutDil": 439272000, "link": "https://www.sec.gov/Archives/edgar/data/723254/000072325418000002/0000723254-18-000002-index.htm", "finalLink": "https://www.sec.gov/Archives/edgar/data/723254/000072325418000002/ctas-2017x1130x10xq.htm"}, {"date": "2017-08-31", "symbol": "CTAS", "reportedCurrency": "USD", "cik": "0000723254", "fillingDate": "2017-10-06", "acceptedDate": "2017-10-06 16:05:51", "calendarYear": "2018", "period": "Q1", "revenue": 1611503000, "costOfRevenue": 872150000, "grossProfit": 739353000, "grossProfitRatio": 0.4587971602, "researchAndDevelopmentExpenses": 0, "generalAndAdministrativeExpenses": 486283000, "sellingAndMarketingExpenses": 0, "sellingGeneralAndAdministrativeExpenses": 486283000, "otherExpenses": 0, "operatingExpenses": 486283000, "costAndExpenses": 1358433000, "interestIncome": 297000, "interestExpense": 30317000, "depreciationAndAmortization": 68509000, "ebitda": 317905000, "ebitdaratio": 0.19727236, "operatingIncome": 249099000, "operatingIncomeRatio": 0.1545755732, "totalOtherIncomeExpensesNet": -30020000, "incomeBeforeTax": 219079000, "incomeBeforeTaxRatio": 0.135947001, "incomeTaxExpense": 57971000, "netIncome": 217211000, "netIncomeRatio": 0.1347878347, "eps": 0.51, "epsdiluted": 0.49, "weightedAverageShsOut": 422960000, "weightedAverageShsOutDil": 434148000, "link": "https://www.sec.gov/Archives/edgar/data/723254/000072325417000030/0000723254-17-000030-index.htm", "finalLink": "https://www.sec.gov/Archives/edgar/data/723254/000072325417000030/ctas-2017x831x10xq.htm"}, {"date": "2017-05-31", "symbol": "CTAS", "reportedCurrency": "USD", "cik": "0000723254", "fillingDate": "2017-07-31", "acceptedDate": "2017-07-31 16:54:23", "calendarYear": "2017", "period": "Q4", "revenue": 1530287000, "costOfRevenue": 851561000, "grossProfit": 678726000, "grossProfitRatio": 0.4435285669, "researchAndDevelopmentExpenses": 0, "generalAndAdministrativeExpenses": 425747000, "sellingAndMarketingExpenses": 11925000, "sellingGeneralAndAdministrativeExpenses": 437672000, "otherExpenses": 0, "operatingExpenses": 437672000, "costAndExpenses": 1289233000, "interestIncome": 130000, "interestExpense": 45389000, "depreciationAndAmortization": 64881000, "ebitda": 306065000, "ebitdaratio": 0.2000049664, "operatingIncome": 177308000, "operatingIncomeRatio": 0.1158658474, "totalOtherIncomeExpensesNet": -37128000, "incomeBeforeTax": 132049000, "incomeBeforeTaxRatio": 0.0862903495, "incomeTaxExpense": 49875000, "netIncome": 84237000, "netIncomeRatio": 0.055046537, "eps": 0.2, "epsdiluted": 0.19, "weightedAverageShsOut": 421300000, "weightedAverageShsOutDil": 436092000, "link": "https://www.sec.gov/Archives/edgar/data/723254/000072325417000020/0000723254-17-000020-index.htm", "finalLink": "https://www.sec.gov/Archives/edgar/data/723254/000072325417000020/ctas531201710k.htm"}, {"date": "2017-02-28", "symbol": "CTAS", "reportedCurrency": "USD", "cik": "0000723254", "fillingDate": "2017-04-07", "acceptedDate": "2017-04-07 12:25:26", "calendarYear": "2017", "period": "Q3", "revenue": 1281135000, "costOfRevenue": 714711000, "grossProfit": 566424000, "grossProfitRatio": 0.442126708, "researchAndDevelopmentExpenses": 0, "generalAndAdministrativeExpenses": 362385000, "sellingAndMarketingExpenses": 0, "sellingGeneralAndAdministrativeExpenses": 362385000, "otherExpenses": 0, "operatingExpenses": 362385000, "costAndExpenses": 1077096000, "interestIncome": 11000, "interestExpense": 13696000, "depreciationAndAmortization": 44664000, "ebitda": 248714000, "ebitdaratio": 0.1941356688, "operatingIncome": 194695000, "operatingIncomeRatio": 0.1519707135, "totalOtherIncomeExpensesNet": -13685000, "incomeBeforeTax": 181010000, "incomeBeforeTaxRatio": 0.1412887791, "incomeTaxExpense": 62363000, "netIncome": 118005000, "netIncomeRatio": 0.0921097308, "eps": 0.28, "epsdiluted": 0.27, "weightedAverageShsOut": 420372000, "weightedAverageShsOutDil": 431568000, "link": "https://www.sec.gov/Archives/edgar/data/723254/000072325417000014/0000723254-17-000014-index.htm", "finalLink": "https://www.sec.gov/Archives/edgar/data/723254/000072325417000014/ctas-2017x228x10xq.htm"}, {"date": "2016-11-30", "symbol": "CTAS", "reportedCurrency": "USD", "cik": "0000723254", "fillingDate": "2017-01-06", "acceptedDate": "2017-01-06 16:48:53", "calendarYear": "2017", "period": "Q2", "revenue": 1296923000, "costOfRevenue": 725496000, "grossProfit": 571427000, "grossProfitRatio": 0.4406021021, "researchAndDevelopmentExpenses": 0, "generalAndAdministrativeExpenses": 365222000, "sellingAndMarketingExpenses": 0, "sellingGeneralAndAdministrativeExpenses": 365222000, "otherExpenses": 0, "operatingExpenses": 365222000, "costAndExpenses": 1090718000, "interestIncome": 31000, "interestExpense": 13267000, "depreciationAndAmortization": 43882000, "ebitda": 244369000, "ebitdaratio": 0.1884221345, "operatingIncome": 202858000, "operatingIncomeRatio": 0.1564148373, "totalOtherIncomeExpensesNet": -10834000, "incomeBeforeTax": 189622000, "incomeBeforeTaxRatio": 0.1462091427, "incomeTaxExpense": 66168000, "netIncome": 140377000, "netIncomeRatio": 0.1082384999, "eps": 0.33, "epsdiluted": 0.32, "weightedAverageShsOut": 419828000, "weightedAverageShsOutDil": 430588000, "link": "https://www.sec.gov/Archives/edgar/data/723254/000072325417000002/0000723254-17-000002-index.htm", "finalLink": "https://www.sec.gov/Archives/edgar/data/723254/000072325417000002/ctas-2016x1130x10xq.htm"}, {"date": "2016-08-31", "symbol": "CTAS", "reportedCurrency": "USD", "cik": "0000723254", "fillingDate": "2016-10-11", "acceptedDate": "2016-10-11 11:27:02", "calendarYear": "2017", "period": "Q1", "revenue": 1294130000, "costOfRevenue": 710356000, "grossProfit": 583774000, "grossProfitRatio": 0.451093785, "researchAndDevelopmentExpenses": 0, "generalAndAdministrativeExpenses": 374026000, "sellingAndMarketingExpenses": 0, "sellingGeneralAndAdministrativeExpenses": 374026000, "otherExpenses": 0, "operatingExpenses": 374026000, "costAndExpenses": 1084382000, "interestIncome": 65000, "interestExpense": 14172000, "depreciationAndAmortization": 43168000, "ebitda": 247170000, "ebitdaratio": 0.1909931769, "operatingIncome": 206961000, "operatingIncomeRatio": 0.1599228826, "totalOtherIncomeExpensesNet": -11083000, "incomeBeforeTax": 192854000, "incomeBeforeTaxRatio": 0.149022123, "incomeTaxExpense": 54763000, "netIncome": 138091000, "netIncomeRatio": 0.1067056633, "eps": 0.32, "epsdiluted": 0.32, "weightedAverageShsOut": 417932000, "weightedAverageShsOutDil": 428456000, "link": "https://www.sec.gov/Archives/edgar/data/723254/000072325416000065/0000723254-16-000065-index.htm", "finalLink": "https://www.sec.gov/Archives/edgar/data/723254/000072325416000065/ctas-2016x831x10xq.htm"}, {"date": "2016-05-31", "symbol": "CTAS", "reportedCurrency": "USD", "cik": "0000723254", "fillingDate": "2016-07-29", "acceptedDate": "2016-07-29 13:32:52", "calendarYear": "2016", "period": "Q4", "revenue": 1271405000, "costOfRevenue": 717687000, "grossProfit": 553718000, "grossProfitRatio": 0.4355166135, "researchAndDevelopmentExpenses": 0, "generalAndAdministrativeExpenses": 350778000, "sellingAndMarketingExpenses": 0, "sellingGeneralAndAdministrativeExpenses": 350778000, "otherExpenses": 0, "operatingExpenses": 350778000, "costAndExpenses": 1068465000, "interestIncome": 331000, "interestExpense": 15776000, "depreciationAndAmortization": 42608000, "ebitda": 245879000, "ebitdaratio": 0.1933915629, "operatingIncome": 202940000, "operatingIncomeRatio": 0.1596186896, "totalOtherIncomeExpensesNet": -15445000, "incomeBeforeTax": 187495000, "incomeBeforeTaxRatio": 0.1474707115, "incomeTaxExpense": 69484000, "netIncome": 130898000, "netIncomeRatio": 0.1029553919, "eps": 0.3, "epsdiluted": 0.3, "weightedAverageShsOut": 424544000, "weightedAverageShsOutDil": 431188000, "link": "https://www.sec.gov/Archives/edgar/data/723254/000072325416000050/0000723254-16-000050-index.htm", "finalLink": "https://www.sec.gov/Archives/edgar/data/723254/000072325416000050/ctas531201610k.htm"}, {"date": "2016-02-29", "symbol": "CTAS", "reportedCurrency": "USD", "cik": "0000723254", "fillingDate": "2016-04-08", "acceptedDate": "2016-04-08 16:35:06", "calendarYear": "2016", "period": "Q3", "revenue": 1216083000, "costOfRevenue": 691475000, "grossProfit": 524608000, "grossProfitRatio": 0.4313916073, "researchAndDevelopmentExpenses": 0, "generalAndAdministrativeExpenses": 331656000, "sellingAndMarketingExpenses": 0, "sellingGeneralAndAdministrativeExpenses": 331656000, "otherExpenses": 0, "operatingExpenses": 331656000, "costAndExpenses": 1023131000, "interestIncome": 335000, "interestExpense": 16163000, "depreciationAndAmortization": 41777000, "ebitda": 235064000, "ebitdaratio": 0.1932960168, "operatingIncome": 192952000, "operatingIncomeRatio": 0.1586668015, "totalOtherIncomeExpensesNet": -15828000, "incomeBeforeTax": 177124000, "incomeBeforeTaxRatio": 0.1456512426, "incomeTaxExpense": 59845000, "netIncome": 117341000, "netIncomeRatio": 0.0964909468, "eps": 0.27, "epsdiluted": 0.26, "weightedAverageShsOut": 431372000, "weightedAverageShsOutDil": 437852000, "link": "https://www.sec.gov/Archives/edgar/data/723254/000072325416000041/0000723254-16-000041-index.htm", "finalLink": "https://www.sec.gov/Archives/edgar/data/723254/000072325416000041/ctas-2016x229x10xq.htm"}, {"date": "2015-11-30", "symbol": "CTAS", "reportedCurrency": "USD", "cik": "0000723254", "fillingDate": "2016-01-08", "acceptedDate": "2016-01-08 16:37:38", "calendarYear": "2016", "period": "Q2", "revenue": 1219080000, "costOfRevenue": 691680000, "grossProfit": 527400000, "grossProfitRatio": 0.432621321, "researchAndDevelopmentExpenses": 0, "generalAndAdministrativeExpenses": 327051000, "sellingAndMarketingExpenses": 0, "sellingGeneralAndAdministrativeExpenses": 327051000, "otherExpenses": 0, "operatingExpenses": 327051000, "costAndExpenses": 1018731000, "interestIncome": 111000, "interestExpense": 16171000, "depreciationAndAmortization": 41126000, "ebitda": 241586000, "ebitdaratio": 0.1981707517, "operatingIncome": 200349000, "operatingIncomeRatio": 0.1643444237, "totalOtherIncomeExpensesNet": -16060000, "incomeBeforeTax": 184289000, "incomeBeforeTaxRatio": 0.1511705548, "incomeTaxExpense": 68836000, "netIncome": 345100000, "netIncomeRatio": 0.2830823244, "eps": 0.78, "epsdiluted": 0.77, "weightedAverageShsOut": 433204000, "weightedAverageShsOutDil": 440452000, "link": "https://www.sec.gov/Archives/edgar/data/723254/000072325416000037/0000723254-16-000037-index.htm", "finalLink": "https://www.sec.gov/Archives/edgar/data/723254/000072325416000037/ctas-2015x1130x10xq.htm"}, {"date": "2015-08-31", "symbol": "CTAS", "reportedCurrency": "USD", "cik": "0000723254", "fillingDate": "2015-10-09", "acceptedDate": "2015-10-09 12:18:28", "calendarYear": "2016", "period": "Q1", "revenue": 1198890000, "costOfRevenue": 674746000, "grossProfit": 524144000, "grossProfitRatio": 0.4371910684, "researchAndDevelopmentExpenses": 0, "generalAndAdministrativeExpenses": 338637000, "sellingAndMarketingExpenses": 0, "sellingGeneralAndAdministrativeExpenses": 338637000, "otherExpenses": 0, "operatingExpenses": 338637000, "costAndExpenses": 1013383000, "interestIncome": 119000, "interestExpense": 16412000, "depreciationAndAmortization": 39768000, "ebitda": 225394000, "ebitdaratio": 0.1880022354, "operatingIncome": 185507000, "operatingIncomeRatio": 0.154732294, "totalOtherIncomeExpensesNet": -16293000, "incomeBeforeTax": 169214000, "incomeBeforeTaxRatio": 0.1411422232, "incomeTaxExpense": 63016000, "netIncome": 100181000, "netIncomeRatio": 0.083561461, "eps": 0.22, "epsdiluted": 0.22, "weightedAverageShsOut": 442388000, "weightedAverageShsOutDil": 448916000, "link": "https://www.sec.gov/Archives/edgar/data/723254/000072325415000031/0000723254-15-000031-index.htm", "finalLink": "https://www.sec.gov/Archives/edgar/data/723254/000072325415000031/ctas-2015x831x10xq.htm"}, {"date": "2015-05-31", "symbol": "CTAS", "reportedCurrency": "USD", "cik": "0000723254", "fillingDate": "2015-07-30", "acceptedDate": "2015-07-30 16:42:08", "calendarYear": "2015", "period": "Q4", "revenue": 1142583000, "costOfRevenue": 655923000, "grossProfit": 486660000, "grossProfitRatio": 0.4259296699, "researchAndDevelopmentExpenses": 0, "generalAndAdministrativeExpenses": 308941000, "sellingAndMarketingExpenses": 0, "sellingGeneralAndAdministrativeExpenses": 308941000, "otherExpenses": 0, "operatingExpenses": 308941000, "costAndExpenses": 964864000, "interestIncome": 171000, "interestExpense": 16395000, "depreciationAndAmortization": 39042000, "ebitda": 216932000, "ebitdaratio": 0.1898610429, "operatingIncome": 177719000, "operatingIncomeRatio": 0.1555414355, "totalOtherIncomeExpensesNet": -16224000, "incomeBeforeTax": 159828000, "incomeBeforeTaxRatio": 0.1398830544, "incomeTaxExpense": 60112000, "netIncome": 105215000, "netIncomeRatio": 0.0920852139, "eps": 0.23, "epsdiluted": 0.23, "weightedAverageShsOut": 454664000, "weightedAverageShsOutDil": 461532000, "link": "https://www.sec.gov/Archives/edgar/data/723254/000072325415000017/0000723254-15-000017-index.htm", "finalLink": "https://www.sec.gov/Archives/edgar/data/723254/000072325415000017/ctas531201510k.htm"}, {"date": "2015-02-28", "symbol": "CTAS", "reportedCurrency": "USD", "cik": "0000723254", "fillingDate": "2015-04-02", "acceptedDate": "2015-04-02 16:28:01", "calendarYear": "2015", "period": "Q3", "revenue": 1108847000, "costOfRevenue": 633540000, "grossProfit": 475307000, "grossProfitRatio": 0.4286497596, "researchAndDevelopmentExpenses": 0, "generalAndAdministrativeExpenses": 301690000, "sellingAndMarketingExpenses": 0, "sellingGeneralAndAdministrativeExpenses": 301690000, "otherExpenses": 0, "operatingExpenses": 301690000, "costAndExpenses": 935230000, "interestIncome": 96000, "interestExpense": 16254000, "depreciationAndAmortization": 37887000, "ebitda": 211600000, "ebitdaratio": 0.190828852, "operatingIncome": 173617000, "operatingIncomeRatio": 0.1565743516, "totalOtherIncomeExpensesNet": -16158000, "incomeBeforeTax": 157459000, "incomeBeforeTaxRatio": 0.1420024584, "incomeTaxExpense": 57052000, "netIncome": 94883000, "netIncomeRatio": 0.0855690641, "eps": 0.2, "epsdiluted": 0.2, "weightedAverageShsOut": 464712000, "weightedAverageShsOutDil": 471468000, "link": "https://www.sec.gov/Archives/edgar/data/723254/000072325415000006/0000723254-15-000006-index.htm", "finalLink": "https://www.sec.gov/Archives/edgar/data/723254/000072325415000006/ctas-2015x228x10xq.htm"}, {"date": "2014-11-30", "symbol": "CTAS", "reportedCurrency": "USD", "cik": "0000723254", "fillingDate": "2015-01-09", "acceptedDate": "2015-01-09 17:09:03", "calendarYear": "2015", "period": "Q2", "revenue": 1123379000, "costOfRevenue": 641955000, "grossProfit": 481424000, "grossProfitRatio": 0.4285499373, "researchAndDevelopmentExpenses": 0, "generalAndAdministrativeExpenses": 300249000, "sellingAndMarketingExpenses": 0, "sellingGeneralAndAdministrativeExpenses": 300249000, "otherExpenses": 0, "operatingExpenses": 300249000, "costAndExpenses": 942204000, "interestIncome": 19000, "interestExpense": 15929000, "depreciationAndAmortization": 38499000, "ebitda": 220101000, "ebitdaratio": 0.1959276433, "operatingIncome": 181175000, "operatingIncomeRatio": 0.1612768264, "totalOtherIncomeExpensesNet": -15910000, "incomeBeforeTax": 165265000, "incomeBeforeTaxRatio": 0.1471141974, "incomeTaxExpense": 61819000, "netIncome": 120412000, "netIncomeRatio": 0.1071873339, "eps": 0.26, "epsdiluted": 0.25, "weightedAverageShsOut": 468460000, "weightedAverageShsOutDil": 474620000, "link": "https://www.sec.gov/Archives/edgar/data/723254/000072325415000002/0000723254-15-000002-index.htm", "finalLink": "https://www.sec.gov/Archives/edgar/data/723254/000072325415000002/ctas-2014x1130x10xq.htm"}, {"date": "2014-08-31", "symbol": "CTAS", "reportedCurrency": "USD", "cik": "0000723254", "fillingDate": "2014-10-10", "acceptedDate": "2014-10-10 12:26:51", "calendarYear": "2015", "period": "Q1", "revenue": 1102077000, "costOfRevenue": 624131000, "grossProfit": 477946000, "grossProfitRatio": 0.4336775017, "researchAndDevelopmentExpenses": 0, "generalAndAdministrativeExpenses": 314458000, "sellingAndMarketingExpenses": 0, "sellingGeneralAndAdministrativeExpenses": 314458000, "otherExpenses": 0, "operatingExpenses": 314458000, "costAndExpenses": 938589000, "interestIncome": 53000, "interestExpense": 16583000, "depreciationAndAmortization": 39654000, "ebitda": 224934000, "ebitdaratio": 0.2041000765, "operatingIncome": 163488000, "operatingIncomeRatio": 0.1483453515, "totalOtherIncomeExpensesNet": 11828000, "incomeBeforeTax": 175316000, "incomeBeforeTaxRatio": 0.159077814, "incomeTaxExpense": 65525000, "netIncome": 110108000, "netIncomeRatio": 0.0999095345, "eps": 0.24, "epsdiluted": 0.23, "weightedAverageShsOut": 466636000, "weightedAverageShsOutDil": 472120000, "link": "https://www.sec.gov/Archives/edgar/data/723254/000072325414000033/0000723254-14-000033-index.htm", "finalLink": "https://www.sec.gov/Archives/edgar/data/723254/000072325414000033/ctas-2014x831x10xq.htm"}, {"date": "2014-05-31", "symbol": "CTAS", "reportedCurrency": "USD", "cik": "0000723254", "fillingDate": "2014-07-30", "acceptedDate": "2014-07-30 14:07:22", "calendarYear": "2014", "period": "Q4", "revenue": 1157479000, "costOfRevenue": 665117000, "grossProfit": 492362000, "grossProfitRatio": 0.425374456, "researchAndDevelopmentExpenses": 0, "generalAndAdministrativeExpenses": 323932000, "sellingAndMarketingExpenses": 2158000, "sellingGeneralAndAdministrativeExpenses": 326090000, "otherExpenses": 0, "operatingExpenses": 326090000, "costAndExpenses": 991207000, "interestIncome": 33000, "interestExpense": 16396000, "depreciationAndAmortization": 45577000, "ebitda": 275857000, "ebitdaratio": 0.2383257061, "operatingIncome": 123806000, "operatingIncomeRatio": 0.1069617678, "totalOtherIncomeExpensesNet": 90078000, "incomeBeforeTax": 213884000, "incomeBeforeTaxRatio": 0.184784346, "incomeTaxExpense": 86660000, "netIncome": 127224000, "netIncomeRatio": 0.1099147371, "eps": 0.26, "epsdiluted": 0.26, "weightedAverageShsOut": 478164000, "weightedAverageShsOutDil": 483544000, "link": "https://www.sec.gov/Archives/edgar/data/723254/000072325414000020/0000723254-14-000020-index.htm", "finalLink": "https://www.sec.gov/Archives/edgar/data/723254/000072325414000020/ctas531201410k.htm"}, {"date": "2014-02-28", "symbol": "CTAS", "reportedCurrency": "USD", "cik": "0000723254", "fillingDate": "2014-04-09", "acceptedDate": "2014-04-09 16:33:37", "calendarYear": "2014", "period": "Q3", "revenue": 1130237000, "costOfRevenue": 651112000, "grossProfit": 479125000, "grossProfitRatio": 0.4239155151, "researchAndDevelopmentExpenses": 0, "generalAndAdministrativeExpenses": 328963000, "sellingAndMarketingExpenses": 0, "sellingGeneralAndAdministrativeExpenses": 328963000, "otherExpenses": 0, "operatingExpenses": 328963000, "costAndExpenses": 980075000, "interestIncome": 44000, "interestExpense": 16418000, "depreciationAndAmortization": 48364000, "ebitda": 198570000, "ebitdaratio": 0.1756888157, "operatingIncome": 150162000, "operatingIncomeRatio": 0.1328588606, "totalOtherIncomeExpensesNet": -15815000, "incomeBeforeTax": 133788000, "incomeBeforeTaxRatio": 0.1183716336, "incomeTaxExpense": 49186000, "netIncome": 84602000, "netIncomeRatio": 0.0748533272, "eps": 0.18, "epsdiluted": 0.17, "weightedAverageShsOut": 479652000, "weightedAverageShsOutDil": 485120000, "link": "https://www.sec.gov/Archives/edgar/data/723254/000072325414000006/0000723254-14-000006-index.htm", "finalLink": "https://www.sec.gov/Archives/edgar/data/723254/000072325414000006/ctas-2014x228x10xq.htm"}, {"date": "2013-11-30", "symbol": "CTAS", "reportedCurrency": "USD", "cik": "0000723254", "fillingDate": "2014-01-09", "acceptedDate": "2014-01-09 16:01:02", "calendarYear": "2014", "period": "Q2", "revenue": 1143753000, "costOfRevenue": 666834000, "grossProfit": 476919000, "grossProfitRatio": 0.4169772669, "researchAndDevelopmentExpenses": 0, "generalAndAdministrativeExpenses": 323947000, "sellingAndMarketingExpenses": 0, "sellingGeneralAndAdministrativeExpenses": 323947000, "otherExpenses": 0, "operatingExpenses": 323947000, "costAndExpenses": 990781000, "interestIncome": 84000, "interestExpense": 16485000, "depreciationAndAmortization": 48527000, "ebitda": 200822000, "ebitdaratio": 0.175581616, "operatingIncome": 152972000, "operatingIncomeRatio": 0.1337456601, "totalOtherIncomeExpensesNet": -16401000, "incomeBeforeTax": 136571000, "incomeBeforeTaxRatio": 0.1194060256, "incomeTaxExpense": 51709000, "netIncome": 84862000, "netIncomeRatio": 0.0741960895, "eps": 0.18, "epsdiluted": 0.18, "weightedAverageShsOut": 479628000, "weightedAverageShsOutDil": 484200000, "link": "https://www.sec.gov/Archives/edgar/data/723254/000072325414000002/0000723254-14-000002-index.htm", "finalLink": "https://www.sec.gov/Archives/edgar/data/723254/000072325414000002/ctas-2013x1130x10xq.htm"}, {"date": "2013-08-31", "symbol": "CTAS", "reportedCurrency": "USD", "cik": "0000723254", "fillingDate": "2013-10-10", "acceptedDate": "2013-10-10 14:47:34", "calendarYear": "2014", "period": "Q1", "revenue": 1120343000, "costOfRevenue": 654363000, "grossProfit": 465980000, "grossProfitRatio": 0.415926194, "researchAndDevelopmentExpenses": 0, "generalAndAdministrativeExpenses": 325910000, "sellingAndMarketingExpenses": 0, "sellingGeneralAndAdministrativeExpenses": 325910000, "otherExpenses": 0, "operatingExpenses": 325910000, "costAndExpenses": 980273000, "interestIncome": 68000, "interestExpense": 16523000, "depreciationAndAmortization": 48394000, "ebitda": 188074000, "ebitdaratio": 0.1678718035, "operatingIncome": 140070000, "operatingIncomeRatio": 0.1250242113, "totalOtherIncomeExpensesNet": -16455000, "incomeBeforeTax": 123615000, "incomeBeforeTaxRatio": 0.1103367451, "incomeTaxExpense": 45861000, "netIncome": 77754000, "netIncomeRatio": 0.0694019599, "eps": 0.16, "epsdiluted": 0.16, "weightedAverageShsOut": 488520000, "weightedAverageShsOutDil": 491568000, "link": "https://www.sec.gov/Archives/edgar/data/723254/000072325413000019/0000723254-13-000019-index.htm", "finalLink": "https://www.sec.gov/Archives/edgar/data/723254/000072325413000019/ctas-2013x831x10xq.htm"}, {"date": "2013-05-31", "symbol": "CTAS", "reportedCurrency": "USD", "cik": "0000723254", "fillingDate": "2013-07-30", "acceptedDate": "2013-07-30 16:00:17", "calendarYear": "2013", "period": "Q4", "revenue": 1129086000, "costOfRevenue": 661871000, "grossProfit": 467215000, "grossProfitRatio": 0.4137993032, "researchAndDevelopmentExpenses": 0, "generalAndAdministrativeExpenses": 313344000, "sellingAndMarketingExpenses": 0, "sellingGeneralAndAdministrativeExpenses": 313344000, "otherExpenses": 0, "operatingExpenses": 313344000, "costAndExpenses": 975215000, "interestIncome": 51000, "interestExpense": 16518000, "depreciationAndAmortization": 66135000, "ebitda": 30680000, "ebitdaratio": 0.0271724209, "operatingIncome": 153871000, "operatingIncomeRatio": 0.136279256, "totalOtherIncomeExpensesNet": -16467000, "incomeBeforeTax": 137404000, "incomeBeforeTaxRatio": 0.121694893, "incomeTaxExpense": 51427000, "netIncome": 85977000, "netIncomeRatio": 0.0761474325, "eps": 0.17, "epsdiluted": 0.17, "weightedAverageShsOut": 489568000, "weightedAverageShsOutDil": 492412000, "link": "https://www.sec.gov/Archives/edgar/data/723254/000072325413000011/0000723254-13-000011-index.htm", "finalLink": "https://www.sec.gov/Archives/edgar/data/723254/000072325413000011/ctas531201310k.htm"}, {"date": "2013-02-28", "symbol": "CTAS", "reportedCurrency": "USD", "cik": "0000723254", "fillingDate": "2013-04-09", "acceptedDate": "2013-04-09 16:33:03", "calendarYear": "2013", "period": "Q3", "revenue": 1075674000, "costOfRevenue": 633733000, "grossProfit": 441941000, "grossProfitRatio": 0.4108503134, "researchAndDevelopmentExpenses": 0, "generalAndAdministrativeExpenses": 308918000, "sellingAndMarketingExpenses": 0, "sellingGeneralAndAdministrativeExpenses": 308918000, "otherExpenses": 0, "operatingExpenses": 308918000, "costAndExpenses": 942651000, "interestIncome": 132000, "interestExpense": 16302000, "depreciationAndAmortization": 41921000, "ebitda": 175076000, "ebitdaratio": 0.162759349, "operatingIncome": 133023000, "operatingIncomeRatio": 0.1236647906, "totalOtherIncomeExpensesNet": -16170000, "incomeBeforeTax": 116853000, "incomeBeforeTaxRatio": 0.1086323552, "incomeTaxExpense": 42148000, "netIncome": 74705000, "netIncomeRatio": 0.06944948, "eps": 0.15, "epsdiluted": 0.15, "weightedAverageShsOut": 492880000, "weightedAverageShsOutDil": 495428000, "link": "https://www.sec.gov/Archives/edgar/data/723254/000072325413000006/0000723254-13-000006-index.htm", "finalLink": "https://www.sec.gov/Archives/edgar/data/723254/000072325413000006/ctas-2013x228x10xq.htm"}, {"date": "2012-11-30", "symbol": "CTAS", "reportedCurrency": "USD", "cik": "0000723254", "fillingDate": "2013-01-09", "acceptedDate": "2013-01-09 15:19:52", "calendarYear": "2013", "period": "Q2", "revenue": 1060386000, "costOfRevenue": 628350000, "grossProfit": 432036000, "grossProfitRatio": 0.407432765, "researchAndDevelopmentExpenses": 0, "generalAndAdministrativeExpenses": 293013000, "sellingAndMarketingExpenses": 0, "sellingGeneralAndAdministrativeExpenses": 293013000, "otherExpenses": 0, "operatingExpenses": 293013000, "costAndExpenses": 921363000, "interestIncome": 149000, "interestExpense": 16294000, "depreciationAndAmortization": 40979000, "ebitda": 180151000, "ebitdaratio": 0.1698919073, "operatingIncome": 139023000, "operatingIncomeRatio": 0.1311060312, "totalOtherIncomeExpensesNet": -16145000, "incomeBeforeTax": 122878000, "incomeBeforeTaxRatio": 0.1158804435, "incomeTaxExpense": 44851000, "netIncome": 78027000, "netIncomeRatio": 0.0735835818, "eps": 0.16, "epsdiluted": 0.16, "weightedAverageShsOut": 496740000, "weightedAverageShsOutDil": 498436000, "link": "https://www.sec.gov/Archives/edgar/data/723254/000072325413000002/0000723254-13-000002-index.htm", "finalLink": "https://www.sec.gov/Archives/edgar/data/723254/000072325413000002/ctas-2012x1130x10xq.htm"}, {"date": "2012-08-31", "symbol": "CTAS", "reportedCurrency": "USD", "cik": "0000723254", "fillingDate": "2012-10-10", "acceptedDate": "2012-10-10 14:19:30", "calendarYear": "2013", "period": "Q1", "revenue": 1051325000, "costOfRevenue": 605450000, "grossProfit": 445875000, "grossProfitRatio": 0.4241076736, "researchAndDevelopmentExpenses": 0, "generalAndAdministrativeExpenses": 306581000, "sellingAndMarketingExpenses": 0, "sellingGeneralAndAdministrativeExpenses": 306581000, "otherExpenses": 0, "operatingExpenses": 306581000, "costAndExpenses": 912031000, "interestIncome": 77000, "interestExpense": 16598000, "depreciationAndAmortization": 40342000, "ebitda": 179713000, "ebitdaratio": 0.1709395287, "operatingIncome": 139294000, "operatingIncomeRatio": 0.1324937579, "totalOtherIncomeExpensesNet": -16521000, "incomeBeforeTax": 122773000, "incomeBeforeTaxRatio": 0.1167793023, "incomeTaxExpense": 46040000, "netIncome": 76733000, "netIncomeRatio": 0.072986945, "eps": 0.15, "epsdiluted": 0.15, "weightedAverageShsOut": 504440000, "weightedAverageShsOutDil": 505832000, "link": "https://www.sec.gov/Archives/edgar/data/723254/000072325412000009/0000723254-12-000009-index.htm", "finalLink": "https://www.sec.gov/Archives/edgar/data/723254/000072325412000009/ctas-2012x831x10xq.htm"}, {"date": "2012-05-31", "symbol": "CTAS", "reportedCurrency": "USD", "cik": "0000723254", "fillingDate": "2012-07-30", "acceptedDate": "2012-07-30 15:55:40", "calendarYear": "2012", "period": "Q4", "revenue": 1053582000, "costOfRevenue": 609714000, "grossProfit": 443868000, "grossProfitRatio": 0.4212942135, "researchAndDevelopmentExpenses": 0, "generalAndAdministrativeExpenses": 303036000, "sellingAndMarketingExpenses": 0, "sellingGeneralAndAdministrativeExpenses": 303036000, "otherExpenses": 0, "operatingExpenses": 303036000, "costAndExpenses": 912750000, "interestIncome": 801000, "interestExpense": 18344000, "depreciationAndAmortization": 40265000, "ebitda": 26067000, "ebitdaratio": 0.0247413111, "operatingIncome": 140832000, "operatingIncomeRatio": 0.1336697096, "totalOtherIncomeExpensesNet": -17543000, "incomeBeforeTax": 123289000, "incomeBeforeTaxRatio": 0.1170188936, "incomeTaxExpense": 44675000, "netIncome": 78614000, "netIncomeRatio": 0.0746159293, "eps": 0.16, "epsdiluted": 0.16, "weightedAverageShsOut": 504440000, "weightedAverageShsOutDil": 504440000, "link": "https://www.sec.gov/Archives/edgar/data/723254/000072325412000004/0000723254-12-000004-index.htm", "finalLink": "https://www.sec.gov/Archives/edgar/data/723254/000072325412000004/ctas531201210k.htm"}, {"date": "2012-02-29", "symbol": "CTAS", "reportedCurrency": "USD", "cik": "0000723254", "fillingDate": "2012-04-09", "acceptedDate": "2012-04-09 10:00:53", "calendarYear": "2012", "period": "Q3", "revenue": 1012112000, "costOfRevenue": 586209000, "grossProfit": 425903000, "grossProfitRatio": 0.4208061954, "researchAndDevelopmentExpenses": 0, "generalAndAdministrativeExpenses": 288367000, "sellingAndMarketingExpenses": 0, "sellingGeneralAndAdministrativeExpenses": 288367000, "otherExpenses": 0, "operatingExpenses": 288367000, "costAndExpenses": 874576000, "interestIncome": 373000, "interestExpense": 17219000, "depreciationAndAmortization": 38644000, "ebitda": 176553000, "ebitdaratio": 0.1744401805, "operatingIncome": 137536000, "operatingIncomeRatio": 0.1358900991, "totalOtherIncomeExpensesNet": -16846000, "incomeBeforeTax": 120690000, "incomeBeforeTaxRatio": 0.1192456961, "incomeTaxExpense": 44655000, "netIncome": 76035000, "netIncomeRatio": 0.075125085, "eps": 0.14, "epsdiluted": 0.14, "weightedAverageShsOut": 518940000, "weightedAverageShsOutDil": 519780000, "link": "https://www.sec.gov/Archives/edgar/data/723254/000110465912024280/0001104659-12-024280-index.htm", "finalLink": "https://www.sec.gov/Archives/edgar/data/723254/000110465912024280/a12-5362_110q.htm"}, {"date": "2011-11-30", "symbol": "CTAS", "reportedCurrency": "USD", "cik": "0000723254", "fillingDate": "2012-01-09", "acceptedDate": "2012-01-09 12:01:10", "calendarYear": "2012", "period": "Q2", "revenue": 1019126000, "costOfRevenue": 589329000, "grossProfit": 429797000, "grossProfitRatio": 0.4217309734, "researchAndDevelopmentExpenses": 0, "generalAndAdministrativeExpenses": 297112000, "sellingAndMarketingExpenses": 0, "sellingGeneralAndAdministrativeExpenses": 297112000, "otherExpenses": 0, "operatingExpenses": 297112000, "costAndExpenses": 886441000, "interestIncome": 403000, "interestExpense": 17728000, "depreciationAndAmortization": 38645000, "ebitda": 171733000, "ebitdaratio": 0.1685100763, "operatingIncome": 132685000, "operatingIncomeRatio": 0.1301948925, "totalOtherIncomeExpensesNet": -17325000, "incomeBeforeTax": 115360000, "incomeBeforeTaxRatio": 0.1131950318, "incomeTaxExpense": 41010000, "netIncome": 74350000, "netIncomeRatio": 0.072954669, "eps": 0.14, "epsdiluted": 0.14, "weightedAverageShsOut": 518908000, "weightedAverageShsOutDil": 518960000, "link": "https://www.sec.gov/Archives/edgar/data/723254/000110465912001090/0001104659-12-001090-index.htm", "finalLink": "https://www.sec.gov/Archives/edgar/data/723254/000110465912001090/a11-29943_110q.htm"}, {"date": "2011-08-31", "symbol": "CTAS", "reportedCurrency": "USD", "cik": "0000723254", "fillingDate": "2011-10-07", "acceptedDate": "2011-10-07 13:37:57", "calendarYear": "2012", "period": "Q1", "revenue": 1017180000, "costOfRevenue": 578140000, "grossProfit": 439040000, "grossProfitRatio": 0.4316246879, "researchAndDevelopmentExpenses": 0, "generalAndAdministrativeExpenses": 310466000, "sellingAndMarketingExpenses": 0, "sellingGeneralAndAdministrativeExpenses": 310466000, "otherExpenses": 0, "operatingExpenses": 310466000, "costAndExpenses": 888606000, "interestIncome": 365000, "interestExpense": 17334000, "depreciationAndAmortization": 38277000, "ebitda": 167216000, "ebitdaratio": 0.1643917497, "operatingIncome": 128574000, "operatingIncomeRatio": 0.1264024067, "totalOtherIncomeExpensesNet": -16969000, "incomeBeforeTax": 111605000, "incomeBeforeTaxRatio": 0.1097200102, "incomeTaxExpense": 42967000, "netIncome": 68638000, "netIncomeRatio": 0.0674787157, "eps": 0.13, "epsdiluted": 0.13, "weightedAverageShsOut": 525236000, "weightedAverageShsOutDil": 525352000, "link": "https://www.sec.gov/Archives/edgar/data/723254/000110465911055364/0001104659-11-055364-index.htm", "finalLink": "https://www.sec.gov/Archives/edgar/data/723254/000110465911055364/a11-26234_110q.htm"}, {"date": "2011-05-31", "symbol": "CTAS", "reportedCurrency": "USD", "cik": "0000723254", "fillingDate": "2011-07-29", "acceptedDate": "2011-07-29 12:40:22", "calendarYear": "2011", "period": "Q4", "revenue": 1012087000, "costOfRevenue": 579040000, "grossProfit": 433047000, "grossProfitRatio": 0.4278752716, "researchAndDevelopmentExpenses": 0, "generalAndAdministrativeExpenses": 304170000, "sellingAndMarketingExpenses": 0, "sellingGeneralAndAdministrativeExpenses": 304170000, "otherExpenses": 0, "operatingExpenses": 304170000, "costAndExpenses": 883210000, "interestIncome": 778000, "interestExpense": 12749000, "depreciationAndAmortization": 38760000, "ebitda": 17529000, "ebitdaratio": 0.0173196573, "operatingIncome": 128877000, "operatingIncomeRatio": 0.1273378672, "totalOtherIncomeExpensesNet": -11971000, "incomeBeforeTax": 116906000, "incomeBeforeTaxRatio": 0.1155098327, "incomeTaxExpense": 46130000, "netIncome": 70776000, "netIncomeRatio": 0.0699307471, "eps": 0.14, "epsdiluted": 0.14, "weightedAverageShsOut": 525236000, "weightedAverageShsOutDil": 525236000, "link": "https://www.sec.gov/Archives/edgar/data/723254/000104746911006745/0001047469-11-006745-index.htm", "finalLink": "https://www.sec.gov/Archives/edgar/data/723254/000104746911006745/a2204868z10-k.htm"}, {"date": "2011-02-28", "symbol": "CTAS", "reportedCurrency": "USD", "cik": "0000723254", "fillingDate": "2011-04-08", "acceptedDate": "2011-04-08 11:23:22", "calendarYear": "2011", "period": "Q3", "revenue": 937827000, "costOfRevenue": 545906000, "grossProfit": 391921000, "grossProfitRatio": 0.417903302, "researchAndDevelopmentExpenses": 0, "generalAndAdministrativeExpenses": 283045000, "sellingAndMarketingExpenses": 0, "sellingGeneralAndAdministrativeExpenses": 283045000, "otherExpenses": 0, "operatingExpenses": 283045000, "costAndExpenses": 828951000, "interestIncome": 280000, "interestExpense": 12520000, "depreciationAndAmortization": 37563000, "ebitda": 146719000, "ebitdaratio": 0.1564456984, "operatingIncome": 108876000, "operatingIncomeRatio": 0.1160939064, "totalOtherIncomeExpensesNet": -12240000, "incomeBeforeTax": 96636000, "incomeBeforeTaxRatio": 0.1030424588, "incomeTaxExpense": 37566000, "netIncome": 59070000, "netIncomeRatio": 0.0629860305, "eps": 0.1, "epsdiluted": 0.1, "weightedAverageShsOut": 581212000, "weightedAverageShsOutDil": 581212000, "link": "https://www.sec.gov/Archives/edgar/data/723254/000110465911019252/0001104659-11-019252-index.htm", "finalLink": "https://www.sec.gov/Archives/edgar/data/723254/000110465911019252/a11-6544_110q.htm"}, {"date": "2010-11-30", "symbol": "CTAS", "reportedCurrency": "USD", "cik": "0000723254", "fillingDate": "2011-01-07", "acceptedDate": "2011-01-07 13:48:24", "calendarYear": "2011", "period": "Q2", "revenue": 936566000, "costOfRevenue": 545918000, "grossProfit": 390648000, "grossProfitRatio": 0.4171067496, "researchAndDevelopmentExpenses": 0, "generalAndAdministrativeExpenses": 288304000, "sellingAndMarketingExpenses": 0, "sellingGeneralAndAdministrativeExpenses": 288304000, "otherExpenses": 0, "operatingExpenses": 288304000, "costAndExpenses": 834222000, "interestIncome": 394000, "interestExpense": 12161000, "depreciationAndAmortization": 37201000, "ebitda": 139939000, "ebitdaratio": 0.149417126, "operatingIncome": 102344000, "operatingIncomeRatio": 0.1092758012, "totalOtherIncomeExpensesNet": -11767000, "incomeBeforeTax": 90577000, "incomeBeforeTaxRatio": 0.0967118174, "incomeTaxExpense": 34711000, "netIncome": 55866000, "netIncomeRatio": 0.0596498271, "eps": 0.095, "epsdiluted": 0.095, "weightedAverageShsOut": 582044000, "weightedAverageShsOutDil": 582044000, "link": "https://www.sec.gov/Archives/edgar/data/723254/000110465911000787/0001104659-11-000787-index.htm", "finalLink": "https://www.sec.gov/Archives/edgar/data/723254/000110465911000787/a10-20134_110q.htm"}, {"date": "2010-08-31", "symbol": "CTAS", "reportedCurrency": "USD", "cik": "0000723254", "fillingDate": "2010-10-08", "acceptedDate": "2010-10-08 13:52:56", "calendarYear": "2011", "period": "Q1", "revenue": 923904000, "costOfRevenue": 530233000, "grossProfit": 393671000, "grossProfitRatio": 0.4260951354, "researchAndDevelopmentExpenses": 0, "generalAndAdministrativeExpenses": 293425000, "sellingAndMarketingExpenses": 0, "sellingGeneralAndAdministrativeExpenses": 293425000, "otherExpenses": 0, "operatingExpenses": 293425000, "costAndExpenses": 823658000, "interestIncome": 578000, "interestExpense": 12274000, "depreciationAndAmortization": 37362000, "ebitda": 138186000, "ebitdaratio": 0.1495674875, "operatingIncome": 100246000, "operatingIncomeRatio": 0.108502615, "totalOtherIncomeExpensesNet": -11696000, "incomeBeforeTax": 88550000, "incomeBeforeTaxRatio": 0.0958432911, "incomeTaxExpense": 27273000, "netIncome": 61277000, "netIncomeRatio": 0.0663239904, "eps": 0.1, "epsdiluted": 0.1, "weightedAverageShsOut": 608656000, "weightedAverageShsOutDil": 608656000, "link": "https://www.sec.gov/Archives/edgar/data/723254/000110465910051814/0001104659-10-051814-index.htm", "finalLink": "https://www.sec.gov/Archives/edgar/data/723254/000110465910051814/a10-15843_110q.htm"}]