[{"date": "2025-06-30", "symbol": "MELI", "reportedCurrency": "USD", "cik": "0001099590", "fillingDate": "2025-06-30", "acceptedDate": "2025-06-29 20:00:00", "calendarYear": "2025", "period": "Q2", "revenue": 6790000000, "costOfRevenue": 3696000000, "grossProfit": 3094000000, "grossProfitRatio": 0.4556701031, "researchAndDevelopmentExpenses": 567000000, "generalAndAdministrativeExpenses": 0, "sellingAndMarketingExpenses": 0, "sellingGeneralAndAdministrativeExpenses": 1702000000, "otherExpenses": 0, "operatingExpenses": 2269000000, "costAndExpenses": 5965000000, "interestIncome": 44000000, "interestExpense": 36000000, "depreciationAndAmortization": 188000000, "ebitda": 940000000, "ebitdaratio": 0.1384388807, "operatingIncome": 825000000, "operatingIncomeRatio": 0.1215022091, "totalOtherIncomeExpensesNet": -109000000, "incomeBeforeTax": 716000000, "incomeBeforeTaxRatio": 0.10544919, "incomeTaxExpense": 193000000, "netIncome": 523000000, "netIncomeRatio": 0.0770250368, "eps": 10.32, "epsdiluted": 10.31, "weightedAverageShsOut": 50697000, "weightedAverageShsOutDil": 50697000, "link": null, "finalLink": null}, {"date": "2025-03-31", "symbol": "MELI", "reportedCurrency": "USD", "cik": "0001099590", "fillingDate": "2025-05-08", "acceptedDate": "2025-05-08 16:00:59", "calendarYear": "2025", "period": "Q1", "revenue": 5935000000, "costOfRevenue": 3164000000, "grossProfit": 2771000000, "grossProfitRatio": 0.4668913227, "researchAndDevelopmentExpenses": 551000000, "generalAndAdministrativeExpenses": 0, "sellingAndMarketingExpenses": 0, "sellingGeneralAndAdministrativeExpenses": 1457000000, "otherExpenses": 0, "operatingExpenses": 2008000000, "costAndExpenses": 5172000000, "interestIncome": 37000000, "interestExpense": 39000000, "depreciationAndAmortization": 172000000, "ebitda": 917000000, "ebitdaratio": 0.1545071609, "operatingIncome": 763000000, "operatingIncomeRatio": 0.1285593934, "totalOtherIncomeExpensesNet": -57000000, "incomeBeforeTax": 706000000, "incomeBeforeTaxRatio": 0.1189553496, "incomeTaxExpense": 212000000, "netIncome": 494000000, "netIncomeRatio": 0.0832350463, "eps": 9.74, "epsdiluted": 9.74, "weightedAverageShsOut": 50697384, "weightedAverageShsOutDil": 50697384, "link": "https://www.sec.gov/Archives/edgar/data/1099590/000109959025000028/0001099590-25-000028-index.htm", "finalLink": "https://www.sec.gov/Archives/edgar/data/1099590/000109959025000028/meli-20250331.htm"}, {"date": "2024-12-31", "symbol": "MELI", "reportedCurrency": "USD", "cik": "0001099590", "fillingDate": "2025-02-21", "acceptedDate": "2025-02-21 16:07:16", "calendarYear": "2024", "period": "Q4", "revenue": 6059000000, "costOfRevenue": 3310000000, "grossProfit": 2749000000, "grossProfitRatio": 0.4537052319, "researchAndDevelopmentExpenses": 512000000, "generalAndAdministrativeExpenses": 0, "sellingAndMarketingExpenses": 0, "sellingGeneralAndAdministrativeExpenses": 1417000000, "otherExpenses": 0, "operatingExpenses": 1929000000, "costAndExpenses": 5239000000, "interestIncome": 41000000, "interestExpense": 48000000, "depreciationAndAmortization": 152000000, "ebitda": 963000000, "ebitdaratio": 0.1589371183, "operatingIncome": 820000000, "operatingIncomeRatio": 0.135335864, "totalOtherIncomeExpensesNet": -57000000, "incomeBeforeTax": 763000000, "incomeBeforeTaxRatio": 0.125928371, "incomeTaxExpense": 124000000, "netIncome": 639000000, "netIncomeRatio": 0.1054629477, "eps": 12.61, "epsdiluted": 12.6, "weightedAverageShsOut": 50697384, "weightedAverageShsOutDil": 50697384, "link": "https://www.sec.gov/Archives/edgar/data/1099590/000109959025000007/0001099590-25-000007-index.htm", "finalLink": "https://www.sec.gov/Archives/edgar/data/1099590/000109959025000007/meli-20241231.htm"}, {"date": "2024-09-30", "symbol": "MELI", "reportedCurrency": "USD", "cik": "0001099590", "fillingDate": "2024-11-07", "acceptedDate": "2024-11-07 16:01:08", "calendarYear": "2024", "period": "Q3", "revenue": 5312000000, "costOfRevenue": 2873000000, "grossProfit": 2439000000, "grossProfitRatio": 0.4591490964, "researchAndDevelopmentExpenses": 504000000, "generalAndAdministrativeExpenses": 0, "sellingAndMarketingExpenses": 0, "sellingGeneralAndAdministrativeExpenses": 1378000000, "otherExpenses": 0, "operatingExpenses": 1882000000, "costAndExpenses": 4755000000, "interestIncome": 43000000, "interestExpense": 40000000, "depreciationAndAmortization": 157000000, "ebitda": 717000000, "ebitdaratio": 0.1349774096, "operatingIncome": 557000000, "operatingIncomeRatio": 0.1048569277, "totalOtherIncomeExpensesNet": -37000000, "incomeBeforeTax": 520000000, "incomeBeforeTaxRatio": 0.0978915663, "incomeTaxExpense": 123000000, "netIncome": 397000000, "netIncomeRatio": 0.0747364458, "eps": 7.83, "epsdiluted": 7.83, "weightedAverageShsOut": 50697000, "weightedAverageShsOutDil": 50697000, "link": "https://www.sec.gov/Archives/edgar/data/1099590/000109959024000042/0001099590-24-000042-index.htm", "finalLink": "https://www.sec.gov/Archives/edgar/data/1099590/000109959024000042/meli-20240930.htm"}, {"date": "2024-06-30", "symbol": "MELI", "reportedCurrency": "USD", "cik": "0001099590", "fillingDate": "2024-08-02", "acceptedDate": "2024-08-02 16:01:02", "calendarYear": "2024", "period": "Q2", "revenue": 5073000000, "costOfRevenue": 2708000000, "grossProfit": 2365000000, "grossProfitRatio": 0.4661935738, "researchAndDevelopmentExpenses": 460000000, "generalAndAdministrativeExpenses": 0, "sellingAndMarketingExpenses": 0, "sellingGeneralAndAdministrativeExpenses": 1179000000, "otherExpenses": 0, "operatingExpenses": 1639000000, "costAndExpenses": 4347000000, "interestIncome": 39000000, "interestExpense": 39000000, "depreciationAndAmortization": 154000000, "ebitda": 861000000, "ebitdaratio": 0.169722058, "operatingIncome": 726000000, "operatingIncomeRatio": 0.1431105855, "totalOtherIncomeExpensesNet": -58000000, "incomeBeforeTax": 668000000, "incomeBeforeTaxRatio": 0.1316775084, "incomeTaxExpense": 137000000, "netIncome": 531000000, "netIncomeRatio": 0.1046717918, "eps": 10.47, "epsdiluted": 10.47, "weightedAverageShsOut": 50697447, "weightedAverageShsOutDil": 50697447, "link": "https://www.sec.gov/Archives/edgar/data/1099590/000109959024000026/0001099590-24-000026-index.htm", "finalLink": "https://www.sec.gov/Archives/edgar/data/1099590/000109959024000026/meli-20240630.htm"}, {"date": "2024-03-31", "symbol": "MELI", "reportedCurrency": "USD", "cik": "0001099590", "fillingDate": "2024-05-03", "acceptedDate": "2024-05-03 16:01:27", "calendarYear": "2024", "period": "Q1", "revenue": 4333000000, "costOfRevenue": 2309000000, "grossProfit": 2024000000, "grossProfitRatio": 0.4671128548, "researchAndDevelopmentExpenses": 458000000, "generalAndAdministrativeExpenses": 0, "sellingAndMarketingExpenses": 0, "sellingGeneralAndAdministrativeExpenses": 1038000000, "otherExpenses": 0, "operatingExpenses": 1496000000, "costAndExpenses": 3805000000, "interestIncome": 25000000, "interestExpense": 38000000, "depreciationAndAmortization": 154000000, "ebitda": 673000000, "ebitdaratio": 0.15531964, "operatingIncome": 528000000, "operatingIncomeRatio": 0.1218555273, "totalOtherIncomeExpensesNet": -47000000, "incomeBeforeTax": 481000000, "incomeBeforeTaxRatio": 0.1110085391, "incomeTaxExpense": 137000000, "netIncome": 344000000, "netIncomeRatio": 0.0793907224, "eps": 6.79, "epsdiluted": 6.79, "weightedAverageShsOut": 50697442, "weightedAverageShsOutDil": 50697442, "link": "https://www.sec.gov/Archives/edgar/data/1099590/000109959024000017/0001099590-24-000017-index.htm", "finalLink": "https://www.sec.gov/Archives/edgar/data/1099590/000109959024000017/meli-20240331.htm"}, {"date": "2023-12-31", "symbol": "MELI", "reportedCurrency": "USD", "cik": "0001099590", "fillingDate": "2024-02-23", "acceptedDate": "2024-02-23 16:01:42", "calendarYear": "2023", "period": "Q4", "revenue": 4409000000, "costOfRevenue": 2359000000, "grossProfit": 2050000000, "grossProfitRatio": 0.4649580404, "researchAndDevelopmentExpenses": 686000000, "generalAndAdministrativeExpenses": 0, "sellingAndMarketingExpenses": 0, "sellingGeneralAndAdministrativeExpenses": 1029000000, "otherExpenses": 0, "operatingExpenses": 1715000000, "costAndExpenses": 4074000000, "interestIncome": 40000000, "interestExpense": 38000000, "depreciationAndAmortization": 135000000, "ebitda": 403000000, "ebitdaratio": 0.0914039465, "operatingIncome": 335000000, "operatingIncomeRatio": 0.0759809481, "totalOtherIncomeExpensesNet": -105000000, "incomeBeforeTax": 230000000, "incomeBeforeTaxRatio": 0.052166024, "incomeTaxExpense": 65000000, "netIncome": 165000000, "netIncomeRatio": 0.037423452, "eps": 3.26, "epsdiluted": 3.25, "weightedAverageShsOut": 50631669, "weightedAverageShsOutDil": 50697515, "link": "https://www.sec.gov/Archives/edgar/data/1099590/000109959024000008/0001099590-24-000008-index.htm", "finalLink": "https://www.sec.gov/Archives/edgar/data/1099590/000109959024000008/meli-20231231.htm"}, {"date": "2023-09-30", "symbol": "MELI", "reportedCurrency": "USD", "cik": "0001099590", "fillingDate": "2023-11-02", "acceptedDate": "2023-11-02 16:21:27", "calendarYear": "2023", "period": "Q3", "revenue": 3927000000, "costOfRevenue": 1832000000, "grossProfit": 2095000000, "grossProfitRatio": 0.5334861217, "researchAndDevelopmentExpenses": 396000000, "generalAndAdministrativeExpenses": 0, "sellingAndMarketingExpenses": 0, "sellingGeneralAndAdministrativeExpenses": 914000000, "otherExpenses": 0, "operatingExpenses": 1310000000, "costAndExpenses": 3142000000, "interestIncome": 38000000, "interestExpense": 53000000, "depreciationAndAmortization": 135000000, "ebitda": 719000000, "ebitdaratio": 0.1830914184, "operatingIncome": 785000000, "operatingIncomeRatio": 0.1998981411, "totalOtherIncomeExpensesNet": -254000000, "incomeBeforeTax": 531000000, "incomeBeforeTaxRatio": 0.1352177235, "incomeTaxExpense": 172000000, "netIncome": 359000000, "netIncomeRatio": 0.0914183855, "eps": 7.18, "epsdiluted": 7.15, "weightedAverageShsOut": 50008320, "weightedAverageShsOutDil": 50209439, "link": "https://www.sec.gov/Archives/edgar/data/1099590/000109959023000033/0001099590-23-000033-index.htm", "finalLink": "https://www.sec.gov/Archives/edgar/data/1099590/000109959023000033/meli-20230930.htm"}, {"date": "2023-06-30", "symbol": "MELI", "reportedCurrency": "USD", "cik": "0001099590", "fillingDate": "2023-08-03", "acceptedDate": "2023-08-03 16:07:28", "calendarYear": "2023", "period": "Q2", "revenue": 3585000000, "costOfRevenue": 1754000000, "grossProfit": 1831000000, "grossProfitRatio": 0.5107391911, "researchAndDevelopmentExpenses": 368000000, "generalAndAdministrativeExpenses": 0, "sellingAndMarketingExpenses": 0, "sellingGeneralAndAdministrativeExpenses": 794000000, "otherExpenses": 0, "operatingExpenses": 1162000000, "costAndExpenses": 2916000000, "interestIncome": 34000000, "interestExpense": 49000000, "depreciationAndAmortization": 128000000, "ebitda": 649000000, "ebitdaratio": 0.1810320781, "operatingIncome": 669000000, "operatingIncomeRatio": 0.1866108787, "totalOtherIncomeExpensesNet": -197000000, "incomeBeforeTax": 472000000, "incomeBeforeTaxRatio": 0.1316596932, "incomeTaxExpense": 210000000, "netIncome": 262000000, "netIncomeRatio": 0.0730822873, "eps": 5.22, "epsdiluted": 5.12, "weightedAverageShsOut": 50162687, "weightedAverageShsOutDil": 51152955, "link": "https://www.sec.gov/Archives/edgar/data/1099590/000109959023000020/0001099590-23-000020-index.htm", "finalLink": "https://www.sec.gov/Archives/edgar/data/1099590/000109959023000020/meli-20230630.htm"}, {"date": "2023-03-31", "symbol": "MELI", "reportedCurrency": "USD", "cik": "0001099590", "fillingDate": "2023-05-03", "acceptedDate": "2023-05-03 16:01:00", "calendarYear": "2023", "period": "Q1", "revenue": 3186000000, "costOfRevenue": 1572000000, "grossProfit": 1614000000, "grossProfitRatio": 0.5065913371, "researchAndDevelopmentExpenses": 381000000, "generalAndAdministrativeExpenses": 0, "sellingAndMarketingExpenses": 0, "sellingGeneralAndAdministrativeExpenses": 815000000, "otherExpenses": 0, "operatingExpenses": 1196000000, "costAndExpenses": 2768000000, "interestIncome": 23000000, "interestExpense": 34000000, "depreciationAndAmortization": 126000000, "ebitda": 480000000, "ebitdaratio": 0.1506591337, "operatingIncome": 418000000, "operatingIncomeRatio": 0.1311989956, "totalOtherIncomeExpensesNet": -95000000, "incomeBeforeTax": 323000000, "incomeBeforeTaxRatio": 0.1013810421, "incomeTaxExpense": 122000000, "netIncome": 201000000, "netIncomeRatio": 0.0630885122, "eps": 4, "epsdiluted": 3.92, "weightedAverageShsOut": 50245073, "weightedAverageShsOutDil": 51235341, "link": "https://www.sec.gov/Archives/edgar/data/1099590/000109959023000013/0001099590-23-000013-index.htm", "finalLink": "https://www.sec.gov/Archives/edgar/data/1099590/000109959023000013/meli-20230331.htm"}, {"date": "2022-12-31", "symbol": "MELI", "reportedCurrency": "USD", "cik": "0001099590", "fillingDate": "2023-02-24", "acceptedDate": "2023-02-24 16:02:21", "calendarYear": "2022", "period": "Q4", "revenue": 3002000000, "costOfRevenue": 1544000000, "grossProfit": 1458000000, "grossProfitRatio": 0.4856762159, "researchAndDevelopmentExpenses": 325000000, "generalAndAdministrativeExpenses": 0, "sellingAndMarketingExpenses": 0, "sellingGeneralAndAdministrativeExpenses": 783000000, "otherExpenses": 0, "operatingExpenses": 1108000000, "costAndExpenses": 2652000000, "interestIncome": 123000000, "interestExpense": 100000000, "depreciationAndAmortization": 28000000, "ebitda": 436000000, "ebitdaratio": 0.145236509, "operatingIncome": 350000000, "operatingIncomeRatio": 0.1165889407, "totalOtherIncomeExpensesNet": -41000000, "incomeBeforeTax": 309000000, "incomeBeforeTaxRatio": 0.1029313791, "incomeTaxExpense": 144000000, "netIncome": 165000000, "netIncomeRatio": 0.0549633578, "eps": 3.28, "epsdiluted": 3.22, "weightedAverageShsOut": 50284640, "weightedAverageShsOutDil": 51274909, "link": "https://www.sec.gov/Archives/edgar/data/1099590/000109959023000007/0001099590-23-000007-index.htm", "finalLink": "https://www.sec.gov/Archives/edgar/data/1099590/000109959023000007/meli-20221231.htm"}, {"date": "2022-09-30", "symbol": "MELI", "reportedCurrency": "USD", "cik": "0001099590", "fillingDate": "2022-11-04", "acceptedDate": "2022-11-04 16:13:40", "calendarYear": "2022", "period": "Q3", "revenue": 2690000000, "costOfRevenue": 1342000000, "grossProfit": 1348000000, "grossProfitRatio": 0.5011152416, "researchAndDevelopmentExpenses": 278000000, "generalAndAdministrativeExpenses": 0, "sellingAndMarketingExpenses": 0, "sellingGeneralAndAdministrativeExpenses": 774000000, "otherExpenses": 0, "operatingExpenses": 1052000000, "costAndExpenses": 2394000000, "interestIncome": 65000000, "interestExpense": 92000000, "depreciationAndAmortization": 97000000, "ebitda": 387000000, "ebitdaratio": 0.143866171, "operatingIncome": 296000000, "operatingIncomeRatio": 0.1100371747, "totalOtherIncomeExpensesNet": -98000000, "incomeBeforeTax": 198000000, "incomeBeforeTaxRatio": 0.073605948, "incomeTaxExpense": 69000000, "netIncome": 129000000, "netIncomeRatio": 0.0479553903, "eps": 2.56, "epsdiluted": 2.51, "weightedAverageShsOut": 50325075, "weightedAverageShsOutDil": 51315343, "link": "https://www.sec.gov/Archives/edgar/data/1099590/000156276222000430/0001562762-22-000430-index.htm", "finalLink": "https://www.sec.gov/Archives/edgar/data/1099590/000156276222000430/meli-20220930x10q.htm"}, {"date": "2022-06-30", "symbol": "MELI", "reportedCurrency": "USD", "cik": "0001099590", "fillingDate": "2022-08-04", "acceptedDate": "2022-08-04 16:02:16", "calendarYear": "2022", "period": "Q2", "revenue": 2597000000, "costOfRevenue": 1313000000, "grossProfit": 1284000000, "grossProfitRatio": 0.4944166346, "researchAndDevelopmentExpenses": 262000000, "generalAndAdministrativeExpenses": 0, "sellingAndMarketingExpenses": 0, "sellingGeneralAndAdministrativeExpenses": 772000000, "otherExpenses": 0, "operatingExpenses": 1034000000, "costAndExpenses": 2347000000, "interestIncome": 46000000, "interestExpense": 73000000, "depreciationAndAmortization": 100000000, "ebitda": 336000000, "ebitdaratio": 0.1293800539, "operatingIncome": 250000000, "operatingIncomeRatio": 0.0962649211, "totalOtherIncomeExpensesNet": -88000000, "incomeBeforeTax": 162000000, "incomeBeforeTaxRatio": 0.0623796688, "incomeTaxExpense": 39000000, "netIncome": 123000000, "netIncomeRatio": 0.0473623412, "eps": 2.44, "epsdiluted": 2.44, "weightedAverageShsOut": 50364529, "weightedAverageShsOutDil": 50364529, "link": "https://www.sec.gov/Archives/edgar/data/1099590/000156276222000334/0001562762-22-000334-index.htm", "finalLink": "https://www.sec.gov/Archives/edgar/data/1099590/000156276222000334/meli-20220630x10q.htm"}, {"date": "2022-03-31", "symbol": "MELI", "reportedCurrency": "USD", "cik": "0001099590", "fillingDate": "2022-05-06", "acceptedDate": "2022-05-06 16:01:22", "calendarYear": "2022", "period": "Q1", "revenue": 2248000000, "costOfRevenue": 1175000000, "grossProfit": 1073000000, "grossProfitRatio": 0.4773131673, "researchAndDevelopmentExpenses": 234000000, "generalAndAdministrativeExpenses": 0, "sellingAndMarketingExpenses": 0, "sellingGeneralAndAdministrativeExpenses": 700000000, "otherExpenses": 0, "operatingExpenses": 934000000, "costAndExpenses": 2109000000, "interestIncome": 31000000, "interestExpense": 7000000, "depreciationAndAmortization": 84000000, "ebitda": 202000000, "ebitdaratio": 0.0898576512, "operatingIncome": 139000000, "operatingIncomeRatio": 0.0618327402, "totalOtherIncomeExpensesNet": -28000000, "incomeBeforeTax": 111000000, "incomeBeforeTaxRatio": 0.0493772242, "incomeTaxExpense": 46000000, "netIncome": 65000000, "netIncomeRatio": 0.0289145907, "eps": 1.29, "epsdiluted": 1.29, "weightedAverageShsOut": 50408754, "weightedAverageShsOutDil": 50408754, "link": "https://www.sec.gov/Archives/edgar/data/1099590/000156276222000223/0001562762-22-000223-index.htm", "finalLink": "https://www.sec.gov/Archives/edgar/data/1099590/000156276222000223/meli-20220331x10q.htm"}, {"date": "2021-12-31", "symbol": "MELI", "reportedCurrency": "USD", "cik": "0001099590", "fillingDate": "2022-02-23", "acceptedDate": "2022-02-23 16:02:19", "calendarYear": "2021", "period": "Q4", "revenue": 2130766000, "costOfRevenue": 1277601000, "grossProfit": 853165000, "grossProfitRatio": 0.4004029537, "researchAndDevelopmentExpenses": 179637000, "generalAndAdministrativeExpenses": 0, "sellingAndMarketingExpenses": 0, "sellingGeneralAndAdministrativeExpenses": 649306000, "otherExpenses": 0, "operatingExpenses": 828943000, "costAndExpenses": 2106544000, "interestIncome": 53374000, "interestExpense": 53678000, "depreciationAndAmortization": 67200000, "ebitda": 86939000, "ebitdaratio": 0.0408017586, "operatingIncome": 24222000, "operatingIncomeRatio": 0.0113677429, "totalOtherIncomeExpensesNet": -66683000, "incomeBeforeTax": -42461000, "incomeBeforeTaxRatio": -0.0199275753, "incomeTaxExpense": 3643000, "netIncome": -46104000, "netIncomeRatio": -0.0216372891, "eps": -0.93, "epsdiluted": -0.92, "weightedAverageShsOut": 49701252, "weightedAverageShsOutDil": 49926533, "link": "https://www.sec.gov/Archives/edgar/data/1099590/000156276222000049/0001562762-22-000049-index.htm", "finalLink": "https://www.sec.gov/Archives/edgar/data/1099590/000156276222000049/meli-20211231x10k.htm"}, {"date": "2021-09-30", "symbol": "MELI", "reportedCurrency": "USD", "cik": "0001099590", "fillingDate": "2021-11-05", "acceptedDate": "2021-11-05 16:02:05", "calendarYear": "2021", "period": "Q3", "revenue": 1857452000, "costOfRevenue": 1050862000, "grossProfit": 806590000, "grossProfitRatio": 0.4342454071, "researchAndDevelopmentExpenses": 137671000, "generalAndAdministrativeExpenses": 0, "sellingAndMarketingExpenses": 0, "sellingGeneralAndAdministrativeExpenses": 507975000, "otherExpenses": 0, "operatingExpenses": 645646000, "costAndExpenses": 1696508000, "interestIncome": 35352000, "interestExpense": 44395000, "depreciationAndAmortization": 52236000, "ebitda": 222764000, "ebitdaratio": 0.1199298824, "operatingIncome": 160944000, "operatingIncomeRatio": 0.0866477303, "totalOtherIncomeExpensesNet": -34811000, "incomeBeforeTax": 126133000, "incomeBeforeTaxRatio": 0.0679064654, "incomeTaxExpense": 30908000, "netIncome": 95000000, "netIncomeRatio": 0.0511453324, "eps": 1.92, "epsdiluted": 1.92, "weightedAverageShsOut": 49597157, "weightedAverageShsOutDil": 49597157, "link": "https://www.sec.gov/Archives/edgar/data/1099590/000156276221000420/0001562762-21-000420-index.htm", "finalLink": "https://www.sec.gov/Archives/edgar/data/1099590/000156276221000420/meli-20210930x10q.htm"}, {"date": "2021-06-30", "symbol": "MELI", "reportedCurrency": "USD", "cik": "0001099590", "fillingDate": "2021-08-05", "acceptedDate": "2021-08-05 16:57:01", "calendarYear": "2021", "period": "Q2", "revenue": 1702750000, "costOfRevenue": 948830000, "grossProfit": 753920000, "grossProfitRatio": 0.4427661136, "researchAndDevelopmentExpenses": 146985000, "generalAndAdministrativeExpenses": 0, "sellingAndMarketingExpenses": 0, "sellingGeneralAndAdministrativeExpenses": 440770000, "otherExpenses": 0, "operatingExpenses": 587755000, "costAndExpenses": 1536585000, "interestIncome": 24165000, "interestExpense": 39342000, "depreciationAndAmortization": 46109000, "ebitda": 224348000, "ebitdaratio": 0.1317562766, "operatingIncome": 166165000, "operatingIncomeRatio": 0.0975862575, "totalOtherIncomeExpensesNet": -27268000, "incomeBeforeTax": 138897000, "incomeBeforeTaxRatio": 0.0815721627, "incomeTaxExpense": 70702000, "netIncome": 68000000, "netIncomeRatio": 0.0399353986, "eps": 1.37, "epsdiluted": 1.37, "weightedAverageShsOut": 49822272, "weightedAverageShsOutDil": 49822272, "link": "https://www.sec.gov/Archives/edgar/data/1099590/000156276221000313/0001562762-21-000313-index.htm", "finalLink": "https://www.sec.gov/Archives/edgar/data/1099590/000156276221000313/meli-20210630x10q.htm"}, {"date": "2021-03-31", "symbol": "MELI", "reportedCurrency": "USD", "cik": "0001099590", "fillingDate": "2021-05-06", "acceptedDate": "2021-05-06 16:23:50", "calendarYear": "2021", "period": "Q1", "revenue": 1378441000, "costOfRevenue": 787064000, "grossProfit": 591377000, "grossProfitRatio": 0.4290187248, "researchAndDevelopmentExpenses": 126035000, "generalAndAdministrativeExpenses": 0, "sellingAndMarketingExpenses": 0, "sellingGeneralAndAdministrativeExpenses": 374498000, "otherExpenses": 0, "operatingExpenses": 500533000, "costAndExpenses": 1287597000, "interestIncome": 25071000, "interestExpense": 91289000, "depreciationAndAmortization": 38416000, "ebitda": 139242000, "ebitdaratio": 0.1010141167, "operatingIncome": 90844000, "operatingIncomeRatio": 0.0659034373, "totalOtherIncomeExpensesNet": -81307000, "incomeBeforeTax": 9537000, "incomeBeforeTaxRatio": 0.0069186857, "incomeTaxExpense": 43549000, "netIncome": -34012000, "netIncomeRatio": -0.0246742516, "eps": -0.68, "epsdiluted": -0.68, "weightedAverageShsOut": 49867625, "weightedAverageShsOutDil": 49867625, "link": "https://www.sec.gov/Archives/edgar/data/1099590/000156276221000200/0001562762-21-000200-index.htm", "finalLink": "https://www.sec.gov/Archives/edgar/data/1099590/000156276221000200/meli-20210331x10q.htm"}, {"date": "2020-12-31", "symbol": "MELI", "reportedCurrency": "USD", "cik": "0001099590", "fillingDate": "2021-03-01", "acceptedDate": "2021-03-01 16:26:47", "calendarYear": "2020", "period": "Q4", "revenue": 1327304000, "costOfRevenue": 838270000, "grossProfit": 489034000, "grossProfitRatio": 0.3684415929, "researchAndDevelopmentExpenses": 116989000, "generalAndAdministrativeExpenses": 0, "sellingAndMarketingExpenses": 0, "sellingGeneralAndAdministrativeExpenses": 397171000, "otherExpenses": 0, "operatingExpenses": 514160000, "costAndExpenses": 1352430000, "interestIncome": 22648000, "interestExpense": 31607000, "depreciationAndAmortization": 32556000, "ebitda": 20148000, "ebitdaratio": 0.0151796423, "operatingIncome": -25126000, "operatingIncomeRatio": -0.0189301019, "totalOtherIncomeExpensesNet": -18889000, "incomeBeforeTax": -44015000, "incomeBeforeTaxRatio": -0.033161205, "incomeTaxExpense": 6565000, "netIncome": -50580000, "netIncomeRatio": -0.0381073213, "eps": -1.02, "epsdiluted": -1.02, "weightedAverageShsOut": 49820185, "weightedAverageShsOutDil": 49820185, "link": "https://www.sec.gov/Archives/edgar/data/1099590/000156276221000079/0001562762-21-000079-index.htm", "finalLink": "https://www.sec.gov/Archives/edgar/data/1099590/000156276221000079/meli-20201231x10k.htm"}, {"date": "2020-09-30", "symbol": "MELI", "reportedCurrency": "USD", "cik": "0001099590", "fillingDate": "2020-11-05", "acceptedDate": "2020-11-05 16:01:39", "calendarYear": "2020", "period": "Q3", "revenue": 1115701000, "costOfRevenue": 635511000, "grossProfit": 480190000, "grossProfitRatio": 0.4303930892, "researchAndDevelopmentExpenses": 88796000, "generalAndAdministrativeExpenses": 0, "sellingAndMarketingExpenses": 0, "sellingGeneralAndAdministrativeExpenses": 308320000, "otherExpenses": 0, "operatingExpenses": 397116000, "costAndExpenses": 1032627000, "interestIncome": 24553000, "interestExpense": 24522000, "depreciationAndAmortization": 28234000, "ebitda": 105426000, "ebitdaratio": 0.0944930586, "operatingIncome": 83074000, "operatingIncomeRatio": 0.0744590172, "totalOtherIncomeExpensesNet": -30404000, "incomeBeforeTax": 52670000, "incomeBeforeTaxRatio": 0.0472079885, "incomeTaxExpense": 37635000, "netIncome": 15035000, "netIncomeRatio": 0.0134758327, "eps": 0.3, "epsdiluted": 0.3, "weightedAverageShsOut": 49720852, "weightedAverageShsOutDil": 49720852, "link": "https://www.sec.gov/Archives/edgar/data/1099590/000156276220000390/0001562762-20-000390-index.htm", "finalLink": "https://www.sec.gov/Archives/edgar/data/1099590/000156276220000390/meli-20200930x10q.htm"}, {"date": "2020-06-30", "symbol": "MELI", "reportedCurrency": "USD", "cik": "0001099590", "fillingDate": "2020-08-10", "acceptedDate": "2020-08-10 08:27:28", "calendarYear": "2020", "period": "Q2", "revenue": 878369000, "costOfRevenue": 451197000, "grossProfit": 427172000, "grossProfitRatio": 0.4863240848, "researchAndDevelopmentExpenses": 73254000, "generalAndAdministrativeExpenses": 0, "sellingAndMarketingExpenses": 0, "sellingGeneralAndAdministrativeExpenses": 254480000, "otherExpenses": 0, "operatingExpenses": 327734000, "costAndExpenses": 778931000, "interestIncome": 18782000, "interestExpense": 26977000, "depreciationAndAmortization": 22652000, "ebitda": 138969000, "ebitdaratio": 0.1582125508, "operatingIncome": 99438000, "operatingIncomeRatio": 0.1132075472, "totalOtherIncomeExpensesNet": -10098000, "incomeBeforeTax": 89340000, "incomeBeforeTaxRatio": 0.1017112398, "incomeTaxExpense": 33393000, "netIncome": 55947000, "netIncomeRatio": 0.0636941878, "eps": 1.13, "epsdiluted": 1.13, "weightedAverageShsOut": 49709973, "weightedAverageShsOutDil": 49709973, "link": "https://www.sec.gov/Archives/edgar/data/1099590/000156276220000324/0001562762-20-000324-index.htm", "finalLink": "https://www.sec.gov/Archives/edgar/data/1099590/000156276220000324/meli-20200630x10q.htm"}, {"date": "2020-03-31", "symbol": "MELI", "reportedCurrency": "USD", "cik": "0001099590", "fillingDate": "2020-05-06", "acceptedDate": "2020-05-06 16:04:16", "calendarYear": "2020", "period": "Q1", "revenue": 652091000, "costOfRevenue": 339277000, "grossProfit": 312814000, "grossProfitRatio": 0.4797091204, "researchAndDevelopmentExpenses": 73435000, "generalAndAdministrativeExpenses": 0, "sellingAndMarketingExpenses": 0, "sellingGeneralAndAdministrativeExpenses": 269073000, "otherExpenses": 0, "operatingExpenses": 342508000, "costAndExpenses": 681785000, "interestIncome": 36784000, "interestExpense": 23584000, "depreciationAndAmortization": 21550000, "ebitda": 28454000, "ebitdaratio": 0.0436350141, "operatingIncome": -29694000, "operatingIncomeRatio": -0.0455365892, "totalOtherIncomeExpensesNet": 13014000, "incomeBeforeTax": -16680000, "incomeBeforeTaxRatio": -0.025579252, "incomeTaxExpense": 4429000, "netIncome": -21109000, "netIncomeRatio": -0.0323712488, "eps": -0.42, "epsdiluted": -0.42, "weightedAverageShsOut": 49709953, "weightedAverageShsOutDil": 49709953, "link": "https://www.sec.gov/Archives/edgar/data/1099590/000156276220000170/0001562762-20-000170-index.htm", "finalLink": "https://www.sec.gov/Archives/edgar/data/1099590/000156276220000170/meli-20200331x10q.htm"}, {"date": "2019-12-31", "symbol": "MELI", "reportedCurrency": "USD", "cik": "0001099590", "fillingDate": "2020-02-14", "acceptedDate": "2020-02-14 17:14:03", "calendarYear": "2019", "period": "Q4", "revenue": 674271000, "costOfRevenue": 365924000, "grossProfit": 308347000, "grossProfitRatio": 0.457304259, "researchAndDevelopmentExpenses": 58020000, "generalAndAdministrativeExpenses": 0, "sellingAndMarketingExpenses": 0, "sellingGeneralAndAdministrativeExpenses": 319214000, "otherExpenses": 0, "operatingExpenses": 377234000, "costAndExpenses": 743158000, "interestIncome": 26933000, "interestExpense": 21187000, "depreciationAndAmortization": 20800000, "ebitda": -20987000, "ebitdaratio": -0.0311254674, "operatingIncome": -68887000, "operatingIncomeRatio": -0.1021651532, "totalOtherIncomeExpensesNet": 5913000, "incomeBeforeTax": -62974000, "incomeBeforeTaxRatio": -0.0933956822, "incomeTaxExpense": -8976000, "netIncome": -53998000, "netIncomeRatio": -0.0800835272, "eps": -1.09, "epsdiluted": -1.09, "weightedAverageShsOut": 49709953, "weightedAverageShsOutDil": 49709953, "link": "https://www.sec.gov/Archives/edgar/data/1099590/000156276220000055/0001562762-20-000055-index.htm", "finalLink": "https://www.sec.gov/Archives/edgar/data/1099590/000156276220000055/meli-20191231x10k.htm"}, {"date": "2019-09-30", "symbol": "MELI", "reportedCurrency": "USD", "cik": "0001099590", "fillingDate": "2019-11-01", "acceptedDate": "2019-11-01 16:26:31", "calendarYear": "2019", "period": "Q3", "revenue": 603031000, "costOfRevenue": 318689000, "grossProfit": 284342000, "grossProfitRatio": 0.4715213646, "researchAndDevelopmentExpenses": 59495000, "generalAndAdministrativeExpenses": 0, "sellingAndMarketingExpenses": 0, "sellingGeneralAndAdministrativeExpenses": 306772000, "otherExpenses": 0, "operatingExpenses": 366267000, "costAndExpenses": 684956000, "interestIncome": 28462000, "interestExpense": 14451000, "depreciationAndAmortization": 19543000, "ebitda": -32933000, "ebitdaratio": -0.0546124494, "operatingIncome": -81925000, "operatingIncomeRatio": -0.1358553706, "totalOtherIncomeExpensesNet": 14998000, "incomeBeforeTax": -66927000, "incomeBeforeTaxRatio": -0.1109843441, "incomeTaxExpense": 79155000, "netIncome": -146082000, "netIncomeRatio": -0.2422462527, "eps": -2.94, "epsdiluted": -2.94, "weightedAverageShsOut": 49689881, "weightedAverageShsOutDil": 49710721, "link": "https://www.sec.gov/Archives/edgar/data/1099590/000156276219000273/0001562762-19-000273-index.htm", "finalLink": "https://www.sec.gov/Archives/edgar/data/1099590/000156276219000273/meli-20190930x10q.htm"}, {"date": "2019-06-30", "symbol": "MELI", "reportedCurrency": "USD", "cik": "0001099590", "fillingDate": "2019-08-08", "acceptedDate": "2019-08-08 16:44:18", "calendarYear": "2019", "period": "Q2", "revenue": 545242000, "costOfRevenue": 272812000, "grossProfit": 272430000, "grossProfitRatio": 0.4996496968, "researchAndDevelopmentExpenses": 53923000, "generalAndAdministrativeExpenses": 0, "sellingAndMarketingExpenses": 0, "sellingGeneralAndAdministrativeExpenses": 230995000, "otherExpenses": 0, "operatingExpenses": 284918000, "costAndExpenses": 557730000, "interestIncome": 33684000, "interestExpense": 14679000, "depreciationAndAmortization": 17281000, "ebitda": 39260000, "ebitdaratio": 0.0720047245, "operatingIncome": -12488000, "operatingIncomeRatio": -0.0229035914, "totalOtherIncomeExpensesNet": 19788000, "incomeBeforeTax": 7300000, "incomeBeforeTaxRatio": 0.0133885504, "incomeTaxExpense": -8917000, "netIncome": 15217000, "netIncomeRatio": 0.0279087084, "eps": 0.33, "epsdiluted": 0.33, "weightedAverageShsOut": 49318520, "weightedAverageShsOutDil": 49318520, "link": "https://www.sec.gov/Archives/edgar/data/1099590/000156276219000186/0001562762-19-000186-index.htm", "finalLink": "https://www.sec.gov/Archives/edgar/data/1099590/000156276219000186/meli-20190630x10q.htm"}, {"date": "2019-03-31", "symbol": "MELI", "reportedCurrency": "USD", "cik": "0001099590", "fillingDate": "2019-05-03", "acceptedDate": "2019-05-03 16:03:52", "calendarYear": "2019", "period": "Q1", "revenue": 473770000, "costOfRevenue": 236766000, "grossProfit": 237004000, "grossProfitRatio": 0.5002511767, "researchAndDevelopmentExpenses": 52369000, "generalAndAdministrativeExpenses": 0, "sellingAndMarketingExpenses": 0, "sellingGeneralAndAdministrativeExpenses": 174496000, "otherExpenses": 0, "operatingExpenses": 226865000, "costAndExpenses": 463631000, "interestIncome": 21099000, "interestExpense": 15559000, "depreciationAndAmortization": 15694000, "ebitda": 46608000, "ebitdaratio": 0.0983768495, "operatingIncome": 10139000, "operatingIncomeRatio": 0.0214006797, "totalOtherIncomeExpensesNet": 5216000, "incomeBeforeTax": 15355000, "incomeBeforeTaxRatio": 0.0324102413, "incomeTaxExpense": 3491000, "netIncome": 11864000, "netIncomeRatio": 0.0250416869, "eps": 0.26, "epsdiluted": 0.26, "weightedAverageShsOut": 45980253, "weightedAverageShsOutDil": 45980253, "link": "https://www.sec.gov/Archives/edgar/data/1099590/000156276219000123/0001562762-19-000123-index.htm", "finalLink": "https://www.sec.gov/Archives/edgar/data/1099590/000156276219000123/meli-20190331x10q.htm"}, {"date": "2018-12-31", "symbol": "MELI", "reportedCurrency": "USD", "cik": "0001099590", "fillingDate": "2019-02-28", "acceptedDate": "2019-02-28 09:18:56", "calendarYear": "2018", "period": "Q4", "revenue": 428019000, "costOfRevenue": 223235000, "grossProfit": 204784000, "grossProfitRatio": 0.4784460503, "researchAndDevelopmentExpenses": 38963000, "generalAndAdministrativeExpenses": 0, "sellingAndMarketingExpenses": 0, "sellingGeneralAndAdministrativeExpenses": 166640000, "otherExpenses": 0, "operatingExpenses": 205603000, "costAndExpenses": 428838000, "interestIncome": 14292000, "interestExpense": 16443000, "depreciationAndAmortization": 11900000, "ebitda": 21511000, "ebitdaratio": 0.0502571148, "operatingIncome": -819000, "operatingIncomeRatio": -0.0019134665, "totalOtherIncomeExpensesNet": -6013000, "incomeBeforeTax": -6832000, "incomeBeforeTaxRatio": -0.0159619082, "incomeTaxExpense": -4496000, "netIncome": -2336000, "netIncomeRatio": -0.0054577016, "eps": -0.0531, "epsdiluted": -0.0517, "weightedAverageShsOut": 43975903, "weightedAverageShsOutDil": 45202857, "link": "https://www.sec.gov/Archives/edgar/data/1099590/000156276219000047/0001562762-19-000047-index.htm", "finalLink": "https://www.sec.gov/Archives/edgar/data/1099590/000156276219000047/meli-20181231x10k.htm"}, {"date": "2018-09-30", "symbol": "MELI", "reportedCurrency": "USD", "cik": "0001099590", "fillingDate": "2018-11-02", "acceptedDate": "2018-11-02 17:08:18", "calendarYear": "2018", "period": "Q3", "revenue": 355281000, "costOfRevenue": 185563000, "grossProfit": 169718000, "grossProfitRatio": 0.4777007495, "researchAndDevelopmentExpenses": 35478000, "generalAndAdministrativeExpenses": 0, "sellingAndMarketingExpenses": 0, "sellingGeneralAndAdministrativeExpenses": 145243000, "otherExpenses": 0, "operatingExpenses": 180721000, "costAndExpenses": 366284000, "interestIncome": 8636000, "interestExpense": 15869000, "depreciationAndAmortization": 11295000, "ebitda": 12852000, "ebitdaratio": 0.0361741833, "operatingIncome": -11003000, "operatingIncomeRatio": -0.030969852, "totalOtherIncomeExpensesNet": -3309000, "incomeBeforeTax": -14312000, "incomeBeforeTaxRatio": -0.0402836065, "incomeTaxExpense": -4234000, "netIncome": -10078000, "netIncomeRatio": -0.0283662791, "eps": -0.23, "epsdiluted": -0.23, "weightedAverageShsOut": 43817391, "weightedAverageShsOutDil": 44588702, "link": "https://www.sec.gov/Archives/edgar/data/1099590/000156276218000323/0001562762-18-000323-index.htm", "finalLink": "https://www.sec.gov/Archives/edgar/data/1099590/000156276218000323/meli-20180930x10q.htm"}, {"date": "2018-06-30", "symbol": "MELI", "reportedCurrency": "USD", "cik": "0001099590", "fillingDate": "2018-08-09", "acceptedDate": "2018-08-09 09:54:16", "calendarYear": "2018", "period": "Q2", "revenue": 335377000, "costOfRevenue": 175628000, "grossProfit": 159749000, "grossProfitRatio": 0.4763266414, "researchAndDevelopmentExpenses": 33437000, "generalAndAdministrativeExpenses": 0, "sellingAndMarketingExpenses": 0, "sellingGeneralAndAdministrativeExpenses": 154553000, "otherExpenses": 0, "operatingExpenses": 187990000, "costAndExpenses": 363618000, "interestIncome": 9915000, "interestExpense": 13202000, "depreciationAndAmortization": 11482000, "ebitda": 5732999, "ebitdaratio": 0.0170941925, "operatingIncome": -28241000, "operatingIncomeRatio": -0.0842067285, "totalOtherIncomeExpensesNet": 9290000, "incomeBeforeTax": -18951000, "incomeBeforeTaxRatio": -0.0565065583, "incomeTaxExpense": -7700000, "netIncome": -11251000, "netIncomeRatio": -0.0335473214, "eps": -0.25, "epsdiluted": -0.25, "weightedAverageShsOut": 44157362, "weightedAverageShsOutDil": 44157362, "link": "https://www.sec.gov/Archives/edgar/data/1099590/000156276218000229/0001562762-18-000229-index.htm", "finalLink": "https://www.sec.gov/Archives/edgar/data/1099590/000156276218000229/meli-20180630x10q.htm"}, {"date": "2018-03-31", "symbol": "MELI", "reportedCurrency": "USD", "cik": "0001099590", "fillingDate": "2018-05-10", "acceptedDate": "2018-05-10 09:16:25", "calendarYear": "2018", "period": "Q1", "revenue": 320976000, "costOfRevenue": 158218000, "grossProfit": 162758000, "grossProfitRatio": 0.5070721799, "researchAndDevelopmentExpenses": 38396000, "generalAndAdministrativeExpenses": 0, "sellingAndMarketingExpenses": 0, "sellingGeneralAndAdministrativeExpenses": 153781000, "otherExpenses": 0, "operatingExpenses": 192177000, "costAndExpenses": 350395000, "interestIncome": 9195000, "interestExpense": 10734000, "depreciationAndAmortization": 11084000, "ebitda": -3539000, "ebitdaratio": -0.0110257465, "operatingIncome": -29419000, "operatingIncomeRatio": -0.0916548278, "totalOtherIncomeExpensesNet": 4062000, "incomeBeforeTax": -25357000, "incomeBeforeTaxRatio": -0.078999676, "incomeTaxExpense": -12438000, "netIncome": -12919000, "netIncomeRatio": -0.0402491152, "eps": -0.29, "epsdiluted": -0.29, "weightedAverageShsOut": 44157362, "weightedAverageShsOutDil": 44157362, "link": "https://www.sec.gov/Archives/edgar/data/1099590/000156276218000158/0001562762-18-000158-index.htm", "finalLink": "https://www.sec.gov/Archives/edgar/data/1099590/000156276218000158/meli-20180331x10q.htm"}, {"date": "2017-12-31", "symbol": "MELI", "reportedCurrency": "USD", "cik": "0001099590", "fillingDate": "2018-02-23", "acceptedDate": "2018-02-23 16:15:54", "calendarYear": "2017", "period": "Q4", "revenue": 436978000, "costOfRevenue": 233616000, "grossProfit": 203362000, "grossProfitRatio": 0.4653826966, "researchAndDevelopmentExpenses": 34161000, "generalAndAdministrativeExpenses": 0, "sellingAndMarketingExpenses": 0, "sellingGeneralAndAdministrativeExpenses": 148053000, "otherExpenses": 0, "operatingExpenses": 182214000, "costAndExpenses": 415830000, "interestIncome": 8881000, "interestExpense": 6783000, "depreciationAndAmortization": 10968000, "ebitda": -46921000, "ebitdaratio": -0.107376115, "operatingIncome": 21148000, "operatingIncomeRatio": 0.0483960291, "totalOtherIncomeExpensesNet": -85820000, "incomeBeforeTax": -64672000, "incomeBeforeTaxRatio": -0.1479982974, "incomeTaxExpense": 3048000, "netIncome": -67720000, "netIncomeRatio": -0.1549734769, "eps": -1.54, "epsdiluted": -1.53, "weightedAverageShsOut": 43974054, "weightedAverageShsOutDil": 44157362, "link": "https://www.sec.gov/Archives/edgar/data/1099590/000156276218000040/0001562762-18-000040-index.htm", "finalLink": "https://www.sec.gov/Archives/edgar/data/1099590/000156276218000040/meli-20171231x10k.htm"}, {"date": "2017-09-30", "symbol": "MELI", "reportedCurrency": "USD", "cik": "0001099590", "fillingDate": "2017-11-03", "acceptedDate": "2017-11-03 16:10:02", "calendarYear": "2017", "period": "Q3", "revenue": 370661000, "costOfRevenue": 194834000, "grossProfit": 175827000, "grossProfitRatio": 0.4743606692, "researchAndDevelopmentExpenses": 32380000, "generalAndAdministrativeExpenses": 0, "sellingAndMarketingExpenses": 0, "sellingGeneralAndAdministrativeExpenses": 115905000, "otherExpenses": 0, "operatingExpenses": 148285000, "costAndExpenses": 343119000, "interestIncome": 14200000, "interestExpense": 6709000, "depreciationAndAmortization": 10870000, "ebitda": 54234000, "ebitdaratio": 0.1463169851, "operatingIncome": 27542000, "operatingIncomeRatio": 0.0743050928, "totalOtherIncomeExpensesNet": 9113000, "incomeBeforeTax": 36655000, "incomeBeforeTaxRatio": 0.0988909003, "incomeTaxExpense": 8989000, "netIncome": 27666000, "netIncomeRatio": 0.0746396303, "eps": 0.63, "epsdiluted": 0.63, "weightedAverageShsOut": 44157362, "weightedAverageShsOutDil": 44157362, "link": "https://www.sec.gov/Archives/edgar/data/1099590/000156276217000173/0001562762-17-000173-index.htm", "finalLink": "https://www.sec.gov/Archives/edgar/data/1099590/000156276217000173/meli-20170930x10q.htm"}, {"date": "2017-06-30", "symbol": "MELI", "reportedCurrency": "USD", "cik": "0001099590", "fillingDate": "2017-08-04", "acceptedDate": "2017-08-04 16:08:19", "calendarYear": "2017", "period": "Q2", "revenue": 283882000, "costOfRevenue": 112328000, "grossProfit": 171554000, "grossProfitRatio": 0.6043144687, "researchAndDevelopmentExpenses": 30338000, "generalAndAdministrativeExpenses": 0, "sellingAndMarketingExpenses": 0, "sellingGeneralAndAdministrativeExpenses": 108354000, "otherExpenses": 0, "operatingExpenses": 138692000, "costAndExpenses": 251020000, "interestIncome": 10663000, "interestExpense": 6506000, "depreciationAndAmortization": 10080000, "ebitda": 29008000, "ebitdaratio": 0.1021833015, "operatingIncome": 32862000, "operatingIncomeRatio": 0.1157593648, "totalOtherIncomeExpensesNet": -20440000, "incomeBeforeTax": 12422000, "incomeBeforeTaxRatio": 0.0437576176, "incomeTaxExpense": 7106000, "netIncome": 5316000, "netIncomeRatio": 0.0187260904, "eps": 0.12, "epsdiluted": 0.12, "weightedAverageShsOut": 44157362, "weightedAverageShsOutDil": 44157362, "link": "https://www.sec.gov/Archives/edgar/data/1099590/000156276217000120/0001562762-17-000120-index.htm", "finalLink": "https://www.sec.gov/Archives/edgar/data/1099590/000156276217000120/meli-20170630x10q.htm"}, {"date": "2017-03-31", "symbol": "MELI", "reportedCurrency": "USD", "cik": "0001099590", "fillingDate": "2017-05-05", "acceptedDate": "2017-05-05 16:19:07", "calendarYear": "2017", "period": "Q1", "revenue": 273926000, "costOfRevenue": 105070000, "grossProfit": 168856000, "grossProfitRatio": 0.6164292546, "researchAndDevelopmentExpenses": 30302000, "generalAndAdministrativeExpenses": 0, "sellingAndMarketingExpenses": 0, "sellingGeneralAndAdministrativeExpenses": 75240000, "otherExpenses": 0, "operatingExpenses": 105542000, "costAndExpenses": 210612000, "interestIncome": 12157000, "interestExpense": 5884000, "depreciationAndAmortization": 9003000, "ebitda": 84550000, "ebitdaratio": 0.3086600031, "operatingIncome": 63314000, "operatingIncomeRatio": 0.2311354161, "totalOtherIncomeExpensesNet": 6349000, "incomeBeforeTax": 69663000, "incomeBeforeTaxRatio": 0.2543132087, "incomeTaxExpense": 21145000, "netIncome": 48518000, "netIncomeRatio": 0.1771208283, "eps": 1.1, "epsdiluted": 1.1, "weightedAverageShsOut": 44157362, "weightedAverageShsOutDil": 44157362, "link": "https://www.sec.gov/Archives/edgar/data/1099590/000156276217000054/0001562762-17-000054-index.htm", "finalLink": "https://www.sec.gov/Archives/edgar/data/1099590/000156276217000054/meli-20170331x10q.htm"}, {"date": "2016-12-31", "symbol": "MELI", "reportedCurrency": "USD", "cik": "0001099590", "fillingDate": "2017-02-24", "acceptedDate": "2017-02-24 16:31:03", "calendarYear": "2016", "period": "Q4", "revenue": 256274999, "costOfRevenue": 93546000, "grossProfit": 162729000, "grossProfitRatio": 0.6349780534, "researchAndDevelopmentExpenses": 26256000, "generalAndAdministrativeExpenses": 0, "sellingAndMarketingExpenses": 0, "sellingGeneralAndAdministrativeExpenses": 71804000, "otherExpenses": 0, "operatingExpenses": 98060000, "costAndExpenses": 191606000, "interestIncome": 10250000, "interestExpense": 6799000, "depreciationAndAmortization": 8324000, "ebitda": 82742000, "ebitdaratio": 0.3228641121, "operatingIncome": 64669000, "operatingIncomeRatio": 0.2523422115, "totalOtherIncomeExpensesNet": 2950000, "incomeBeforeTax": 67619000, "incomeBeforeTaxRatio": 0.2638532836, "incomeTaxExpense": 16272000, "netIncome": 51349000, "netIncomeRatio": 0.2003667943, "eps": 1.16, "epsdiluted": 1.16, "weightedAverageShsOut": 44157353, "weightedAverageShsOutDil": 44157353, "link": "https://www.sec.gov/Archives/edgar/data/1099590/000156276217000024/0001562762-17-000024-index.htm", "finalLink": "https://www.sec.gov/Archives/edgar/data/1099590/000156276217000024/meli-20161231x10k.htm"}, {"date": "2016-09-30", "symbol": "MELI", "reportedCurrency": "USD", "cik": "0001099590", "fillingDate": "2016-11-04", "acceptedDate": "2016-11-04 16:19:14", "calendarYear": "2016", "period": "Q3", "revenue": 230847000, "costOfRevenue": 85199000, "grossProfit": 145648000, "grossProfitRatio": 0.6309287104, "researchAndDevelopmentExpenses": 26066000, "generalAndAdministrativeExpenses": 0, "sellingAndMarketingExpenses": 0, "sellingGeneralAndAdministrativeExpenses": 65873000, "otherExpenses": 0, "operatingExpenses": 91939000, "costAndExpenses": 177138000, "interestIncome": 9892000, "interestExpense": 6492000, "depreciationAndAmortization": 7520000, "ebitda": 66298000, "ebitdaratio": 0.2871945488, "operatingIncome": 53709000, "operatingIncomeRatio": 0.2326605934, "totalOtherIncomeExpensesNet": -1423000, "incomeBeforeTax": 52286000, "incomeBeforeTaxRatio": 0.2264963374, "incomeTaxExpense": 13374000, "netIncome": 38912000, "netIncomeRatio": 0.1685618613, "eps": 0.88, "epsdiluted": 0.88, "weightedAverageShsOut": 44157339, "weightedAverageShsOutDil": 44157339, "link": "https://www.sec.gov/Archives/edgar/data/1099590/000156276216000445/0001562762-16-000445-index.htm", "finalLink": "https://www.sec.gov/Archives/edgar/data/1099590/000156276216000445/meli-20160930x10q.htm"}, {"date": "2016-06-30", "symbol": "MELI", "reportedCurrency": "USD", "cik": "0001099590", "fillingDate": "2016-08-05", "acceptedDate": "2016-08-05 16:35:06", "calendarYear": "2016", "period": "Q2", "revenue": 199644000, "costOfRevenue": 73346000, "grossProfit": 126298000, "grossProfitRatio": 0.6326160566, "researchAndDevelopmentExpenses": 24216000, "generalAndAdministrativeExpenses": 20841000, "sellingAndMarketingExpenses": 35337000, "sellingGeneralAndAdministrativeExpenses": 56178000, "otherExpenses": 0, "operatingExpenses": 80394000, "costAndExpenses": 153740000, "interestIncome": 8049000, "interestExpense": 6631000, "depreciationAndAmortization": 6926000, "ebitda": 52830000, "ebitdaratio": 0.2646210254, "operatingIncome": 32187000, "operatingIncomeRatio": 0.1612219751, "totalOtherIncomeExpensesNet": -3969000, "incomeBeforeTax": 28218000, "incomeBeforeTaxRatio": 0.141341588, "incomeTaxExpense": 12360000, "netIncome": 15858000, "netIncomeRatio": 0.0794313879, "eps": 0.36, "epsdiluted": 0.36, "weightedAverageShsOut": 44157339, "weightedAverageShsOutDil": 44157339, "link": "https://www.sec.gov/Archives/edgar/data/1099590/000156276216000414/0001562762-16-000414-index.htm", "finalLink": "https://www.sec.gov/Archives/edgar/data/1099590/000156276216000414/meli-20160630x10q.htm"}, {"date": "2016-03-31", "symbol": "MELI", "reportedCurrency": "USD", "cik": "0001099590", "fillingDate": "2016-05-06", "acceptedDate": "2016-05-06 16:22:07", "calendarYear": "2016", "period": "Q1", "revenue": 157630000, "costOfRevenue": 55448000, "grossProfit": 102182000, "grossProfitRatio": 0.6482395483, "researchAndDevelopmentExpenses": 21941000, "generalAndAdministrativeExpenses": 17069000, "sellingAndMarketingExpenses": 32683000, "sellingGeneralAndAdministrativeExpenses": 49752000, "otherExpenses": 0, "operatingExpenses": 71693000, "costAndExpenses": 127141000, "interestIncome": 7251000, "interestExpense": 5684000, "depreciationAndAmortization": 6252000, "ebitda": 36741000, "ebitdaratio": 0.2330838038, "operatingIncome": 30489000, "operatingIncomeRatio": 0.1934213031, "totalOtherIncomeExpensesNet": 6714000, "incomeBeforeTax": 37203000, "incomeBeforeTaxRatio": 0.236014718, "incomeTaxExpense": 6956000, "netIncome": 30247000, "netIncomeRatio": 0.1918860623, "eps": 0.68, "epsdiluted": 0.68, "weightedAverageShsOut": 44156959, "weightedAverageShsOutDil": 44156959, "link": "https://www.sec.gov/Archives/edgar/data/1099590/000156276216000383/0001562762-16-000383-index.htm", "finalLink": "https://www.sec.gov/Archives/edgar/data/1099590/000156276216000383/meli-20160331x10q.htm"}, {"date": "2015-12-31", "symbol": "MELI", "reportedCurrency": "USD", "cik": "0001099590", "fillingDate": "2016-02-26", "acceptedDate": "2016-02-26 17:44:12", "calendarYear": "2015", "period": "Q4", "revenue": 180732000, "costOfRevenue": 63162000, "grossProfit": 117570000, "grossProfitRatio": 0.6505212137, "researchAndDevelopmentExpenses": 22497000, "generalAndAdministrativeExpenses": 19215000, "sellingAndMarketingExpenses": 42167000, "sellingGeneralAndAdministrativeExpenses": 61382000, "otherExpenses": 0, "operatingExpenses": 83879000, "costAndExpenses": 147041000, "interestIncome": 5792000, "interestExpense": 4229000, "depreciationAndAmortization": 6253000, "ebitda": 39945000, "ebitdaratio": 0.2210178607, "operatingIncome": 33691000, "operatingIncomeRatio": 0.1864141381, "totalOtherIncomeExpensesNet": 19337000, "incomeBeforeTax": 53026000, "incomeBeforeTaxRatio": 0.2933957462, "incomeTaxExpense": 14062000, "netIncome": 38965000, "netIncomeRatio": 0.2155954673, "eps": 0.88, "epsdiluted": 0.88, "weightedAverageShsOut": 44156798, "weightedAverageShsOutDil": 44156798, "link": "https://www.sec.gov/Archives/edgar/data/1099590/000156276216000352/0001562762-16-000352-index.htm", "finalLink": "https://www.sec.gov/Archives/edgar/data/1099590/000156276216000352/meli-20151231x10k.htm"}, {"date": "2015-09-30", "symbol": "MELI", "reportedCurrency": "USD", "cik": "0001099590", "fillingDate": "2015-11-05", "acceptedDate": "2015-11-05 16:56:24", "calendarYear": "2015", "period": "Q3", "revenue": 168641000, "costOfRevenue": 56813000, "grossProfit": 111828000, "grossProfitRatio": 0.6631127662, "researchAndDevelopmentExpenses": 17042000, "generalAndAdministrativeExpenses": 18381000, "sellingAndMarketingExpenses": 31125000, "sellingGeneralAndAdministrativeExpenses": 49506000, "otherExpenses": 0, "operatingExpenses": 66548000, "costAndExpenses": 123361000, "interestIncome": 5777000, "interestExpense": 6011000, "depreciationAndAmortization": 5986000, "ebitda": 51266000, "ebitdaratio": 0.3039948767, "operatingIncome": 45280000, "operatingIncomeRatio": 0.2684993566, "totalOtherIncomeExpensesNet": 2336000, "incomeBeforeTax": 47616000, "incomeBeforeTaxRatio": 0.2823512669, "incomeTaxExpense": 1976000, "netIncome": 45640000, "netIncomeRatio": 0.2706340688, "eps": 1.03, "epsdiluted": 1.03, "weightedAverageShsOut": 44155828, "weightedAverageShsOutDil": 44155828, "link": "https://www.sec.gov/Archives/edgar/data/1099590/000156276215000287/0001562762-15-000287-index.htm", "finalLink": "https://www.sec.gov/Archives/edgar/data/1099590/000156276215000287/meli-20150930x10q.htm"}, {"date": "2015-06-30", "symbol": "MELI", "reportedCurrency": "USD", "cik": "0001099590", "fillingDate": "2015-08-06", "acceptedDate": "2015-08-06 16:59:58", "calendarYear": "2015", "period": "Q2", "revenue": 154314000, "costOfRevenue": 50311000, "grossProfit": 104003000, "grossProfitRatio": 0.6739699574, "researchAndDevelopmentExpenses": 19639000, "generalAndAdministrativeExpenses": 20612000, "sellingAndMarketingExpenses": 29115000, "sellingGeneralAndAdministrativeExpenses": 49727000, "otherExpenses": 0, "operatingExpenses": 69366000, "costAndExpenses": 119677000, "interestIncome": 4683000, "interestExpense": 5201000, "depreciationAndAmortization": 5889000, "ebitda": 40526000, "ebitdaratio": 0.2626203715, "operatingIncome": 34637000, "operatingIncomeRatio": 0.2244579235, "totalOtherIncomeExpensesNet": -1166000, "incomeBeforeTax": 33471000, "incomeBeforeTaxRatio": 0.2169019013, "incomeTaxExpense": 14008000, "netIncome": 19463000, "netIncomeRatio": 0.126125951, "eps": 0.44, "epsdiluted": 0.44, "weightedAverageShsOut": 44155269, "weightedAverageShsOutDil": 44155269, "link": "https://www.sec.gov/Archives/edgar/data/1099590/000156276215000219/0001562762-15-000219-index.htm", "finalLink": "https://www.sec.gov/Archives/edgar/data/1099590/000156276215000219/meli-20150630x10q.htm"}, {"date": "2015-03-31", "symbol": "MELI", "reportedCurrency": "USD", "cik": "0001099590", "fillingDate": "2015-05-07", "acceptedDate": "2015-05-07 17:01:25", "calendarYear": "2015", "period": "Q1", "revenue": 148103000, "costOfRevenue": 44708000, "grossProfit": 103395000, "grossProfitRatio": 0.6981290048, "researchAndDevelopmentExpenses": 17245000, "generalAndAdministrativeExpenses": 18134000, "sellingAndMarketingExpenses": 26202000, "sellingGeneralAndAdministrativeExpenses": 44336000, "otherExpenses": 0, "operatingExpenses": 61581000, "costAndExpenses": 106289000, "interestIncome": 4308000, "interestExpense": 4950000, "depreciationAndAmortization": 5081000, "ebitda": 46895000, "ebitdaratio": 0.3166377454, "operatingIncome": 25588000, "operatingIncomeRatio": 0.1727716522, "totalOtherIncomeExpensesNet": -9212000, "incomeBeforeTax": 16376000, "incomeBeforeTaxRatio": 0.1105716967, "incomeTaxExpense": 14655000, "netIncome": 1721000, "netIncomeRatio": 0.0116202913, "eps": 0.039, "epsdiluted": 0.039, "weightedAverageShsOut": 44154794, "weightedAverageShsOutDil": 44154794, "link": "https://www.sec.gov/Archives/edgar/data/1099590/000156276215000125/0001562762-15-000125-index.htm", "finalLink": "https://www.sec.gov/Archives/edgar/data/1099590/000156276215000125/meli-20150331x10q.htm"}, {"date": "2014-12-31", "symbol": "MELI", "reportedCurrency": "USD", "cik": "0001099590", "fillingDate": "2015-02-27", "acceptedDate": "2015-02-27 16:11:23", "calendarYear": "2014", "period": "Q4", "revenue": 161369648, "costOfRevenue": 47665120, "grossProfit": 113704528, "grossProfitRatio": 0.7046215283, "researchAndDevelopmentExpenses": 16027166, "generalAndAdministrativeExpenses": 19040984, "sellingAndMarketingExpenses": 33400004, "sellingGeneralAndAdministrativeExpenses": 52440988, "otherExpenses": 0, "operatingExpenses": 68468154, "costAndExpenses": 116133274, "interestIncome": 4366406, "interestExpense": 4940897, "depreciationAndAmortization": 4600737, "ebitda": 59503000, "ebitdaratio": 0.3687372485, "operatingIncome": 45236374, "operatingIncomeRatio": 0.2803276487, "totalOtherIncomeExpensesNet": 4724993, "incomeBeforeTax": 49961365, "incomeBeforeTaxRatio": 0.3096081922, "incomeTaxExpense": 15800037, "netIncome": 34145118, "netIncomeRatio": 0.2115956651, "eps": 0.77, "epsdiluted": 0.77, "weightedAverageShsOut": 44154410, "weightedAverageShsOutDil": 44154410, "link": "https://www.sec.gov/Archives/edgar/data/1099590/000119312515069727/0001193125-15-069727-index.htm", "finalLink": "https://www.sec.gov/Archives/edgar/data/1099590/000119312515069727/d861783d10k.htm"}, {"date": "2014-09-30", "symbol": "MELI", "reportedCurrency": "USD", "cik": "0001099590", "fillingDate": "2014-11-03", "acceptedDate": "2014-11-03 17:31:29", "calendarYear": "2014", "period": "Q3", "revenue": 147934895, "costOfRevenue": 43401677, "grossProfit": 104533218, "grossProfitRatio": 0.7066163666, "researchAndDevelopmentExpenses": 13574467, "generalAndAdministrativeExpenses": 14406413, "sellingAndMarketingExpenses": 29406149, "sellingGeneralAndAdministrativeExpenses": 43812562, "otherExpenses": 0, "operatingExpenses": 57387029, "costAndExpenses": 100788706, "interestIncome": 4360901, "interestExpense": 4913125, "depreciationAndAmortization": 4762890, "ebitda": 51910000, "ebitdaratio": 0.3508976026, "operatingIncome": 47146189, "operatingIncomeRatio": 0.3186955248, "totalOtherIncomeExpensesNet": 4667811, "incomeBeforeTax": 51814045, "incomeBeforeTaxRatio": 0.3502489727, "incomeTaxExpense": 18062078, "netIncome": 33766000, "netIncomeRatio": 0.2282490551, "eps": 0.76, "epsdiluted": 0.76, "weightedAverageShsOut": 44153890, "weightedAverageShsOutDil": 44153890, "link": "https://www.sec.gov/Archives/edgar/data/1099590/000119312514394339/0001193125-14-394339-index.htm", "finalLink": "https://www.sec.gov/Archives/edgar/data/1099590/000119312514394339/d810153d10q.htm"}, {"date": "2014-06-30", "symbol": "MELI", "reportedCurrency": "USD", "cik": "0001099590", "fillingDate": "2014-08-11", "acceptedDate": "2014-08-08 19:13:02", "calendarYear": "2014", "period": "Q2", "revenue": 131849139, "costOfRevenue": 36371539, "grossProfit": 95477600, "grossProfitRatio": 0.7241427644, "researchAndDevelopmentExpenses": 11740808, "generalAndAdministrativeExpenses": 13684701, "sellingAndMarketingExpenses": 26469194, "sellingGeneralAndAdministrativeExpenses": 40153895, "otherExpenses": 0, "operatingExpenses": 51894703, "costAndExpenses": 88266242, "interestIncome": 3572917, "interestExpense": 778155, "depreciationAndAmortization": 4064170, "ebitda": 47647000, "ebitdaratio": 0.3613751319, "operatingIncome": -5912789, "operatingIncomeRatio": -0.0448451089, "totalOtherIncomeExpensesNet": -13170000, "incomeBeforeTax": -19082599, "incomeBeforeTaxRatio": -0.1447305545, "incomeTaxExpense": 6505879, "netIncome": -25594030, "netIncomeRatio": -0.1941160192, "eps": -0.58, "epsdiluted": -0.58, "weightedAverageShsOut": 44153890, "weightedAverageShsOutDil": 44182666, "link": "https://www.sec.gov/Archives/edgar/data/1099590/000119312514303451/0001193125-14-303451-index.htm", "finalLink": "https://www.sec.gov/Archives/edgar/data/1099590/000119312514303451/d753656d10q.htm"}, {"date": "2014-03-31", "symbol": "MELI", "reportedCurrency": "USD", "cik": "0001099590", "fillingDate": "2014-05-09", "acceptedDate": "2014-05-09 17:31:05", "calendarYear": "2014", "period": "Q1", "revenue": 115382319, "costOfRevenue": 31539665, "grossProfit": 83842654, "grossProfitRatio": 0.7266507965, "researchAndDevelopmentExpenses": 12257198, "generalAndAdministrativeExpenses": 15232411, "sellingAndMarketingExpenses": 22351958, "sellingGeneralAndAdministrativeExpenses": 37584369, "otherExpenses": 0, "operatingExpenses": 49841567, "costAndExpenses": 81381232, "interestIncome": 3035630, "interestExpense": 1027180, "depreciationAndAmortization": 3519100, "ebitda": 37520000, "ebitdaratio": 0.3251798051, "operatingIncome": 34001087, "operatingIncomeRatio": 0.2946819521, "totalOtherIncomeExpensesNet": 5101913, "incomeBeforeTax": 39103008, "incomeBeforeTaxRatio": 0.3388994808, "incomeTaxExpense": 8775055, "netIncome": 30264000, "netIncomeRatio": 0.2622932202, "eps": 0.69, "epsdiluted": 0.69, "weightedAverageShsOut": 44153816, "weightedAverageShsOutDil": 44153816, "link": "https://www.sec.gov/Archives/edgar/data/1099590/000119312514192809/0001193125-14-192809-index.htm", "finalLink": "https://www.sec.gov/Archives/edgar/data/1099590/000119312514192809/d709187d10q.htm"}, {"date": "2013-12-31", "symbol": "MELI", "reportedCurrency": "USD", "cik": "0001099590", "fillingDate": "2014-03-03", "acceptedDate": "2014-02-28 19:20:13", "calendarYear": "2013", "period": "Q4", "revenue": 134630171, "costOfRevenue": 36205508, "grossProfit": 98424663, "grossProfitRatio": 0.731074337, "researchAndDevelopmentExpenses": 9670938, "generalAndAdministrativeExpenses": 13487284, "sellingAndMarketingExpenses": 23147365, "sellingGeneralAndAdministrativeExpenses": 36634649, "otherExpenses": 43806, "operatingExpenses": 46305587, "costAndExpenses": 82511095, "interestIncome": 2295481, "interestExpense": 976413, "depreciationAndAmortization": 3285174, "ebitda": 55404250, "ebitdaratio": 0.4115292255, "operatingIncome": 52119076, "operatingIncomeRatio": 0.3871277561, "totalOtherIncomeExpensesNet": 3694605, "incomeBeforeTax": 55813679, "incomeBeforeTaxRatio": 0.414570364, "incomeTaxExpense": 14977714, "netIncome": 40763929, "netIncomeRatio": 0.3027844999, "eps": 0.92, "epsdiluted": 0.92, "weightedAverageShsOut": 44153183, "weightedAverageShsOutDil": 44153183, "link": "https://www.sec.gov/Archives/edgar/data/1099590/000119312514078151/0001193125-14-078151-index.htm", "finalLink": "https://www.sec.gov/Archives/edgar/data/1099590/000119312514078151/d639270d10k.htm"}, {"date": "2013-09-30", "symbol": "MELI", "reportedCurrency": "USD", "cik": "0001099590", "fillingDate": "2013-11-08", "acceptedDate": "2013-11-07 17:57:23", "calendarYear": "2013", "period": "Q3", "revenue": 123055431, "costOfRevenue": 34144989, "grossProfit": 88910442, "grossProfitRatio": 0.7225235106, "researchAndDevelopmentExpenses": 12074586, "generalAndAdministrativeExpenses": 15261345, "sellingAndMarketingExpenses": 24175448, "sellingGeneralAndAdministrativeExpenses": 39436793, "otherExpenses": -42217, "operatingExpenses": 51511379, "costAndExpenses": 85656368, "interestIncome": 2776791, "interestExpense": 487496, "depreciationAndAmortization": 3137368, "ebitda": 40536431, "ebitdaratio": 0.3294160255, "operatingIncome": 37399063, "operatingIncomeRatio": 0.3039204584, "totalOtherIncomeExpensesNet": 3822670, "incomeBeforeTax": 41221733, "incomeBeforeTaxRatio": 0.3349850768, "incomeTaxExpense": 12075486, "netIncome": 29284174, "netIncomeRatio": 0.2379754698, "eps": 0.66, "epsdiluted": 0.66, "weightedAverageShsOut": 44152931, "weightedAverageShsOutDil": 44152931, "link": "https://www.sec.gov/Archives/edgar/data/1099590/000119312513433300/0001193125-13-433300-index.htm", "finalLink": "https://www.sec.gov/Archives/edgar/data/1099590/000119312513433300/d604164d10q.htm"}, {"date": "2013-06-30", "symbol": "MELI", "reportedCurrency": "USD", "cik": "0001099590", "fillingDate": "2013-08-07", "acceptedDate": "2013-08-06 18:19:16", "calendarYear": "2013", "period": "Q2", "revenue": 112183360, "costOfRevenue": 31077211, "grossProfit": 81106149, "grossProfitRatio": 0.7229784257, "researchAndDevelopmentExpenses": 9760220, "generalAndAdministrativeExpenses": 15073088, "sellingAndMarketingExpenses": 20823546, "sellingGeneralAndAdministrativeExpenses": 35896634, "otherExpenses": 1393, "operatingExpenses": 45656854, "costAndExpenses": 76734065, "interestIncome": 2202314, "interestExpense": 531668, "depreciationAndAmortization": 2834684, "ebitda": 37653002, "ebitdaratio": 0.3356380305, "operatingIncome": 35449295, "operatingIncomeRatio": 0.3159942348, "totalOtherIncomeExpensesNet": 5272905, "incomeBeforeTax": 40722200, "incomeBeforeTaxRatio": 0.3629967938, "incomeTaxExpense": 10701182, "netIncome": 29978641, "netIncomeRatio": 0.2672289455, "eps": 0.68, "epsdiluted": 0.68, "weightedAverageShsOut": 44152931, "weightedAverageShsOutDil": 44152931, "link": "https://www.sec.gov/Archives/edgar/data/1099590/000119312513322069/0001193125-13-322069-index.htm", "finalLink": "https://www.sec.gov/Archives/edgar/data/1099590/000119312513322069/d552461d10q.htm"}, {"date": "2013-03-31", "symbol": "MELI", "reportedCurrency": "USD", "cik": "0001099590", "fillingDate": "2013-05-07", "acceptedDate": "2013-05-07 17:14:14", "calendarYear": "2013", "period": "Q1", "revenue": 102725747, "costOfRevenue": 28649167, "grossProfit": 74076580, "grossProfitRatio": 0.7211101614, "researchAndDevelopmentExpenses": 9382389, "generalAndAdministrativeExpenses": 13785070, "sellingAndMarketingExpenses": 22337937, "sellingGeneralAndAdministrativeExpenses": 36123007, "otherExpenses": -3733, "operatingExpenses": 45505396, "costAndExpenses": 74154563, "interestIncome": 3394006, "interestExpense": 360352, "depreciationAndAmortization": 2621339, "ebitda": 34582796, "ebitdaratio": 0.3366516867, "operatingIncome": 28571184, "operatingIncomeRatio": 0.2781307008, "totalOtherIncomeExpensesNet": -3219793, "incomeBeforeTax": 25351391, "incomeBeforeTaxRatio": 0.2467871175, "incomeTaxExpense": 7828800, "netIncome": 17480253, "netIncomeRatio": 0.1701642822, "eps": 0.4, "epsdiluted": 0.4, "weightedAverageShsOut": 44151321, "weightedAverageShsOutDil": 44151355, "link": "https://www.sec.gov/Archives/edgar/data/1099590/000119312513204750/0001193125-13-204750-index.htm", "finalLink": "https://www.sec.gov/Archives/edgar/data/1099590/000119312513204750/d509876d10q.htm"}, {"date": "2012-12-31", "symbol": "MELI", "reportedCurrency": "USD", "cik": "0001099590", "fillingDate": "2013-02-28", "acceptedDate": "2013-02-27 22:00:32", "calendarYear": "2012", "period": "Q4", "revenue": 103754645, "costOfRevenue": 27402861, "grossProfit": 76351784, "grossProfitRatio": 0.7358878631, "researchAndDevelopmentExpenses": 6686830, "generalAndAdministrativeExpenses": 11354005, "sellingAndMarketingExpenses": 19182428, "sellingGeneralAndAdministrativeExpenses": 30536433, "otherExpenses": 31, "operatingExpenses": 37223263, "costAndExpenses": 64626124, "interestIncome": 2880600, "interestExpense": 273902, "depreciationAndAmortization": 2547083, "ebitda": 45045329, "ebitdaratio": 0.4341524083, "operatingIncome": 39128521, "operatingIncomeRatio": 0.3771254868, "totalOtherIncomeExpensesNet": 3095824, "incomeBeforeTax": 42224344, "incomeBeforeTaxRatio": 0.4069634087, "incomeTaxExpense": 11977955, "netIncome": 30190405, "netIncomeRatio": 0.290978828, "eps": 0.68, "epsdiluted": 0.68, "weightedAverageShsOut": 44150918, "weightedAverageShsOutDil": 44152893, "link": "https://www.sec.gov/Archives/edgar/data/1099590/000119312513081326/0001193125-13-081326-index.htm", "finalLink": "https://www.sec.gov/Archives/edgar/data/1099590/000119312513081326/d466750d10k.htm"}, {"date": "2012-09-30", "symbol": "MELI", "reportedCurrency": "USD", "cik": "0001099590", "fillingDate": "2012-11-05", "acceptedDate": "2012-11-05 17:16:20", "calendarYear": "2012", "period": "Q3", "revenue": 97266784, "costOfRevenue": 25693605, "grossProfit": 71573179, "grossProfitRatio": 0.7358439958, "researchAndDevelopmentExpenses": 7983301, "generalAndAdministrativeExpenses": 11288705, "sellingAndMarketingExpenses": 18587486, "sellingGeneralAndAdministrativeExpenses": 29876191, "otherExpenses": -179707, "operatingExpenses": 37859492, "costAndExpenses": 63553097, "interestIncome": 2925913, "interestExpense": 312860, "depreciationAndAmortization": 2354739, "ebitda": 38621103, "ebitdaratio": 0.3970636369, "operatingIncome": 33713687, "operatingIncomeRatio": 0.3466104832, "totalOtherIncomeExpensesNet": 2239817, "incomeBeforeTax": 35953504, "incomeBeforeTaxRatio": 0.3696380462, "incomeTaxExpense": 9885607, "netIncome": 26043093, "netIncomeRatio": 0.267749091, "eps": 0.59, "epsdiluted": 0.59, "weightedAverageShsOut": 44150385, "weightedAverageShsOutDil": 44157319, "link": "https://www.sec.gov/Archives/edgar/data/1099590/000119312512452129/0001193125-12-452129-index.htm", "finalLink": "https://www.sec.gov/Archives/edgar/data/1099590/000119312512452129/d427480d10q.htm"}, {"date": "2012-06-30", "symbol": "MELI", "reportedCurrency": "USD", "cik": "0001099590", "fillingDate": "2012-08-03", "acceptedDate": "2012-08-03 16:42:06", "calendarYear": "2012", "period": "Q2", "revenue": 88844059, "costOfRevenue": 23892881, "grossProfit": 64951178, "grossProfitRatio": 0.7310694573, "researchAndDevelopmentExpenses": 6133819, "generalAndAdministrativeExpenses": 10127077, "sellingAndMarketingExpenses": 16805362, "sellingGeneralAndAdministrativeExpenses": 26932439, "otherExpenses": -7009, "operatingExpenses": 33066258, "costAndExpenses": 56959139, "interestIncome": 2982303, "interestExpense": 474300, "depreciationAndAmortization": 2090847, "ebitda": 37700069, "ebitdaratio": 0.4243397862, "operatingIncome": 31884920, "operatingIncomeRatio": 0.3588863494, "totalOtherIncomeExpensesNet": 3250002, "incomeBeforeTax": 35134922, "incomeBeforeTaxRatio": 0.395467321, "incomeTaxExpense": 9740098, "netIncome": 25379192, "netIncomeRatio": 0.2856599787, "eps": 0.57, "epsdiluted": 0.57, "weightedAverageShsOut": 44147997, "weightedAverageShsOutDil": 44152131, "link": "https://www.sec.gov/Archives/edgar/data/1099590/000119312512334988/0001193125-12-334988-index.htm", "finalLink": "https://www.sec.gov/Archives/edgar/data/1099590/000119312512334988/d360509d10q.htm"}, {"date": "2012-03-31", "symbol": "MELI", "reportedCurrency": "USD", "cik": "0001099590", "fillingDate": "2012-05-09", "acceptedDate": "2012-05-08 19:47:13", "calendarYear": "2012", "period": "Q1", "revenue": 83736006, "costOfRevenue": 21096297, "grossProfit": 62639709, "grossProfitRatio": 0.7480618194, "researchAndDevelopmentExpenses": 7586074, "generalAndAdministrativeExpenses": 12695212, "sellingAndMarketingExpenses": 17427679, "sellingGeneralAndAdministrativeExpenses": 30122891, "otherExpenses": -4252, "operatingExpenses": 37708965, "costAndExpenses": 58805262, "interestIncome": 3088560, "interestExpense": 77317, "depreciationAndAmortization": 1966624, "ebitda": 28948698, "ebitdaratio": 0.3457138617, "operatingIncome": 24930744, "operatingIncomeRatio": 0.2977302739, "totalOtherIncomeExpensesNet": 1974013, "incomeBeforeTax": 26904757, "incomeBeforeTaxRatio": 0.3213045174, "incomeTaxExpense": 7267719, "netIncome": 19634610, "netIncomeRatio": 0.2344822847, "eps": 0.44, "epsdiluted": 0.44, "weightedAverageShsOut": 44142074, "weightedAverageShsOutDil": 44147794, "link": "https://www.sec.gov/Archives/edgar/data/1099590/000119312512219429/0001193125-12-219429-index.htm", "finalLink": "https://www.sec.gov/Archives/edgar/data/1099590/000119312512219429/d330725d10q.htm"}, {"date": "2011-12-31", "symbol": "MELI", "reportedCurrency": "USD", "cik": "0001099590", "fillingDate": "2012-02-28", "acceptedDate": "2012-02-28 16:22:25", "calendarYear": "2011", "period": "Q4", "revenue": 86465653, "costOfRevenue": 20724540, "grossProfit": 65741113, "grossProfitRatio": 0.7603147691, "researchAndDevelopmentExpenses": 6748985, "generalAndAdministrativeExpenses": 10624821, "sellingAndMarketingExpenses": 19401417, "sellingGeneralAndAdministrativeExpenses": 30026238, "otherExpenses": 0, "operatingExpenses": 36775223, "costAndExpenses": 57499763, "interestIncome": 2868565, "interestExpense": 1086100, "depreciationAndAmortization": 2018907, "ebitda": 33946291, "ebitdaratio": 0.3925985617, "operatingIncome": 28965890, "operatingIncomeRatio": 0.3349988, "totalOtherIncomeExpensesNet": 1875394, "incomeBeforeTax": 30841284, "incomeBeforeTaxRatio": 0.3566882679, "incomeTaxExpense": 9219854, "netIncome": 21605666, "netIncomeRatio": 0.249875705, "eps": 0.49, "epsdiluted": 0.49, "weightedAverageShsOut": 44142058, "weightedAverageShsOutDil": 44200000, "link": "https://www.sec.gov/Archives/edgar/data/1099590/000119312512085292/0001193125-12-085292-index.htm", "finalLink": "https://www.sec.gov/Archives/edgar/data/1099590/000119312512085292/d265353d10k.htm"}, {"date": "2011-09-30", "symbol": "MELI", "reportedCurrency": "USD", "cik": "0001099590", "fillingDate": "2011-11-04", "acceptedDate": "2011-11-04 16:15:52", "calendarYear": "2011", "period": "Q3", "revenue": 81628144, "costOfRevenue": 20060474, "grossProfit": 61567670, "grossProfitRatio": 0.754245619, "researchAndDevelopmentExpenses": 5925019, "generalAndAdministrativeExpenses": 8946285, "sellingAndMarketingExpenses": 16701982, "sellingGeneralAndAdministrativeExpenses": 25648267, "otherExpenses": 0, "operatingExpenses": 31573286, "costAndExpenses": 51633760, "interestIncome": 2913596, "interestExpense": 1052865, "depreciationAndAmortization": 1943373, "ebitda": 38097590, "ebitdaratio": 0.4667212573, "operatingIncome": 29994384, "operatingIncomeRatio": 0.3674515006, "totalOtherIncomeExpensesNet": 5168290, "incomeBeforeTax": 35132013, "incomeBeforeTaxRatio": 0.4303909323, "incomeTaxExpense": 8835565, "netIncome": 26295925, "netIncomeRatio": 0.3221428751, "eps": 0.6, "epsdiluted": 0.6, "weightedAverageShsOut": 44141923, "weightedAverageShsOutDil": 44151216, "link": "https://www.sec.gov/Archives/edgar/data/1099590/000095012311095331/0000950123-11-095331-index.htm", "finalLink": "https://www.sec.gov/Archives/edgar/data/1099590/000095012311095331/c21958e10vq.htm"}, {"date": "2011-06-30", "symbol": "MELI", "reportedCurrency": "USD", "cik": "0001099590", "fillingDate": "2011-08-09", "acceptedDate": "2011-08-08 17:38:29", "calendarYear": "2011", "period": "Q2", "revenue": 69378160, "costOfRevenue": 16939118, "grossProfit": 52439042, "grossProfitRatio": 0.7558436545, "researchAndDevelopmentExpenses": 5518892, "generalAndAdministrativeExpenses": 9732340, "sellingAndMarketingExpenses": 15636413, "sellingGeneralAndAdministrativeExpenses": 25368753, "otherExpenses": 0, "operatingExpenses": 30887645, "costAndExpenses": 47826763, "interestIncome": 2249898, "interestExpense": 880819, "depreciationAndAmortization": 1764652, "ebitda": 25103330, "ebitdaratio": 0.3618333205, "operatingIncome": 21551397, "operatingIncomeRatio": 0.3106366182, "totalOtherIncomeExpensesNet": 906462, "incomeBeforeTax": 22457859, "incomeBeforeTaxRatio": 0.323702142, "incomeTaxExpense": 7637033, "netIncome": 14820826, "netIncomeRatio": 0.2136237975, "eps": 0.34, "epsdiluted": 0.34, "weightedAverageShsOut": 44138103, "weightedAverageShsOutDil": 44152294, "link": "https://www.sec.gov/Archives/edgar/data/1099590/000095012311074527/0000950123-11-074527-index.htm", "finalLink": "https://www.sec.gov/Archives/edgar/data/1099590/000095012311074527/c18704e10vq.htm"}, {"date": "2011-03-31", "symbol": "MELI", "reportedCurrency": "USD", "cik": "0001099590", "fillingDate": "2011-05-06", "acceptedDate": "2011-05-06 16:16:20", "calendarYear": "2011", "period": "Q1", "revenue": 61459668, "costOfRevenue": 14331703, "grossProfit": 47127965, "grossProfitRatio": 0.7668112525, "researchAndDevelopmentExpenses": 5156890, "generalAndAdministrativeExpenses": 9450977, "sellingAndMarketingExpenses": 13228942, "sellingGeneralAndAdministrativeExpenses": 22679919, "otherExpenses": 0, "operatingExpenses": 27836809, "costAndExpenses": 42168512, "interestIncome": 1873768, "interestExpense": 628950, "depreciationAndAmortization": 1541143, "ebitda": 22225756, "ebitdaratio": 0.3616315662, "operatingIncome": 19291156, "operatingIncomeRatio": 0.3138831795, "totalOtherIncomeExpensesNet": 764507, "incomeBeforeTax": 20055663, "incomeBeforeTaxRatio": 0.3263223452, "incomeTaxExpense": 5998029, "netIncome": 14057634, "netIncomeRatio": 0.2287294165, "eps": 0.32, "epsdiluted": 0.32, "weightedAverageShsOut": 44131381, "weightedAverageShsOutDil": 44147665, "link": "https://www.sec.gov/Archives/edgar/data/1099590/000095012311046626/0000950123-11-046626-index.htm", "finalLink": "https://www.sec.gov/Archives/edgar/data/1099590/000095012311046626/c16026e10vq.htm"}, {"date": "2010-12-31", "symbol": "MELI", "reportedCurrency": "USD", "cik": "0001099590", "fillingDate": "2011-02-25", "acceptedDate": "2011-02-25 16:16:14", "calendarYear": "2010", "period": "Q4", "revenue": 62316230, "costOfRevenue": 13794314, "grossProfit": 48521916, "grossProfitRatio": 0.7786401071, "researchAndDevelopmentExpenses": 4430276, "generalAndAdministrativeExpenses": 9103065, "sellingAndMarketingExpenses": 14019551, "sellingGeneralAndAdministrativeExpenses": 23122616, "otherExpenses": 0, "operatingExpenses": 27552892, "costAndExpenses": 41347206, "interestIncome": 1857788, "interestExpense": 682364, "depreciationAndAmortization": 1327494, "ebitda": 24084584, "ebitdaratio": 0.3864897475, "operatingIncome": 20969024, "operatingIncomeRatio": 0.3364937834, "totalOtherIncomeExpensesNet": 1105702, "incomeBeforeTax": 22074726, "incomeBeforeTaxRatio": 0.3542371867, "incomeTaxExpense": 6135233, "netIncome": 15939493, "netIncomeRatio": 0.2557839747, "eps": 0.36, "epsdiluted": 0.36, "weightedAverageShsOut": 44131453, "weightedAverageShsOutDil": 44200000, "link": "https://www.sec.gov/Archives/edgar/data/1099590/000095012311018724/0000950123-11-018724-index.htm", "finalLink": "https://www.sec.gov/Archives/edgar/data/1099590/000095012311018724/c12122e10vk.htm"}, {"date": "2010-09-30", "symbol": "MELI", "reportedCurrency": "USD", "cik": "0001099590", "fillingDate": "2010-11-05", "acceptedDate": "2010-11-05 16:19:51", "calendarYear": "2010", "period": "Q3", "revenue": 55951378, "costOfRevenue": 11450919, "grossProfit": 44500459, "grossProfitRatio": 0.7953416089, "researchAndDevelopmentExpenses": 4224476, "generalAndAdministrativeExpenses": 8683605, "sellingAndMarketingExpenses": 12281672, "sellingGeneralAndAdministrativeExpenses": 20965277, "otherExpenses": 0, "operatingExpenses": 25189753, "costAndExpenses": 36640672, "interestIncome": 1361899, "interestExpense": 567969, "depreciationAndAmortization": 1406803, "ebitda": 21725189, "ebitdaratio": 0.3882869337, "operatingIncome": 19310706, "operatingIncomeRatio": 0.345133698, "totalOtherIncomeExpensesNet": 439711, "incomeBeforeTax": 19750417, "incomeBeforeTaxRatio": 0.3529925036, "incomeTaxExpense": 959454, "netIncome": 18790963, "netIncomeRatio": 0.3358445077, "eps": 0.43, "epsdiluted": 0.43, "weightedAverageShsOut": 44129760, "weightedAverageShsOutDil": 44151365, "link": "https://www.sec.gov/Archives/edgar/data/1099590/000095012310101713/0000950123-10-101713-index.htm", "finalLink": "https://www.sec.gov/Archives/edgar/data/1099590/000095012310101713/c06018e10vq.htm"}]