[{"date": "2025-06-30", "symbol": "TTWO", "reportedCurrency": "USD", "cik": "0000946581", "fillingDate": "2025-08-07", "acceptedDate": "2025-08-07 16:47:54", "calendarYear": "2026", "period": "Q1", "revenue": 1503800000, "costOfRevenue": 558800000, "grossProfit": 945000000, "grossProfitRatio": 0.628408033, "researchAndDevelopmentExpenses": 261400000, "generalAndAdministrativeExpenses": 207000000, "sellingAndMarketingExpenses": 408800000, "sellingGeneralAndAdministrativeExpenses": 615800000, "otherExpenses": 46200000, "operatingExpenses": 923400000, "costAndExpenses": 1482200000, "interestIncome": 0, "interestExpense": 14300000, "depreciationAndAmortization": 263000000, "ebitda": 280400000, "ebitdaratio": 0.1864609656, "operatingIncome": 21600000, "operatingIncomeRatio": 0.0143636122, "totalOtherIncomeExpensesNet": -35400000, "incomeBeforeTax": -13800000, "incomeBeforeTaxRatio": -0.0091767522, "incomeTaxExpense": -1900000, "netIncome": -11900000, "netIncomeRatio": -0.0079132863, "eps": -0.0658, "epsdiluted": -0.0658, "weightedAverageShsOut": 180800000, "weightedAverageShsOutDil": 180800000, "link": "https://www.sec.gov/Archives/edgar/data/946581/000162828025038963/0001628280-25-038963-index.htm", "finalLink": "https://www.sec.gov/Archives/edgar/data/946581/000162828025038963/ttwo-20250630.htm"}, {"date": "2025-03-31", "symbol": "TTWO", "reportedCurrency": "USD", "cik": "0000946581", "fillingDate": "2025-05-20", "acceptedDate": "2025-05-20 06:32:02", "calendarYear": "2025", "period": "Q4", "revenue": 1582500000, "costOfRevenue": 779200000, "grossProfit": 803300000, "grossProfitRatio": 0.507614534, "researchAndDevelopmentExpenses": 297800000, "generalAndAdministrativeExpenses": 230200000, "sellingAndMarketingExpenses": 402100000, "sellingGeneralAndAdministrativeExpenses": 632300000, "otherExpenses": 3650100000, "operatingExpenses": 4580200000, "costAndExpenses": 5359400000, "interestIncome": 0, "interestExpense": 7100000, "depreciationAndAmortization": 483400000, "ebitda": -3313800000, "ebitdaratio": -2.094028436, "operatingIncome": -3776900000, "operatingIncomeRatio": -2.3866666667, "totalOtherIncomeExpensesNet": -25000000, "incomeBeforeTax": -3801900000, "incomeBeforeTaxRatio": -2.402464455, "incomeTaxExpense": -75700000, "netIncome": -3726200000, "netIncomeRatio": -2.354628752, "eps": -21.08, "epsdiluted": -21.08, "weightedAverageShsOut": 176800000, "weightedAverageShsOutDil": 176800000, "link": "https://www.sec.gov/Archives/edgar/data/946581/000162828025026694/0001628280-25-026694-index.htm", "finalLink": "https://www.sec.gov/Archives/edgar/data/946581/000162828025026694/ttwo-20250331.htm"}, {"date": "2024-12-31", "symbol": "TTWO", "reportedCurrency": "USD", "cik": "0000946581", "fillingDate": "2025-02-07", "acceptedDate": "2025-02-06 18:15:25", "calendarYear": "2025", "period": "Q3", "revenue": 1359800000, "costOfRevenue": 599900000, "grossProfit": 759900000, "grossProfitRatio": 0.5588321812, "researchAndDevelopmentExpenses": 240900000, "generalAndAdministrativeExpenses": 189600000, "sellingAndMarketingExpenses": 388900000, "sellingGeneralAndAdministrativeExpenses": 578500000, "otherExpenses": 72600000, "operatingExpenses": 892000000, "costAndExpenses": 1491900000, "interestIncome": 0, "interestExpense": 24600000, "depreciationAndAmortization": 271100000, "ebitda": 162100000, "ebitdaratio": 0.1192087072, "operatingIncome": -132100000, "operatingIncomeRatio": -0.0971466392, "totalOtherIncomeExpensesNet": -20800000, "incomeBeforeTax": -152900000, "incomeBeforeTaxRatio": -0.1124430063, "incomeTaxExpense": -27700000, "netIncome": -125200000, "netIncomeRatio": -0.0920723636, "eps": -0.71, "epsdiluted": -0.71, "weightedAverageShsOut": 176000000, "weightedAverageShsOutDil": 176000000, "link": "https://www.sec.gov/Archives/edgar/data/946581/000162828025004308/0001628280-25-004308-index.htm", "finalLink": "https://www.sec.gov/Archives/edgar/data/946581/000162828025004308/ttwo-20241231.htm"}, {"date": "2024-09-30", "symbol": "TTWO", "reportedCurrency": "USD", "cik": "0000946581", "fillingDate": "2024-11-07", "acceptedDate": "2024-11-06 18:07:40", "calendarYear": "2025", "period": "Q2", "revenue": 1353100000, "costOfRevenue": 625200000, "grossProfit": 727900000, "grossProfitRatio": 0.5379498928, "researchAndDevelopmentExpenses": 246700000, "generalAndAdministrativeExpenses": 253000000, "sellingAndMarketingExpenses": 461300000, "sellingGeneralAndAdministrativeExpenses": 714300000, "otherExpenses": 64100000, "operatingExpenses": 1025100000, "costAndExpenses": 1650300000, "interestIncome": 0, "interestExpense": 25900000, "depreciationAndAmortization": 283900000, "ebitda": -14500000, "ebitdaratio": -0.0107161333, "operatingIncome": -297200000, "operatingIncomeRatio": -0.2196437809, "totalOtherIncomeExpensesNet": -27100000, "incomeBeforeTax": -324300000, "incomeBeforeTaxRatio": -0.2396718646, "incomeTaxExpense": 41200000, "netIncome": -365500000, "netIncomeRatio": -0.2701204641, "eps": -2.08, "epsdiluted": -2.08, "weightedAverageShsOut": 175400000, "weightedAverageShsOutDil": 175400000, "link": "https://www.sec.gov/Archives/edgar/data/946581/000162828024045867/0001628280-24-045867-index.htm", "finalLink": "https://www.sec.gov/Archives/edgar/data/946581/000162828024045867/ttwo-20240930.htm"}, {"date": "2024-06-30", "symbol": "TTWO", "reportedCurrency": "USD", "cik": "0000946581", "fillingDate": "2024-08-09", "acceptedDate": "2024-08-08 17:58:04", "calendarYear": "2025", "period": "Q1", "revenue": 1338200000, "costOfRevenue": 567100000, "grossProfit": 771100000, "grossProfitRatio": 0.5762217905, "researchAndDevelopmentExpenses": 219800000, "generalAndAdministrativeExpenses": 210500000, "sellingAndMarketingExpenses": 431400000, "sellingGeneralAndAdministrativeExpenses": 641900000, "otherExpenses": 94300000, "operatingExpenses": 956000000, "costAndExpenses": 1523100000, "interestIncome": 0, "interestExpense": 24200000, "depreciationAndAmortization": 303800000, "ebitda": 168400000, "ebitdaratio": 0.1258406815, "operatingIncome": -184900000, "operatingIncomeRatio": -0.138170677, "totalOtherIncomeExpensesNet": -27300000, "incomeBeforeTax": -212200000, "incomeBeforeTaxRatio": -0.1585712151, "incomeTaxExpense": 49800000, "netIncome": -262000000, "netIncomeRatio": -0.1957853834, "eps": -1.52, "epsdiluted": -1.52, "weightedAverageShsOut": 172300000, "weightedAverageShsOutDil": 172300000, "link": "https://www.sec.gov/Archives/edgar/data/946581/000162828024036273/0001628280-24-036273-index.htm", "finalLink": "https://www.sec.gov/Archives/edgar/data/946581/000162828024036273/ttwo-20240630.htm"}, {"date": "2024-03-31", "symbol": "TTWO", "reportedCurrency": "USD", "cik": "0000946581", "fillingDate": "2024-05-22", "acceptedDate": "2024-05-21 21:04:08", "calendarYear": "2024", "period": "Q4", "revenue": 1399400000, "costOfRevenue": 930300000, "grossProfit": 469100000, "grossProfitRatio": 0.3352150922, "researchAndDevelopmentExpenses": 237500000, "generalAndAdministrativeExpenses": 173400000, "sellingAndMarketingExpenses": 447100000, "sellingGeneralAndAdministrativeExpenses": 620500000, "otherExpenses": 2324200000, "operatingExpenses": 3182200000, "costAndExpenses": 4112500000, "interestIncome": 0, "interestExpense": 30500000, "depreciationAndAmortization": 583000000, "ebitda": -2267100000, "ebitdaratio": -1.6200514506, "operatingIncome": -2713100000, "operatingIncomeRatio": -1.9387594683, "totalOtherIncomeExpensesNet": -31500000, "incomeBeforeTax": -2744600000, "incomeBeforeTaxRatio": -1.9612691153, "incomeTaxExpense": 158400000, "netIncome": -2903000000, "netIncomeRatio": -2.0744604831, "eps": -17.02, "epsdiluted": -17.02, "weightedAverageShsOut": 170600000, "weightedAverageShsOutDil": 170600000, "link": "https://www.sec.gov/Archives/edgar/data/946581/000162828024024623/0001628280-24-024623-index.htm", "finalLink": "https://www.sec.gov/Archives/edgar/data/946581/000162828024024623/ttwo-20240331.htm"}, {"date": "2023-12-31", "symbol": "TTWO", "reportedCurrency": "USD", "cik": "0000946581", "fillingDate": "2024-02-09", "acceptedDate": "2024-02-08 17:54:39", "calendarYear": "2024", "period": "Q3", "revenue": 1366300000, "costOfRevenue": 688200000, "grossProfit": 678100000, "grossProfitRatio": 0.4963038864, "researchAndDevelopmentExpenses": 232000000, "generalAndAdministrativeExpenses": 165000000, "sellingAndMarketingExpenses": 367300000, "sellingGeneralAndAdministrativeExpenses": 532300000, "otherExpenses": 43300000, "operatingExpenses": 807600000, "costAndExpenses": 1495800000, "interestIncome": 0, "interestExpense": 14500000, "depreciationAndAmortization": 325800000, "ebitda": 197000000, "ebitdaratio": 0.1441850253, "operatingIncome": -129500000, "operatingIncomeRatio": -0.0947815268, "totalOtherIncomeExpensesNet": -22800000, "incomeBeforeTax": -152300000, "incomeBeforeTaxRatio": -0.1114689307, "incomeTaxExpense": -60700000, "netIncome": -91600000, "netIncomeRatio": -0.0670423772, "eps": -0.54, "epsdiluted": -0.54, "weightedAverageShsOut": 170300000, "weightedAverageShsOutDil": 170300000, "link": "https://www.sec.gov/Archives/edgar/data/946581/000162828024003951/0001628280-24-003951-index.htm", "finalLink": "https://www.sec.gov/Archives/edgar/data/946581/000162828024003951/ttwo-20231231.htm"}, {"date": "2023-09-30", "symbol": "TTWO", "reportedCurrency": "USD", "cik": "0000946581", "fillingDate": "2023-11-09", "acceptedDate": "2023-11-08 17:46:09", "calendarYear": "2024", "period": "Q2", "revenue": 1299200000, "costOfRevenue": 883800000, "grossProfit": 415400000, "grossProfitRatio": 0.3197352217, "researchAndDevelopmentExpenses": 232100000, "generalAndAdministrativeExpenses": 178300000, "sellingAndMarketingExpenses": 334600000, "sellingGeneralAndAdministrativeExpenses": 512900000, "otherExpenses": 214100000, "operatingExpenses": 959100000, "costAndExpenses": 1842900000, "interestIncome": 0, "interestExpense": 31100000, "depreciationAndAmortization": 502700000, "ebitda": -43200000, "ebitdaratio": -0.0332512315, "operatingIncome": -543700000, "operatingIncomeRatio": -0.4184883005, "totalOtherIncomeExpensesNet": -33300000, "incomeBeforeTax": -577000000, "incomeBeforeTaxRatio": -0.4441194581, "incomeTaxExpense": -33400000, "netIncome": -543600000, "netIncomeRatio": -0.41841133, "eps": -3.2, "epsdiluted": -3.2, "weightedAverageShsOut": 169900000, "weightedAverageShsOutDil": 169900000, "link": "https://www.sec.gov/Archives/edgar/data/946581/000162828023037956/0001628280-23-037956-index.htm", "finalLink": "https://www.sec.gov/Archives/edgar/data/946581/000162828023037956/ttwo-20230930.htm"}, {"date": "2023-06-30", "symbol": "TTWO", "reportedCurrency": "USD", "cik": "0000946581", "fillingDate": "2023-08-09", "acceptedDate": "2023-08-08 18:47:56", "calendarYear": "2024", "period": "Q1", "revenue": 1284700000, "costOfRevenue": 605500000, "grossProfit": 679200000, "grossProfitRatio": 0.5286837394, "researchAndDevelopmentExpenses": 238600000, "generalAndAdministrativeExpenses": 197900000, "sellingAndMarketingExpenses": 399400000, "sellingGeneralAndAdministrativeExpenses": 597300000, "otherExpenses": 47600000, "operatingExpenses": 883500000, "costAndExpenses": 1489000000, "interestIncome": 0, "interestExpense": 25400000, "depreciationAndAmortization": 350100000, "ebitda": 146600000, "ebitdaratio": 0.1141122441, "operatingIncome": -204300000, "operatingIncomeRatio": -0.1590254534, "totalOtherIncomeExpensesNet": -24600000, "incomeBeforeTax": -228900000, "incomeBeforeTaxRatio": -0.1781738927, "incomeTaxExpense": -22900000, "netIncome": -206000000, "netIncomeRatio": -0.1603487195, "eps": -1.22, "epsdiluted": -1.22, "weightedAverageShsOut": 169400000, "weightedAverageShsOutDil": 169400000, "link": "https://www.sec.gov/Archives/edgar/data/946581/000162828023028326/0001628280-23-028326-index.htm", "finalLink": "https://www.sec.gov/Archives/edgar/data/946581/000162828023028326/ttwo-20230630.htm"}, {"date": "2023-03-31", "symbol": "TTWO", "reportedCurrency": "USD", "cik": "0000946581", "fillingDate": "2023-05-26", "acceptedDate": "2023-05-25 20:05:25", "calendarYear": "2023", "period": "Q4", "revenue": 1446200000, "costOfRevenue": 1223000000, "grossProfit": 223200000, "grossProfitRatio": 0.1543354999, "researchAndDevelopmentExpenses": 237300000, "generalAndAdministrativeExpenses": 222500000, "sellingAndMarketingExpenses": 429500000, "sellingGeneralAndAdministrativeExpenses": 652000000, "otherExpenses": 36300000, "operatingExpenses": 925600000, "costAndExpenses": 2148600000, "interestIncome": 0, "interestExpense": 33500000, "depreciationAndAmortization": 826100000, "ebitda": 94700000, "ebitdaratio": 0.0654819527, "operatingIncome": -702400000, "operatingIncomeRatio": -0.485686627, "totalOtherIncomeExpensesNet": -28200000, "incomeBeforeTax": -730600000, "incomeBeforeTaxRatio": -0.5051860047, "incomeTaxExpense": -120300000, "netIncome": -610300000, "netIncomeRatio": -0.4220024893, "eps": -3.62, "epsdiluted": -3.62, "weightedAverageShsOut": 168700000, "weightedAverageShsOutDil": 168700000, "link": "https://www.sec.gov/Archives/edgar/data/946581/000162828023019851/0001628280-23-019851-index.htm", "finalLink": "https://www.sec.gov/Archives/edgar/data/946581/000162828023019851/ttwo-20230331.htm"}, {"date": "2022-12-31", "symbol": "TTWO", "reportedCurrency": "USD", "cik": "0000946581", "fillingDate": "2023-02-07", "acceptedDate": "2023-02-06 18:58:42", "calendarYear": "2023", "period": "Q3", "revenue": 1407800000, "costOfRevenue": 691900000, "grossProfit": 715900000, "grossProfitRatio": 0.5085239381, "researchAndDevelopmentExpenses": 238200000, "generalAndAdministrativeExpenses": 168900000, "sellingAndMarketingExpenses": 446700000, "sellingGeneralAndAdministrativeExpenses": 615600000, "otherExpenses": 35000000, "operatingExpenses": 888800000, "costAndExpenses": 1580700000, "interestIncome": 0, "interestExpense": 14200000, "depreciationAndAmortization": 391800000, "ebitda": 218900000, "ebitdaratio": 0.1554908368, "operatingIncome": -172900000, "operatingIncomeRatio": -0.1228157409, "totalOtherIncomeExpensesNet": -27200000, "incomeBeforeTax": -200100000, "incomeBeforeTaxRatio": -0.1421366671, "incomeTaxExpense": -46700000, "netIncome": -153400000, "netIncomeRatio": -0.1089643415, "eps": -0.91, "epsdiluted": -0.91, "weightedAverageShsOut": 168000000, "weightedAverageShsOutDil": 168000000, "link": "https://www.sec.gov/Archives/edgar/data/946581/000162828023002448/0001628280-23-002448-index.htm", "finalLink": "https://www.sec.gov/Archives/edgar/data/946581/000162828023002448/ttwo-20221231.htm"}, {"date": "2022-09-30", "symbol": "TTWO", "reportedCurrency": "USD", "cik": "0000946581", "fillingDate": "2022-11-08", "acceptedDate": "2022-11-07 18:46:09", "calendarYear": "2023", "period": "Q2", "revenue": 1393500000, "costOfRevenue": 713900000, "grossProfit": 679600000, "grossProfitRatio": 0.4876928597, "researchAndDevelopmentExpenses": 243200000, "generalAndAdministrativeExpenses": 214600000, "sellingAndMarketingExpenses": 444400000, "sellingGeneralAndAdministrativeExpenses": 659000000, "otherExpenses": 29900000, "operatingExpenses": 932100000, "costAndExpenses": 1646000000, "interestIncome": 0, "interestExpense": 50500000, "depreciationAndAmortization": 376200000, "ebitda": 125600000, "ebitdaratio": 0.0901327592, "operatingIncome": -252500000, "operatingIncomeRatio": -0.1811984212, "totalOtherIncomeExpensesNet": -48600000, "incomeBeforeTax": -301100000, "incomeBeforeTaxRatio": -0.2160746322, "incomeTaxExpense": -44100000, "netIncome": -257000000, "netIncomeRatio": -0.1844277, "eps": -1.54, "epsdiluted": -1.54, "weightedAverageShsOut": 166883116, "weightedAverageShsOutDil": 166900000, "link": "https://www.sec.gov/Archives/edgar/data/946581/000162828022028716/0001628280-22-028716-index.htm", "finalLink": "https://www.sec.gov/Archives/edgar/data/946581/000162828022028716/ttwo-20220930.htm"}, {"date": "2022-06-30", "symbol": "TTWO", "reportedCurrency": "USD", "cik": "0000946581", "fillingDate": "2022-08-09", "acceptedDate": "2022-08-08 19:12:21", "calendarYear": "2023", "period": "Q1", "revenue": 1102400000, "costOfRevenue": 435700000, "grossProfit": 666700000, "grossProfitRatio": 0.6047714078, "researchAndDevelopmentExpenses": 172600000, "generalAndAdministrativeExpenses": 237100000, "sellingAndMarketingExpenses": 272100000, "sellingGeneralAndAdministrativeExpenses": 509200000, "otherExpenses": 22300000, "operatingExpenses": 704100000, "costAndExpenses": 1139800000, "interestIncome": 0, "interestExpense": 30900000, "depreciationAndAmortization": 182600000, "ebitda": 145200000, "ebitdaratio": 0.131712627, "operatingIncome": -37400000, "operatingIncomeRatio": -0.0339259797, "totalOtherIncomeExpensesNet": -68900000, "incomeBeforeTax": -106300000, "incomeBeforeTaxRatio": -0.0964259797, "incomeTaxExpense": -2300000, "netIncome": -104000000, "netIncomeRatio": -0.0943396226, "eps": -0.65, "epsdiluted": -0.65, "weightedAverageShsOut": 159900000, "weightedAverageShsOutDil": 159900000, "link": "https://www.sec.gov/Archives/edgar/data/946581/000162828022021685/0001628280-22-021685-index.htm", "finalLink": "https://www.sec.gov/Archives/edgar/data/946581/000162828022021685/ttwo-20220630.htm"}, {"date": "2022-03-31", "symbol": "TTWO", "reportedCurrency": "USD", "cik": "0000946581", "fillingDate": "2022-05-17", "acceptedDate": "2022-05-16 20:16:44", "calendarYear": "2022", "period": "Q4", "revenue": 930004000, "costOfRevenue": 398625000, "grossProfit": 531379000, "grossProfitRatio": 0.5713728113, "researchAndDevelopmentExpenses": 96108000, "generalAndAdministrativeExpenses": 148371000, "sellingAndMarketingExpenses": 141270000, "sellingGeneralAndAdministrativeExpenses": 289641000, "otherExpenses": 16766000, "operatingExpenses": 402515000, "costAndExpenses": 801140000, "interestIncome": 0, "interestExpense": 8401000, "depreciationAndAmortization": 72937000, "ebitda": 217603000, "ebitdaratio": 0.2339807141, "operatingIncome": 128864000, "operatingIncomeRatio": 0.1385628449, "totalOtherIncomeExpensesNet": -7023000, "incomeBeforeTax": 121841000, "incomeBeforeTaxRatio": 0.1310112645, "incomeTaxExpense": 10869000, "netIncome": 110972000, "netIncomeRatio": 0.119324218, "eps": 0.96, "epsdiluted": 0.95, "weightedAverageShsOut": 115200000, "weightedAverageShsOutDil": 116802000, "link": "https://www.sec.gov/Archives/edgar/data/946581/000162828022014580/0001628280-22-014580-index.htm", "finalLink": "https://www.sec.gov/Archives/edgar/data/946581/000162828022014580/ttwo-20220331.htm"}, {"date": "2021-12-31", "symbol": "TTWO", "reportedCurrency": "USD", "cik": "0000946581", "fillingDate": "2022-02-08", "acceptedDate": "2022-02-07 18:01:02", "calendarYear": "2022", "period": "Q3", "revenue": 903300000, "costOfRevenue": 350400000, "grossProfit": 552900000, "grossProfitRatio": 0.612089007, "researchAndDevelopmentExpenses": 116700000, "generalAndAdministrativeExpenses": 130800000, "sellingAndMarketingExpenses": 135300000, "sellingGeneralAndAdministrativeExpenses": 266100000, "otherExpenses": 16000000, "operatingExpenses": 398800000, "costAndExpenses": 749200000, "interestIncome": 0, "interestExpense": 13536000, "depreciationAndAmortization": 114600000, "ebitda": 268700000, "ebitdaratio": 0.2974648511, "operatingIncome": 154100000, "operatingIncomeRatio": 0.170596701, "totalOtherIncomeExpensesNet": -1900000, "incomeBeforeTax": 152200000, "incomeBeforeTaxRatio": 0.1684933023, "incomeTaxExpense": 7600000, "netIncome": 144497000, "netIncomeRatio": 0.1599656814, "eps": 1.25, "epsdiluted": 1.24, "weightedAverageShsOut": 115300000, "weightedAverageShsOutDil": 116700000, "link": "https://www.sec.gov/Archives/edgar/data/946581/000162828022001929/0001628280-22-001929-index.htm", "finalLink": "https://www.sec.gov/Archives/edgar/data/946581/000162828022001929/ttwo-20211231.htm"}, {"date": "2021-09-30", "symbol": "TTWO", "reportedCurrency": "USD", "cik": "0000946581", "fillingDate": "2021-11-04", "acceptedDate": "2021-11-03 18:07:15", "calendarYear": "2022", "period": "Q2", "revenue": 858200000, "costOfRevenue": 456700000, "grossProfit": 401500000, "grossProfitRatio": 0.4678396644, "researchAndDevelopmentExpenses": 101500000, "generalAndAdministrativeExpenses": 127800000, "sellingAndMarketingExpenses": 136000000, "sellingGeneralAndAdministrativeExpenses": 263800000, "otherExpenses": 16100000, "operatingExpenses": 381400000, "costAndExpenses": 838100000, "interestIncome": 0, "interestExpense": 773000, "depreciationAndAmortization": 105200000, "ebitda": 125300000, "ebitdaratio": 0.1460032626, "operatingIncome": 20100000, "operatingIncomeRatio": 0.023421114, "totalOtherIncomeExpensesNet": -200000, "incomeBeforeTax": 19900000, "incomeBeforeTaxRatio": 0.023188068, "incomeTaxExpense": 9700000, "netIncome": 10200000, "netIncomeRatio": 0.0118853414, "eps": 0.09, "epsdiluted": 0.09, "weightedAverageShsOut": 115800000, "weightedAverageShsOutDil": 116800000, "link": "https://www.sec.gov/Archives/edgar/data/946581/000162828021021561/0001628280-21-021561-index.htm", "finalLink": "https://www.sec.gov/Archives/edgar/data/946581/000162828021021561/ttwo-20210930.htm"}, {"date": "2021-06-30", "symbol": "TTWO", "reportedCurrency": "USD", "cik": "0000946581", "fillingDate": "2021-08-03", "acceptedDate": "2021-08-02 18:15:54", "calendarYear": "2022", "period": "Q1", "revenue": 813300000, "costOfRevenue": 329700000, "grossProfit": 483600000, "grossProfitRatio": 0.5946145334, "researchAndDevelopmentExpenses": 92300000, "generalAndAdministrativeExpenses": 104400000, "sellingAndMarketingExpenses": 103900000, "sellingGeneralAndAdministrativeExpenses": 208300000, "otherExpenses": 12500000, "operatingExpenses": 313100000, "costAndExpenses": 642800000, "interestIncome": 0, "interestExpense": 1600000, "depreciationAndAmortization": 52200000, "ebitda": 222700000, "ebitdaratio": 0.2738226977, "operatingIncome": 170500000, "operatingIncomeRatio": 0.2096397393, "totalOtherIncomeExpensesNet": 1000000, "incomeBeforeTax": 171500000, "incomeBeforeTaxRatio": 0.2108692979, "incomeTaxExpense": 19200000, "netIncome": 152256000, "netIncomeRatio": 0.1872076724, "eps": 1.32, "epsdiluted": 1.3, "weightedAverageShsOut": 115700000, "weightedAverageShsOutDil": 117100000, "link": "https://www.sec.gov/Archives/edgar/data/946581/000162828021015202/0001628280-21-015202-index.htm", "finalLink": "https://www.sec.gov/Archives/edgar/data/946581/000162828021015202/ttwo-20210630.htm"}, {"date": "2021-03-31", "symbol": "TTWO", "reportedCurrency": "USD", "cik": "0000946581", "fillingDate": "2021-05-19", "acceptedDate": "2021-05-18 19:20:44", "calendarYear": "2021", "period": "Q4", "revenue": 839431000, "costOfRevenue": 279647000, "grossProfit": 559784000, "grossProfitRatio": 0.6668612429, "researchAndDevelopmentExpenses": 83559000, "generalAndAdministrativeExpenses": 98453000, "sellingAndMarketingExpenses": 106609000, "sellingGeneralAndAdministrativeExpenses": 205062000, "otherExpenses": 15346000, "operatingExpenses": 303967000, "costAndExpenses": 583614000, "interestIncome": 0, "interestExpense": 4487000, "depreciationAndAmortization": 56625000, "ebitda": 367219000, "ebitdaratio": 0.4374618045, "operatingIncome": 255817000, "operatingIncomeRatio": 0.3047504798, "totalOtherIncomeExpensesNet": -2226000, "incomeBeforeTax": 253591000, "incomeBeforeTaxRatio": 0.3020986835, "incomeTaxExpense": 34779000, "netIncome": 218812000, "netIncomeRatio": 0.2606670471, "eps": 1.9, "epsdiluted": 1.88, "weightedAverageShsOut": 115110000, "weightedAverageShsOutDil": 116300000, "link": "https://www.sec.gov/Archives/edgar/data/946581/000162828021010627/0001628280-21-010627-index.htm", "finalLink": "https://www.sec.gov/Archives/edgar/data/946581/000162828021010627/ttwo-20210331.htm"}, {"date": "2020-12-31", "symbol": "TTWO", "reportedCurrency": "USD", "cik": "0000946581", "fillingDate": "2021-02-09", "acceptedDate": "2021-02-08 18:00:26", "calendarYear": "2021", "period": "Q3", "revenue": 860889000, "costOfRevenue": 346244000, "grossProfit": 514645000, "grossProfitRatio": 0.5978064536, "researchAndDevelopmentExpenses": 86428000, "generalAndAdministrativeExpenses": 98624000, "sellingAndMarketingExpenses": 139906000, "sellingGeneralAndAdministrativeExpenses": 238530000, "otherExpenses": 13630000, "operatingExpenses": 338588000, "costAndExpenses": 684832000, "interestIncome": 6530000, "interestExpense": 0, "depreciationAndAmortization": 65592000, "ebitda": 241272000, "ebitdaratio": 0.2802591275, "operatingIncome": 176057000, "operatingIncomeRatio": 0.2045060397, "totalOtherIncomeExpensesNet": 40389000, "incomeBeforeTax": 216446000, "incomeBeforeTaxRatio": 0.2514214957, "incomeTaxExpense": 34198000, "netIncome": 182248000, "netIncomeRatio": 0.211697443, "eps": 1.58, "epsdiluted": 1.57, "weightedAverageShsOut": 115004000, "weightedAverageShsOutDil": 116117000, "link": "https://www.sec.gov/Archives/edgar/data/946581/000162828021001632/0001628280-21-001632-index.htm", "finalLink": "https://www.sec.gov/Archives/edgar/data/946581/000162828021001632/ttwo-20201231.htm"}, {"date": "2020-09-30", "symbol": "TTWO", "reportedCurrency": "USD", "cik": "0000946581", "fillingDate": "2020-11-06", "acceptedDate": "2020-11-05 18:01:49", "calendarYear": "2021", "period": "Q2", "revenue": 841142000, "costOfRevenue": 432505000, "grossProfit": 408637000, "grossProfitRatio": 0.4858121459, "researchAndDevelopmentExpenses": 74216000, "generalAndAdministrativeExpenses": 91433000, "sellingAndMarketingExpenses": 113691000, "sellingGeneralAndAdministrativeExpenses": 205124000, "otherExpenses": 13930000, "operatingExpenses": 293270000, "costAndExpenses": 725775000, "interestIncome": 2706000, "interestExpense": 0, "depreciationAndAmortization": 35871000, "ebitda": 151477000, "ebitdaratio": 0.1800849322, "operatingIncome": 115367000, "operatingIncomeRatio": 0.1371552009, "totalOtherIncomeExpensesNet": 2051000, "incomeBeforeTax": 117418000, "incomeBeforeTaxRatio": 0.1395935526, "incomeTaxExpense": 18097000, "netIncome": 99321000, "netIncomeRatio": 0.1180787548, "eps": 0.87, "epsdiluted": 0.86, "weightedAverageShsOut": 114444000, "weightedAverageShsOutDil": 115414000, "link": "https://www.sec.gov/Archives/edgar/data/946581/000162828020015824/0001628280-20-015824-index.htm", "finalLink": "https://www.sec.gov/Archives/edgar/data/946581/000162828020015824/ttwo-20200930.htm"}, {"date": "2020-06-30", "symbol": "TTWO", "reportedCurrency": "USD", "cik": "0000946581", "fillingDate": "2020-08-04", "acceptedDate": "2020-08-03 17:39:04", "calendarYear": "2021", "period": "Q1", "revenue": 831310000, "costOfRevenue": 476689000, "grossProfit": 354621000, "grossProfitRatio": 0.4265809385, "researchAndDevelopmentExpenses": 73108000, "generalAndAdministrativeExpenses": 102173000, "sellingAndMarketingExpenses": 84779000, "sellingGeneralAndAdministrativeExpenses": 186952000, "otherExpenses": 12418000, "operatingExpenses": 272478000, "costAndExpenses": 749167000, "interestIncome": 8218000, "interestExpense": 0, "depreciationAndAmortization": 74725000, "ebitda": 156868000, "ebitdaratio": 0.188699763, "operatingIncome": 82143000, "operatingIncomeRatio": 0.0988115144, "totalOtherIncomeExpensesNet": 8218000, "incomeBeforeTax": 90361000, "incomeBeforeTaxRatio": 0.1086971166, "incomeTaxExpense": 1856000, "netIncome": 88505000, "netIncomeRatio": 0.1064644958, "eps": 0.78, "epsdiluted": 0.77, "weightedAverageShsOut": 113862000, "weightedAverageShsOutDil": 114956000, "link": "https://www.sec.gov/Archives/edgar/data/946581/000162828020011493/0001628280-20-011493-index.htm", "finalLink": "https://www.sec.gov/Archives/edgar/data/946581/000162828020011493/ttwo-20200630.htm"}, {"date": "2020-03-31", "symbol": "TTWO", "reportedCurrency": "USD", "cik": "0000946581", "fillingDate": "2020-05-22", "acceptedDate": "2020-05-22 16:30:38", "calendarYear": "2020", "period": "Q4", "revenue": 760541000, "costOfRevenue": 395640000, "grossProfit": 364901000, "grossProfitRatio": 0.479791359, "researchAndDevelopmentExpenses": 68718000, "generalAndAdministrativeExpenses": 82212000, "sellingAndMarketingExpenses": 79969000, "sellingGeneralAndAdministrativeExpenses": 162181000, "otherExpenses": 12118000, "operatingExpenses": 243017000, "costAndExpenses": 638657000, "interestIncome": 9288000, "interestExpense": 0, "depreciationAndAmortization": 69493000, "ebitda": 226719000, "ebitdaratio": 0.2981022719, "operatingIncome": 121884000, "operatingIncomeRatio": 0.1602596047, "totalOtherIncomeExpensesNet": 2750000, "incomeBeforeTax": 124634000, "incomeBeforeTaxRatio": 0.1638754518, "incomeTaxExpense": 1912000, "netIncome": 122722000, "netIncomeRatio": 0.1613614519, "eps": 1.08, "epsdiluted": 1.07, "weightedAverageShsOut": 113394000, "weightedAverageShsOutDil": 114400000, "link": "https://www.sec.gov/Archives/edgar/data/946581/000162828020008291/0001628280-20-008291-index.htm", "finalLink": "https://www.sec.gov/Archives/edgar/data/946581/000162828020008291/ttwo-20200331.htm"}, {"date": "2019-12-31", "symbol": "TTWO", "reportedCurrency": "USD", "cik": "0000946581", "fillingDate": "2020-02-07", "acceptedDate": "2020-02-06 18:28:56", "calendarYear": "2020", "period": "Q3", "revenue": 930129000, "costOfRevenue": 437093000, "grossProfit": 493036000, "grossProfitRatio": 0.5300727103, "researchAndDevelopmentExpenses": 82520000, "generalAndAdministrativeExpenses": 84531000, "sellingAndMarketingExpenses": 137068000, "sellingGeneralAndAdministrativeExpenses": 221599000, "otherExpenses": 12084000, "operatingExpenses": 316203000, "costAndExpenses": 753296000, "interestIncome": 11943000, "interestExpense": 0, "depreciationAndAmortization": 60881000, "ebitda": 237468000, "ebitdaratio": 0.255306522, "operatingIncome": 176833000, "operatingIncomeRatio": 0.1901166397, "totalOtherIncomeExpensesNet": 11943000, "incomeBeforeTax": 188776000, "incomeBeforeTaxRatio": 0.2029567942, "incomeTaxExpense": 25134000, "netIncome": 163642000, "netIncomeRatio": 0.1759347359, "eps": 1.44, "epsdiluted": 1.43, "weightedAverageShsOut": 113251000, "weightedAverageShsOutDil": 114254000, "link": "https://www.sec.gov/Archives/edgar/data/946581/000162828020001155/0001628280-20-001155-index.htm", "finalLink": "https://www.sec.gov/Archives/edgar/data/946581/000162828020001155/ttwo-20191231.htm"}, {"date": "2019-09-30", "symbol": "TTWO", "reportedCurrency": "USD", "cik": "0000946581", "fillingDate": "2019-11-08", "acceptedDate": "2019-11-07 18:18:19", "calendarYear": "2020", "period": "Q2", "revenue": 857841000, "costOfRevenue": 468248000, "grossProfit": 389593000, "grossProfitRatio": 0.4541552572, "researchAndDevelopmentExpenses": 76197000, "generalAndAdministrativeExpenses": 76659000, "sellingAndMarketingExpenses": 149566000, "sellingGeneralAndAdministrativeExpenses": 226225000, "otherExpenses": 12351000, "operatingExpenses": 314773000, "costAndExpenses": 783021000, "interestIncome": 8054000, "interestExpense": 0, "depreciationAndAmortization": 58977000, "ebitda": 134124000, "ebitdaratio": 0.1563506524, "operatingIncome": 74820000, "operatingIncomeRatio": 0.0872189602, "totalOtherIncomeExpensesNet": 8054000, "incomeBeforeTax": 82874000, "incomeBeforeTaxRatio": 0.0966076464, "incomeTaxExpense": 11059000, "netIncome": 71815000, "netIncomeRatio": 0.08371598, "eps": 0.63, "epsdiluted": 0.63, "weightedAverageShsOut": 113117000, "weightedAverageShsOutDil": 114077000, "link": "https://www.sec.gov/Archives/edgar/data/946581/000162828019013731/0001628280-19-013731-index.htm", "finalLink": "https://www.sec.gov/Archives/edgar/data/946581/000162828019013731/ttwo10q093019.htm"}, {"date": "2019-06-30", "symbol": "TTWO", "reportedCurrency": "USD", "cik": "0000946581", "fillingDate": "2019-08-06", "acceptedDate": "2019-08-05 17:56:07", "calendarYear": "2020", "period": "Q1", "revenue": 540459000, "costOfRevenue": 241469000, "grossProfit": 298990000, "grossProfitRatio": 0.5532149525, "researchAndDevelopmentExpenses": 68963000, "generalAndAdministrativeExpenses": 74833000, "sellingAndMarketingExpenses": 91821000, "sellingGeneralAndAdministrativeExpenses": 166654000, "otherExpenses": 11643000, "operatingExpenses": 247260000, "costAndExpenses": 488729000, "interestIncome": 14723000, "interestExpense": 0, "depreciationAndAmortization": 47192000, "ebitda": 99308000, "ebitdaratio": 0.1837475183, "operatingIncome": 51730000, "operatingIncomeRatio": 0.0957149386, "totalOtherIncomeExpensesNet": 10425000, "incomeBeforeTax": 62155000, "incomeBeforeTaxRatio": 0.1150040984, "incomeTaxExpense": 15875000, "netIncome": 46280000, "netIncomeRatio": 0.0856309174, "eps": 0.41, "epsdiluted": 0.41, "weightedAverageShsOut": 112621000, "weightedAverageShsOutDil": 113728000, "link": "https://www.sec.gov/Archives/edgar/data/946581/000162828019010011/0001628280-19-010011-index.htm", "finalLink": "https://www.sec.gov/Archives/edgar/data/946581/000162828019010011/ttwo10q063019.htm"}, {"date": "2019-03-31", "symbol": "TTWO", "reportedCurrency": "USD", "cik": "0000946581", "fillingDate": "2019-05-14", "acceptedDate": "2019-05-13 19:04:16", "calendarYear": "2019", "period": "Q4", "revenue": 539007000, "costOfRevenue": 258914000, "grossProfit": 280093000, "grossProfitRatio": 0.5196463126, "researchAndDevelopmentExpenses": 56588000, "generalAndAdministrativeExpenses": 75541000, "sellingAndMarketingExpenses": 77607000, "sellingGeneralAndAdministrativeExpenses": 153148000, "otherExpenses": 12295000, "operatingExpenses": 222031000, "costAndExpenses": 480945000, "interestIncome": 5808000, "interestExpense": 0, "depreciationAndAmortization": 58105000, "ebitda": 156484000, "ebitdaratio": 0.2903190497, "operatingIncome": 58062000, "operatingIncomeRatio": 0.1077203079, "totalOtherIncomeExpensesNet": 6466000, "incomeBeforeTax": 64528000, "incomeBeforeTaxRatio": 0.1197164415, "incomeTaxExpense": 7698000, "netIncome": 56829000, "netIncomeRatio": 0.105432768, "eps": 0.5, "epsdiluted": 0.5, "weightedAverageShsOut": 112614000, "weightedAverageShsOutDil": 113939000, "link": "https://www.sec.gov/Archives/edgar/data/946581/000162828019006691/0001628280-19-006691-index.htm", "finalLink": "https://www.sec.gov/Archives/edgar/data/946581/000162828019006691/ttwo10k03312019.htm"}, {"date": "2018-12-31", "symbol": "TTWO", "reportedCurrency": "USD", "cik": "0000946581", "fillingDate": "2019-02-06", "acceptedDate": "2019-02-06 16:35:04", "calendarYear": "2019", "period": "Q3", "revenue": 1248738000, "costOfRevenue": 898484000, "grossProfit": 350254000, "grossProfitRatio": 0.280486379, "researchAndDevelopmentExpenses": 62305000, "generalAndAdministrativeExpenses": 70638000, "sellingAndMarketingExpenses": 161322000, "sellingGeneralAndAdministrativeExpenses": 231960000, "otherExpenses": 4210000, "operatingExpenses": 298475000, "costAndExpenses": 1196959000, "interestIncome": 8071000, "interestExpense": 0, "depreciationAndAmortization": 155427000, "ebitda": 201276000, "ebitdaratio": 0.1611835309, "operatingIncome": 51779000, "operatingIncomeRatio": 0.0414650631, "totalOtherIncomeExpensesNet": 8071000, "incomeBeforeTax": 59850000, "incomeBeforeTaxRatio": 0.0479283885, "incomeTaxExpense": -120098000, "netIncome": 179948000, "netIncomeRatio": 0.1441038873, "eps": 1.59, "epsdiluted": 1.57, "weightedAverageShsOut": 113433000, "weightedAverageShsOutDil": 114737000, "link": "https://www.sec.gov/Archives/edgar/data/946581/000162828019001036/0001628280-19-001036-index.htm", "finalLink": "https://www.sec.gov/Archives/edgar/data/946581/000162828019001036/ttwo10q12312018.htm"}, {"date": "2018-09-30", "symbol": "TTWO", "reportedCurrency": "USD", "cik": "0000946581", "fillingDate": "2018-11-08", "acceptedDate": "2018-11-07 18:20:06", "calendarYear": "2019", "period": "Q2", "revenue": 492667000, "costOfRevenue": 234880000, "grossProfit": 257787000, "grossProfitRatio": 0.5232479545, "researchAndDevelopmentExpenses": 60565000, "generalAndAdministrativeExpenses": 67320000, "sellingAndMarketingExpenses": 94165000, "sellingGeneralAndAdministrativeExpenses": 161485000, "otherExpenses": 9751000, "operatingExpenses": 231801000, "costAndExpenses": 466681000, "interestIncome": 4975000, "interestExpense": 0, "depreciationAndAmortization": 28445000, "ebitda": 54431000, "ebitdaratio": 0.1104823339, "operatingIncome": 25986000, "operatingIncomeRatio": 0.0527455665, "totalOtherIncomeExpensesNet": 4975000, "incomeBeforeTax": 30961000, "incomeBeforeTaxRatio": 0.0628436652, "incomeTaxExpense": 5594000, "netIncome": 25367000, "netIncomeRatio": 0.0514891397, "eps": 0.22, "epsdiluted": 0.22, "weightedAverageShsOut": 113735000, "weightedAverageShsOutDil": 116095000, "link": "https://www.sec.gov/Archives/edgar/data/946581/000162828018013920/0001628280-18-013920-index.htm", "finalLink": "https://www.sec.gov/Archives/edgar/data/946581/000162828018013920/ttwo10q09302018.htm"}, {"date": "2018-06-30", "symbol": "TTWO", "reportedCurrency": "USD", "cik": "0000946581", "fillingDate": "2018-08-03", "acceptedDate": "2018-08-02 19:18:30", "calendarYear": "2019", "period": "Q1", "revenue": 387982000, "costOfRevenue": 131365000, "grossProfit": 256617000, "grossProfitRatio": 0.6614147048, "researchAndDevelopmentExpenses": 50712000, "generalAndAdministrativeExpenses": 67735000, "sellingAndMarketingExpenses": 58306000, "sellingGeneralAndAdministrativeExpenses": 126041000, "otherExpenses": 9018000, "operatingExpenses": 185771000, "costAndExpenses": 317136000, "interestIncome": 2697000, "interestExpense": 0, "depreciationAndAmortization": 22849000, "ebitda": 93453000, "ebitdaratio": 0.2408694218, "operatingIncome": 70846000, "operatingIncomeRatio": 0.1826012547, "totalOtherIncomeExpensesNet": 6601000, "incomeBeforeTax": 77447000, "incomeBeforeTaxRatio": 0.1996149306, "incomeTaxExpense": 5754000, "netIncome": 71693000, "netIncomeRatio": 0.1847843457, "eps": 0.63, "epsdiluted": 0.62, "weightedAverageShsOut": 112941000, "weightedAverageShsOutDil": 115985000, "link": "https://www.sec.gov/Archives/edgar/data/946581/000162828018010376/0001628280-18-010376-index.htm", "finalLink": "https://www.sec.gov/Archives/edgar/data/946581/000162828018010376/ttwo10q06302018.htm"}, {"date": "2018-03-31", "symbol": "TTWO", "reportedCurrency": "USD", "cik": "0000946581", "fillingDate": "2018-05-17", "acceptedDate": "2018-05-16 18:45:03", "calendarYear": "2018", "period": "Q4", "revenue": 450274000, "costOfRevenue": 189211000, "grossProfit": 261063000, "grossProfitRatio": 0.5797869742, "researchAndDevelopmentExpenses": 54128000, "generalAndAdministrativeExpenses": 60450000, "sellingAndMarketingExpenses": 47451000, "sellingGeneralAndAdministrativeExpenses": 107901000, "otherExpenses": 11209000, "operatingExpenses": 173238000, "costAndExpenses": 362449000, "interestIncome": 4689000, "interestExpense": 0, "depreciationAndAmortization": 32981000, "ebitda": 122536000, "ebitdaratio": 0.2721365213, "operatingIncome": 87825000, "operatingIncomeRatio": 0.1950479042, "totalOtherIncomeExpensesNet": 3451000, "incomeBeforeTax": 91276000, "incomeBeforeTaxRatio": 0.2027121264, "incomeTaxExpense": 423000, "netIncome": 90853000, "netIncomeRatio": 0.2017726984, "eps": 0.8, "epsdiluted": 0.77, "weightedAverageShsOut": 113330000, "weightedAverageShsOutDil": 118675000, "link": "https://www.sec.gov/Archives/edgar/data/946581/000162828018006877/0001628280-18-006877-index.htm", "finalLink": "https://www.sec.gov/Archives/edgar/data/946581/000162828018006877/ttwo10k03312018.htm"}, {"date": "2017-12-31", "symbol": "TTWO", "reportedCurrency": "USD", "cik": "0000946581", "fillingDate": "2018-02-08", "acceptedDate": "2018-02-07 18:08:34", "calendarYear": "2018", "period": "Q3", "revenue": 480840000, "costOfRevenue": 267983000, "grossProfit": 212857000, "grossProfitRatio": 0.4426773979, "researchAndDevelopmentExpenses": 49977000, "generalAndAdministrativeExpenses": 65951000, "sellingAndMarketingExpenses": 79513000, "sellingGeneralAndAdministrativeExpenses": 145464000, "otherExpenses": 8564000, "operatingExpenses": 204005000, "costAndExpenses": 471988000, "interestIncome": 4194000, "interestExpense": 0, "depreciationAndAmortization": 40421000, "ebitda": 49973000, "ebitdaratio": 0.1039285417, "operatingIncome": 8852000, "operatingIncomeRatio": 0.0184094501, "totalOtherIncomeExpensesNet": 3374000, "incomeBeforeTax": 12226000, "incomeBeforeTaxRatio": 0.0254263372, "incomeTaxExpense": -12914000, "netIncome": 25140000, "netIncomeRatio": 0.0522835039, "eps": 0.22, "epsdiluted": 0.21, "weightedAverageShsOut": 113712000, "weightedAverageShsOutDil": 117639000, "link": "https://www.sec.gov/Archives/edgar/data/946581/000162828018001226/0001628280-18-001226-index.htm", "finalLink": "https://www.sec.gov/Archives/edgar/data/946581/000162828018001226/ttwo10q12312017.htm"}, {"date": "2017-09-30", "symbol": "TTWO", "reportedCurrency": "USD", "cik": "0000946581", "fillingDate": "2017-11-08", "acceptedDate": "2017-11-07 18:51:24", "calendarYear": "2018", "period": "Q2", "revenue": 443562000, "costOfRevenue": 246548000, "grossProfit": 197014000, "grossProfitRatio": 0.4441633864, "researchAndDevelopmentExpenses": 49999000, "generalAndAdministrativeExpenses": 60824000, "sellingAndMarketingExpenses": 76914000, "sellingGeneralAndAdministrativeExpenses": 137738000, "otherExpenses": 20596000, "operatingExpenses": 208333000, "costAndExpenses": 454881000, "interestIncome": 0, "interestExpense": 2969000, "depreciationAndAmortization": 37387000, "ebitda": 27781000, "ebitdaratio": 0.0626316051, "operatingIncome": -11319000, "operatingIncomeRatio": -0.0255184168, "totalOtherIncomeExpensesNet": -2969000, "incomeBeforeTax": -14288000, "incomeBeforeTaxRatio": -0.0322119568, "incomeTaxExpense": -11552000, "netIncome": -2736000, "netIncomeRatio": -0.0061682471, "eps": -0.025, "epsdiluted": -0.025, "weightedAverageShsOut": 109430000, "weightedAverageShsOutDil": 109430000, "link": "https://www.sec.gov/Archives/edgar/data/946581/000162828017011117/0001628280-17-011117-index.htm", "finalLink": "https://www.sec.gov/Archives/edgar/data/946581/000162828017011117/ttwo10q9302017.htm"}, {"date": "2017-06-30", "symbol": "TTWO", "reportedCurrency": "USD", "cik": "0000946581", "fillingDate": "2017-08-03", "acceptedDate": "2017-08-02 18:46:48", "calendarYear": "2018", "period": "Q1", "revenue": 418216000, "costOfRevenue": 194569000, "grossProfit": 223647000, "grossProfitRatio": 0.5347643323, "researchAndDevelopmentExpenses": 42269000, "generalAndAdministrativeExpenses": 60603000, "sellingAndMarketingExpenses": 52214000, "sellingGeneralAndAdministrativeExpenses": 112817000, "otherExpenses": 18342000, "operatingExpenses": 173428000, "costAndExpenses": 367997000, "interestIncome": 0, "interestExpense": 2808000, "depreciationAndAmortization": 34130000, "ebitda": 94948000, "ebitdaratio": 0.2270310079, "operatingIncome": 50219000, "operatingIncomeRatio": 0.1200790979, "totalOtherIncomeExpensesNet": -2808000, "incomeBeforeTax": 47411000, "incomeBeforeTaxRatio": 0.1133648641, "incomeTaxExpense": -12865000, "netIncome": 60276000, "netIncomeRatio": 0.1441264801, "eps": 0.57, "epsdiluted": 0.56, "weightedAverageShsOut": 104465000, "weightedAverageShsOutDil": 117753000, "link": "https://www.sec.gov/Archives/edgar/data/946581/000162828017007899/0001628280-17-007899-index.htm", "finalLink": "https://www.sec.gov/Archives/edgar/data/946581/000162828017007899/ttwo10q6302017.htm"}, {"date": "2017-03-31", "symbol": "TTWO", "reportedCurrency": "USD", "cik": "0000946581", "fillingDate": "2017-05-24", "acceptedDate": "2017-05-23 20:18:26", "calendarYear": "2017", "period": "Q4", "revenue": 571556000, "costOfRevenue": 314900000, "grossProfit": 256656000, "grossProfitRatio": 0.4490478623, "researchAndDevelopmentExpenses": 36421000, "generalAndAdministrativeExpenses": 62042000, "sellingAndMarketingExpenses": 38312000, "sellingGeneralAndAdministrativeExpenses": 100354000, "otherExpenses": 8378000, "operatingExpenses": 145153000, "costAndExpenses": 460053000, "interestIncome": 0, "interestExpense": 1782000, "depreciationAndAmortization": 105610000, "ebitda": 217113000, "ebitdaratio": 0.3798630405, "operatingIncome": 111503000, "operatingIncomeRatio": 0.1950867457, "totalOtherIncomeExpensesNet": -392000, "incomeBeforeTax": 111111000, "incomeBeforeTaxRatio": 0.1944008986, "incomeTaxExpense": 11831000, "netIncome": 99280000, "netIncomeRatio": 0.1737012646, "eps": 0.97, "epsdiluted": 0.89, "weightedAverageShsOut": 100490000, "weightedAverageShsOutDil": 117245000, "link": "https://www.sec.gov/Archives/edgar/data/946581/000162828017005833/0001628280-17-005833-index.htm", "finalLink": "https://www.sec.gov/Archives/edgar/data/946581/000162828017005833/ttwo10k03312017.htm"}, {"date": "2016-12-31", "symbol": "TTWO", "reportedCurrency": "USD", "cik": "0000946581", "fillingDate": "2017-05-23", "acceptedDate": "2017-05-23 17:17:44", "calendarYear": "2017", "period": "Q3", "revenue": 476473000, "costOfRevenue": 311074000, "grossProfit": 165399000, "grossProfitRatio": 0.3471319466, "researchAndDevelopmentExpenses": 37589000, "generalAndAdministrativeExpenses": 52939000, "sellingAndMarketingExpenses": 95820000, "sellingGeneralAndAdministrativeExpenses": 148759000, "otherExpenses": 7460000, "operatingExpenses": 193808000, "costAndExpenses": 504882000, "interestIncome": 0, "interestExpense": 3715000, "depreciationAndAmortization": 75418000, "ebitda": 47009000, "ebitdaratio": 0.0986603648, "operatingIncome": -28409000, "operatingIncomeRatio": -0.0596235254, "totalOtherIncomeExpensesNet": -3715000, "incomeBeforeTax": -32124000, "incomeBeforeTaxRatio": -0.0674203995, "incomeTaxExpense": -2282000, "netIncome": -29842000, "netIncomeRatio": -0.062631041, "eps": -0.33, "epsdiluted": -0.33, "weightedAverageShsOut": 90428000, "weightedAverageShsOutDil": 90428000, "link": "https://www.sec.gov/Archives/edgar/data/946581/000110465917034645/0001104659-17-034645-index.htm", "finalLink": "https://www.sec.gov/Archives/edgar/data/946581/000110465917034645/a17-14046_110qa.htm"}, {"date": "2016-09-30", "symbol": "TTWO", "reportedCurrency": "USD", "cik": "0000946581", "fillingDate": "2016-11-03", "acceptedDate": "2016-11-02 18:26:43", "calendarYear": "2017", "period": "Q2", "revenue": 420167000, "costOfRevenue": 205605000, "grossProfit": 214562000, "grossProfitRatio": 0.5106588571, "researchAndDevelopmentExpenses": 30005000, "generalAndAdministrativeExpenses": 49685000, "sellingAndMarketingExpenses": 80187000, "sellingGeneralAndAdministrativeExpenses": 129872000, "otherExpenses": 7491000, "operatingExpenses": 167368000, "costAndExpenses": 372973000, "interestIncome": 0, "interestExpense": 7078000, "depreciationAndAmortization": 29916000, "ebitda": 77110000, "ebitdaratio": 0.1835222661, "operatingIncome": 47194000, "operatingIncomeRatio": 0.1123220053, "totalOtherIncomeExpensesNet": -7078000, "incomeBeforeTax": 40116000, "incomeBeforeTaxRatio": 0.0954763225, "incomeTaxExpense": 3684000, "netIncome": 36432000, "netIncomeRatio": 0.0867083802, "eps": 0.42, "epsdiluted": 0.39, "weightedAverageShsOut": 85393000, "weightedAverageShsOutDil": 115202000, "link": "https://www.sec.gov/Archives/edgar/data/946581/000104746916016473/0001047469-16-016473-index.htm", "finalLink": "https://www.sec.gov/Archives/edgar/data/946581/000104746916016473/a2230164z10-q.htm"}, {"date": "2016-06-30", "symbol": "TTWO", "reportedCurrency": "USD", "cik": "0000946581", "fillingDate": "2016-08-05", "acceptedDate": "2016-08-04 18:17:46", "calendarYear": "2017", "period": "Q1", "revenue": 311552000, "costOfRevenue": 191380000, "grossProfit": 120172000, "grossProfitRatio": 0.3857205218, "researchAndDevelopmentExpenses": 33900000, "generalAndAdministrativeExpenses": 46743000, "sellingAndMarketingExpenses": 71134000, "sellingGeneralAndAdministrativeExpenses": 117877000, "otherExpenses": 7378000, "operatingExpenses": 159155000, "costAndExpenses": 350535000, "interestIncome": 0, "interestExpense": 4506000, "depreciationAndAmortization": 48412000, "ebitda": 9429000, "ebitdaratio": 0.0302646107, "operatingIncome": -38983000, "operatingIncomeRatio": -0.1251251797, "totalOtherIncomeExpensesNet": -3156000, "incomeBeforeTax": -42139000, "incomeBeforeTaxRatio": -0.1352551099, "incomeTaxExpense": -3572000, "netIncome": -38567000, "netIncomeRatio": -0.1237899291, "eps": -0.46, "epsdiluted": -0.46, "weightedAverageShsOut": 83841304, "weightedAverageShsOutDil": 84588000, "link": "https://www.sec.gov/Archives/edgar/data/946581/000104746916014693/0001047469-16-014693-index.htm", "finalLink": "https://www.sec.gov/Archives/edgar/data/946581/000104746916014693/a2229342z10-q.htm"}, {"date": "2016-03-31", "symbol": "TTWO", "reportedCurrency": "USD", "cik": "0000946581", "fillingDate": "2016-05-19", "acceptedDate": "2016-05-18 18:19:21", "calendarYear": "2016", "period": "Q4", "revenue": 377206000, "costOfRevenue": 209457000, "grossProfit": 167749000, "grossProfitRatio": 0.4447145592, "researchAndDevelopmentExpenses": 33308000, "generalAndAdministrativeExpenses": 44395000, "sellingAndMarketingExpenses": 38020000, "sellingGeneralAndAdministrativeExpenses": 82415000, "otherExpenses": 7451000, "operatingExpenses": 123174000, "costAndExpenses": 332631000, "interestIncome": 0, "interestExpense": -23948000, "depreciationAndAmortization": 58754000, "ebitda": 103442000, "ebitdaratio": 0.2742321172, "operatingIncome": 44575000, "operatingIncomeRatio": 0.1181715031, "totalOtherIncomeExpensesNet": -3574000, "incomeBeforeTax": 41001000, "incomeBeforeTaxRatio": 0.1086965743, "incomeTaxExpense": -5398000, "netIncome": 46399000, "netIncomeRatio": 0.1230070572, "eps": 0.54, "epsdiluted": 0.48, "weightedAverageShsOut": 83654000, "weightedAverageShsOutDil": 86375000, "link": "https://www.sec.gov/Archives/edgar/data/946581/000104746916013278/0001047469-16-013278-index.htm", "finalLink": "https://www.sec.gov/Archives/edgar/data/946581/000104746916013278/a2228643z10-k.htm"}, {"date": "2015-12-31", "symbol": "TTWO", "reportedCurrency": "USD", "cik": "0000946581", "fillingDate": "2016-02-04", "acceptedDate": "2016-02-04 12:10:37", "calendarYear": "2016", "period": "Q3", "revenue": 414221000, "costOfRevenue": 257861000, "grossProfit": 156360000, "grossProfitRatio": 0.3774796546, "researchAndDevelopmentExpenses": 27944000, "generalAndAdministrativeExpenses": 49061000, "sellingAndMarketingExpenses": 59846000, "sellingGeneralAndAdministrativeExpenses": 108907000, "otherExpenses": 78706000, "operatingExpenses": 215557000, "costAndExpenses": 473418000, "interestIncome": 0, "interestExpense": 8018000, "depreciationAndAmortization": 49871000, "ebitda": 61846000, "ebitdaratio": 0.149306771, "operatingIncome": -59197000, "operatingIncomeRatio": -0.1429116341, "totalOtherIncomeExpensesNet": -8018000, "incomeBeforeTax": -67215000, "incomeBeforeTaxRatio": -0.1622684509, "incomeTaxExpense": -24802000, "netIncome": -42413000, "netIncomeRatio": -0.1023922013, "eps": -0.51, "epsdiluted": -0.51, "weightedAverageShsOut": 83426000, "weightedAverageShsOutDil": 83426000, "link": "https://www.sec.gov/Archives/edgar/data/946581/000104746916010014/0001047469-16-010014-index.htm", "finalLink": "https://www.sec.gov/Archives/edgar/data/946581/000104746916010014/a2227207z10-q.htm"}, {"date": "2015-09-30", "symbol": "TTWO", "reportedCurrency": "USD", "cik": "0000946581", "fillingDate": "2015-11-06", "acceptedDate": "2015-11-05 18:05:35", "calendarYear": "2016", "period": "Q2", "revenue": 346974000, "costOfRevenue": 143940000, "grossProfit": 203034000, "grossProfitRatio": 0.5851562365, "researchAndDevelopmentExpenses": 24413000, "generalAndAdministrativeExpenses": 49961000, "sellingAndMarketingExpenses": 54876000, "sellingGeneralAndAdministrativeExpenses": 104837000, "otherExpenses": 7353000, "operatingExpenses": 136603000, "costAndExpenses": 280543000, "interestIncome": 0, "interestExpense": 8396000, "depreciationAndAmortization": 24610000, "ebitda": 91041000, "ebitdaratio": 0.2623856543, "operatingIncome": 66431000, "operatingIncomeRatio": 0.1914581496, "totalOtherIncomeExpensesNet": -8396000, "incomeBeforeTax": 58035000, "incomeBeforeTaxRatio": 0.1672603711, "incomeTaxExpense": 3300000, "netIncome": 54735000, "netIncomeRatio": 0.157749572, "eps": 0.63, "epsdiluted": 0.55, "weightedAverageShsOut": 87560000, "weightedAverageShsOutDil": 83129500, "link": "https://www.sec.gov/Archives/edgar/data/946581/000104746915008367/0001047469-15-008367-index.htm", "finalLink": "https://www.sec.gov/Archives/edgar/data/946581/000104746915008367/a2226439z10-q.htm"}, {"date": "2015-06-30", "symbol": "TTWO", "reportedCurrency": "USD", "cik": "0000946581", "fillingDate": "2015-08-10", "acceptedDate": "2015-08-10 16:43:48", "calendarYear": "2016", "period": "Q1", "revenue": 275297000, "costOfRevenue": 202615000, "grossProfit": 72682000, "grossProfitRatio": 0.2640130477, "researchAndDevelopmentExpenses": 34142000, "generalAndAdministrativeExpenses": 49035000, "sellingAndMarketingExpenses": 45567000, "sellingGeneralAndAdministrativeExpenses": 94602000, "otherExpenses": 6575000, "operatingExpenses": 135319000, "costAndExpenses": 337934000, "interestIncome": 0, "interestExpense": 7534000, "depreciationAndAmortization": 30197000, "ebitda": -32440000, "ebitdaratio": -0.1178363731, "operatingIncome": -62637000, "operatingIncomeRatio": -0.2275251819, "totalOtherIncomeExpensesNet": -7534000, "incomeBeforeTax": -70171000, "incomeBeforeTaxRatio": -0.2548919894, "incomeTaxExpense": -3148000, "netIncome": -67023000, "netIncomeRatio": -0.2434570664, "eps": -0.81, "epsdiluted": -0.81, "weightedAverageShsOut": 82833000, "weightedAverageShsOutDil": 82833000, "link": "https://www.sec.gov/Archives/edgar/data/946581/000104746915006749/0001047469-15-006749-index.htm", "finalLink": "https://www.sec.gov/Archives/edgar/data/946581/000104746915006749/a2225573z10-q.htm"}, {"date": "2015-03-31", "symbol": "TTWO", "reportedCurrency": "USD", "cik": "0000946581", "fillingDate": "2015-05-22", "acceptedDate": "2015-05-21 20:45:45", "calendarYear": "2015", "period": "Q4", "revenue": 300089000, "costOfRevenue": 410682000, "grossProfit": -110593000, "grossProfitRatio": -0.3685340016, "researchAndDevelopmentExpenses": 35157000, "generalAndAdministrativeExpenses": 38202000, "sellingAndMarketingExpenses": 52467000, "sellingGeneralAndAdministrativeExpenses": 90669000, "otherExpenses": 5934000, "operatingExpenses": 131760000, "costAndExpenses": 542442000, "interestIncome": 0, "interestExpense": -24689000, "depreciationAndAmortization": 49643000, "ebitda": -192710000, "ebitdaratio": -0.6421761544, "operatingIncome": -242353000, "operatingIncomeRatio": -0.8076037442, "totalOtherIncomeExpensesNet": -7204000, "incomeBeforeTax": -249557000, "incomeBeforeTaxRatio": -0.8316099557, "incomeTaxExpense": -6766000, "netIncome": -242791000, "netIncomeRatio": -0.8090633112, "eps": -2.99, "epsdiluted": -2.99, "weightedAverageShsOut": 81084000, "weightedAverageShsOutDil": 81085000, "link": "https://www.sec.gov/Archives/edgar/data/946581/000104746915004959/0001047469-15-004959-index.htm", "finalLink": "https://www.sec.gov/Archives/edgar/data/946581/000104746915004959/a2224758z10-k.htm"}, {"date": "2014-12-31", "symbol": "TTWO", "reportedCurrency": "USD", "cik": "0000946581", "fillingDate": "2015-02-06", "acceptedDate": "2015-02-06 11:02:20", "calendarYear": "2015", "period": "Q3", "revenue": 531147000, "costOfRevenue": 278013000, "grossProfit": 253134000, "grossProfitRatio": 0.4765799298, "researchAndDevelopmentExpenses": 31221000, "generalAndAdministrativeExpenses": 53564000, "sellingAndMarketingExpenses": 96892000, "sellingGeneralAndAdministrativeExpenses": 150456000, "otherExpenses": 5845000, "operatingExpenses": 187522000, "costAndExpenses": 465535000, "interestIncome": 0, "interestExpense": 9458000, "depreciationAndAmortization": 85538000, "ebitda": 151150000, "ebitdaratio": 0.2845728207, "operatingIncome": 65612000, "operatingIncomeRatio": 0.1235288912, "totalOtherIncomeExpensesNet": -10958000, "incomeBeforeTax": 54654000, "incomeBeforeTaxRatio": 0.1028980678, "incomeTaxExpense": 14561000, "netIncome": 40093000, "netIncomeRatio": 0.0754838114, "eps": 0.46, "epsdiluted": 0.42, "weightedAverageShsOut": 80659000, "weightedAverageShsOutDil": 107114000, "link": "https://www.sec.gov/Archives/edgar/data/946581/000104746915000639/0001047469-15-000639-index.htm", "finalLink": "https://www.sec.gov/Archives/edgar/data/946581/000104746915000639/a2222916z10-q.htm"}, {"date": "2014-09-30", "symbol": "TTWO", "reportedCurrency": "USD", "cik": "0000946581", "fillingDate": "2015-01-09", "acceptedDate": "2015-01-09 16:31:26", "calendarYear": "2015", "period": "Q2", "revenue": 126277000, "costOfRevenue": 52016000, "grossProfit": 74261000, "grossProfitRatio": 0.588080173, "researchAndDevelopmentExpenses": 24533000, "generalAndAdministrativeExpenses": 43975000, "sellingAndMarketingExpenses": 49136000, "sellingGeneralAndAdministrativeExpenses": 93111000, "otherExpenses": 5130000, "operatingExpenses": 122774000, "costAndExpenses": 174790000, "interestIncome": 0, "interestExpense": 7512000, "depreciationAndAmortization": 8165000, "ebitda": -40348000, "ebitdaratio": -0.3195197859, "operatingIncome": -48513000, "operatingIncomeRatio": -0.384179225, "totalOtherIncomeExpensesNet": 11464000, "incomeBeforeTax": -37049000, "incomeBeforeTaxRatio": -0.2933946799, "incomeTaxExpense": 4320000, "netIncome": -41369000, "netIncomeRatio": -0.3276051854, "eps": -0.51, "epsdiluted": -0.51, "weightedAverageShsOut": 80355000, "weightedAverageShsOutDil": 80355000, "link": "https://www.sec.gov/Archives/edgar/data/946581/000110465915001581/0001104659-15-001581-index.htm", "finalLink": "https://www.sec.gov/Archives/edgar/data/946581/000110465915001581/a15-2035_110qa.htm"}, {"date": "2014-06-30", "symbol": "TTWO", "reportedCurrency": "USD", "cik": "0000946581", "fillingDate": "2014-10-24", "acceptedDate": "2014-10-24 17:00:31", "calendarYear": "2015", "period": "Q1", "revenue": 125425000, "costOfRevenue": 54156000, "grossProfit": 71269000, "grossProfitRatio": 0.5682200518, "researchAndDevelopmentExpenses": 24132000, "generalAndAdministrativeExpenses": 39352000, "sellingAndMarketingExpenses": 36846000, "sellingGeneralAndAdministrativeExpenses": 76198000, "otherExpenses": 4148000, "operatingExpenses": 104478000, "costAndExpenses": 158634000, "interestIncome": 0, "interestExpense": 7719000, "depreciationAndAmortization": 11508000, "ebitda": -21701000, "ebitdaratio": -0.1730197329, "operatingIncome": -33209000, "operatingIncomeRatio": -0.264771776, "totalOtherIncomeExpensesNet": -7719000, "incomeBeforeTax": -40928000, "incomeBeforeTaxRatio": -0.3263145306, "incomeTaxExpense": -5525000, "netIncome": -35403000, "netIncomeRatio": -0.2822643014, "eps": -0.45, "epsdiluted": -0.45, "weightedAverageShsOut": 79369000, "weightedAverageShsOutDil": 79369000, "link": "https://www.sec.gov/Archives/edgar/data/946581/000089914014000678/0000899140-14-000678-index.htm", "finalLink": "https://www.sec.gov/Archives/edgar/data/946581/000089914014000678/t12889224a.htm"}, {"date": "2014-03-31", "symbol": "TTWO", "reportedCurrency": "USD", "cik": "0000946581", "fillingDate": "2014-05-14", "acceptedDate": "2014-05-13 19:07:23", "calendarYear": "2014", "period": "Q4", "revenue": 195208000, "costOfRevenue": 108288000, "grossProfit": 86920000, "grossProfitRatio": 0.4452686365, "researchAndDevelopmentExpenses": 28632000, "generalAndAdministrativeExpenses": 50773000, "sellingAndMarketingExpenses": 27577000, "sellingGeneralAndAdministrativeExpenses": 78350000, "otherExpenses": 3522000, "operatingExpenses": 110504000, "costAndExpenses": 218792000, "interestIncome": 7543000, "interestExpense": 0, "depreciationAndAmortization": 17009000, "ebitda": -6575000, "ebitdaratio": -0.0336820212, "operatingIncome": -23584000, "operatingIncomeRatio": -0.1208147207, "totalOtherIncomeExpensesNet": -7535000, "incomeBeforeTax": -31119000, "incomeBeforeTaxRatio": -0.1594145732, "incomeTaxExpense": -345000, "netIncome": -30787000, "netIncomeRatio": -0.1577138232, "eps": -0.4, "epsdiluted": -0.4, "weightedAverageShsOut": 77000000, "weightedAverageShsOutDil": 77000000, "link": "https://www.sec.gov/Archives/edgar/data/946581/000104746914004898/0001047469-14-004898-index.htm", "finalLink": "https://www.sec.gov/Archives/edgar/data/946581/000104746914004898/a2220044z10-k.htm"}, {"date": "2013-12-31", "symbol": "TTWO", "reportedCurrency": "USD", "cik": "0000946581", "fillingDate": "2014-02-04", "acceptedDate": "2014-02-03 19:12:49", "calendarYear": "2014", "period": "Q3", "revenue": 1863869000, "costOfRevenue": 1119734000, "grossProfit": 744135000, "grossProfitRatio": 0.3992421141, "researchAndDevelopmentExpenses": 29233000, "generalAndAdministrativeExpenses": 34718000, "sellingAndMarketingExpenses": 70476000, "sellingGeneralAndAdministrativeExpenses": 105194000, "otherExpenses": 3413000, "operatingExpenses": 137840000, "costAndExpenses": 1257574000, "interestIncome": 0, "interestExpense": 5949000, "depreciationAndAmortization": 171814000, "ebitda": 778109000, "ebitdaratio": 0.41746979, "operatingIncome": 606295000, "operatingIncomeRatio": 0.3252884189, "totalOtherIncomeExpensesNet": -5949000, "incomeBeforeTax": 600346000, "incomeBeforeTaxRatio": 0.322096671, "incomeTaxExpense": 21902000, "netIncome": 578426000, "netIncomeRatio": 0.3103361878, "eps": 5.88, "epsdiluted": 4.69, "weightedAverageShsOut": 85060000, "weightedAverageShsOutDil": 111812000, "link": "https://www.sec.gov/Archives/edgar/data/946581/000104746914000555/0001047469-14-000555-index.htm", "finalLink": "https://www.sec.gov/Archives/edgar/data/946581/000104746914000555/a2218068z10-q.htm"}, {"date": "2013-09-30", "symbol": "TTWO", "reportedCurrency": "USD", "cik": "0000946581", "fillingDate": "2013-10-30", "acceptedDate": "2013-10-30 06:02:19", "calendarYear": "2014", "period": "Q2", "revenue": 148824000, "costOfRevenue": 92463000, "grossProfit": 56361000, "grossProfitRatio": 0.3787090792, "researchAndDevelopmentExpenses": 26520000, "generalAndAdministrativeExpenses": 43023000, "sellingAndMarketingExpenses": 101342000, "sellingGeneralAndAdministrativeExpenses": 144365000, "otherExpenses": 3367000, "operatingExpenses": 174252000, "costAndExpenses": 266715000, "interestIncome": 0, "interestExpense": 10747000, "depreciationAndAmortization": 47193000, "ebitda": -70698000, "ebitdaratio": -0.4750443477, "operatingIncome": -117891000, "operatingIncomeRatio": -0.7921504596, "totalOtherIncomeExpensesNet": -14389000, "incomeBeforeTax": -132280000, "incomeBeforeTaxRatio": -0.8888351341, "incomeTaxExpense": -8185000, "netIncome": -124120000, "netIncomeRatio": -0.834005268, "eps": -1.4, "epsdiluted": -1.4, "weightedAverageShsOut": 88822000, "weightedAverageShsOutDil": 88822000, "link": "https://www.sec.gov/Archives/edgar/data/946581/000104746913010066/0001047469-13-010066-index.htm", "finalLink": "https://www.sec.gov/Archives/edgar/data/946581/000104746913010066/a2217131z10-q.htm"}, {"date": "2013-06-30", "symbol": "TTWO", "reportedCurrency": "USD", "cik": "0000946581", "fillingDate": "2013-07-31", "acceptedDate": "2013-07-30 18:47:18", "calendarYear": "2014", "period": "Q1", "revenue": 142667000, "costOfRevenue": 93842000, "grossProfit": 48825000, "grossProfitRatio": 0.3422305088, "researchAndDevelopmentExpenses": 20871000, "generalAndAdministrativeExpenses": 32860000, "sellingAndMarketingExpenses": 41601000, "sellingGeneralAndAdministrativeExpenses": 74461000, "otherExpenses": 3057000, "operatingExpenses": 98389000, "costAndExpenses": 192231000, "interestIncome": 0, "interestExpense": 11233000, "depreciationAndAmortization": 46434000, "ebitda": -3130000, "ebitdaratio": -0.0219392011, "operatingIncome": -49564000, "operatingIncomeRatio": -0.3474104032, "totalOtherIncomeExpensesNet": -11233000, "incomeBeforeTax": -60797000, "incomeBeforeTaxRatio": -0.4261462006, "incomeTaxExpense": 1087000, "netIncome": -61914000, "netIncomeRatio": -0.4339756216, "eps": -0.71, "epsdiluted": -0.71, "weightedAverageShsOut": 86992000, "weightedAverageShsOutDil": 86992000, "link": "https://www.sec.gov/Archives/edgar/data/946581/000104746913007912/0001047469-13-007912-index.htm", "finalLink": "https://www.sec.gov/Archives/edgar/data/946581/000104746913007912/a2216130z10-q.htm"}, {"date": "2013-03-31", "symbol": "TTWO", "reportedCurrency": "USD", "cik": "0000946581", "fillingDate": "2013-05-14", "acceptedDate": "2013-05-13 19:49:41", "calendarYear": "2013", "period": "Q4", "revenue": 299487000, "costOfRevenue": 154320000, "grossProfit": 145167000, "grossProfitRatio": 0.4847188693, "researchAndDevelopmentExpenses": 21183000, "generalAndAdministrativeExpenses": 40369000, "sellingAndMarketingExpenses": 51747000, "sellingGeneralAndAdministrativeExpenses": 92116000, "otherExpenses": 2806000, "operatingExpenses": 116105000, "costAndExpenses": 270425000, "interestIncome": 7118000, "interestExpense": 0, "depreciationAndAmortization": 44557000, "ebitda": 73619000, "ebitdaratio": 0.2458170138, "operatingIncome": 29062000, "operatingIncomeRatio": 0.0970392705, "totalOtherIncomeExpensesNet": -7789000, "incomeBeforeTax": 21273000, "incomeBeforeTaxRatio": 0.0710314638, "incomeTaxExpense": 103000, "netIncome": 22473000, "netIncomeRatio": 0.0750383155, "eps": 0.24, "epsdiluted": 0.24, "weightedAverageShsOut": 93698000, "weightedAverageShsOutDil": 93698000, "link": "https://www.sec.gov/Archives/edgar/data/946581/000104746913006006/0001047469-13-006006-index.htm", "finalLink": "https://www.sec.gov/Archives/edgar/data/946581/000104746913006006/a2215169z10-k.htm"}, {"date": "2012-12-31", "symbol": "TTWO", "reportedCurrency": "USD", "cik": "0000946581", "fillingDate": "2013-02-06", "acceptedDate": "2013-02-05 18:24:24", "calendarYear": "2013", "period": "Q3", "revenue": 415773000, "costOfRevenue": 216299000, "grossProfit": 199474000, "grossProfitRatio": 0.4797666034, "researchAndDevelopmentExpenses": 22369000, "generalAndAdministrativeExpenses": 32880000, "sellingAndMarketingExpenses": 60724000, "sellingGeneralAndAdministrativeExpenses": 93604000, "otherExpenses": 2509000, "operatingExpenses": 118482000, "costAndExpenses": 334781000, "interestIncome": 0, "interestExpense": 8094000, "depreciationAndAmortization": 51276000, "ebitda": 132268000, "ebitdaratio": 0.3181255156, "operatingIncome": 80992000, "operatingIncomeRatio": 0.194798604, "totalOtherIncomeExpensesNet": -8094000, "incomeBeforeTax": 72898000, "incomeBeforeTaxRatio": 0.1753312505, "incomeTaxExpense": 2021000, "netIncome": 71365000, "netIncomeRatio": 0.1716441424, "eps": 0.76, "epsdiluted": 0.66, "weightedAverageShsOut": 85742000, "weightedAverageShsOutDil": 111763000, "link": "https://www.sec.gov/Archives/edgar/data/946581/000104746913000681/0001047469-13-000681-index.htm", "finalLink": "https://www.sec.gov/Archives/edgar/data/946581/000104746913000681/a2212680z10-q.htm"}, {"date": "2012-09-30", "symbol": "TTWO", "reportedCurrency": "USD", "cik": "0000946581", "fillingDate": "2012-10-31", "acceptedDate": "2012-10-31 07:59:33", "calendarYear": "2013", "period": "Q2", "revenue": 273084000, "costOfRevenue": 158487000, "grossProfit": 114597000, "grossProfitRatio": 0.4196401107, "researchAndDevelopmentExpenses": 19320000, "generalAndAdministrativeExpenses": 30809000, "sellingAndMarketingExpenses": 65851000, "sellingGeneralAndAdministrativeExpenses": 96660000, "otherExpenses": 2550000, "operatingExpenses": 118530000, "costAndExpenses": 277017000, "interestIncome": 0, "interestExpense": 7419000, "depreciationAndAmortization": 50083000, "ebitda": 46150000, "ebitdaratio": 0.1689956204, "operatingIncome": -3933000, "operatingIncomeRatio": -0.014402162, "totalOtherIncomeExpensesNet": -7419000, "incomeBeforeTax": -11352000, "incomeBeforeTaxRatio": -0.0415696269, "incomeTaxExpense": 1085000, "netIncome": -12491000, "netIncomeRatio": -0.0457405048, "eps": -0.15, "epsdiluted": -0.15, "weightedAverageShsOut": 85396000, "weightedAverageShsOutDil": 85396000, "link": "https://www.sec.gov/Archives/edgar/data/946581/000104746912009896/0001047469-12-009896-index.htm", "finalLink": "https://www.sec.gov/Archives/edgar/data/946581/000104746912009896/a2211465z10-q.htm"}, {"date": "2012-06-30", "symbol": "TTWO", "reportedCurrency": "USD", "cik": "0000946581", "fillingDate": "2012-08-01", "acceptedDate": "2012-07-31 18:09:12", "calendarYear": "2013", "period": "Q1", "revenue": 226139000, "costOfRevenue": 186731000, "grossProfit": 39408000, "grossProfitRatio": 0.174264501, "researchAndDevelopmentExpenses": 15312000, "generalAndAdministrativeExpenses": 43202000, "sellingAndMarketingExpenses": 79007000, "sellingGeneralAndAdministrativeExpenses": 122209000, "otherExpenses": 2769000, "operatingExpenses": 140290000, "costAndExpenses": 327021000, "interestIncome": 0, "interestExpense": 8049000, "depreciationAndAmortization": 102466000, "ebitda": 1584000, "ebitdaratio": 0.0070045415, "operatingIncome": -100882000, "operatingIncomeRatio": -0.4461061559, "totalOtherIncomeExpensesNet": -8049000, "incomeBeforeTax": -108931000, "incomeBeforeTaxRatio": -0.4816993088, "incomeTaxExpense": 1841000, "netIncome": -110838000, "netIncomeRatio": -0.4901321753, "eps": -1.3, "epsdiluted": -1.3, "weightedAverageShsOut": 85010000, "weightedAverageShsOutDil": 85010000, "link": "https://www.sec.gov/Archives/edgar/data/946581/000104746912007602/0001047469-12-007602-index.htm", "finalLink": "https://www.sec.gov/Archives/edgar/data/946581/000104746912007602/a2210397z10-q.htm"}, {"date": "2012-03-31", "symbol": "TTWO", "reportedCurrency": "USD", "cik": "0000946581", "fillingDate": "2012-05-23", "acceptedDate": "2012-05-22 19:30:20", "calendarYear": "2012", "period": "Q4", "revenue": 148084000, "costOfRevenue": 116466000, "grossProfit": 31618000, "grossProfitRatio": 0.2135139515, "researchAndDevelopmentExpenses": 14822000, "generalAndAdministrativeExpenses": 35133000, "sellingAndMarketingExpenses": 40065000, "sellingGeneralAndAdministrativeExpenses": 75198000, "otherExpenses": 2740000, "operatingExpenses": 92760000, "costAndExpenses": 209226000, "interestIncome": 0, "interestExpense": 5368000, "depreciationAndAmortization": 36286000, "ebitda": -24856000, "ebitdaratio": -0.1678506793, "operatingIncome": -61142000, "operatingIncomeRatio": -0.4128872802, "totalOtherIncomeExpensesNet": -5368000, "incomeBeforeTax": -66510000, "incomeBeforeTaxRatio": -0.4491369763, "incomeTaxExpense": -505000, "netIncome": -66836000, "netIncomeRatio": -0.4513384295, "eps": -0.79, "epsdiluted": -0.79, "weightedAverageShsOut": 84415000, "weightedAverageShsOutDil": 85010000, "link": "https://www.sec.gov/Archives/edgar/data/946581/000104746912006226/0001047469-12-006226-index.htm", "finalLink": "https://www.sec.gov/Archives/edgar/data/946581/000104746912006226/a2209413z10-k.htm"}, {"date": "2011-12-31", "symbol": "TTWO", "reportedCurrency": "USD", "cik": "0000946581", "fillingDate": "2012-02-03", "acceptedDate": "2012-02-03 06:01:36", "calendarYear": "2012", "period": "Q3", "revenue": 236325000, "costOfRevenue": 126467000, "grossProfit": 109858000, "grossProfitRatio": 0.4648598329, "researchAndDevelopmentExpenses": 16823000, "generalAndAdministrativeExpenses": 29705000, "sellingAndMarketingExpenses": 40228000, "sellingGeneralAndAdministrativeExpenses": 69933000, "otherExpenses": 2854000, "operatingExpenses": 89610000, "costAndExpenses": 216077000, "interestIncome": 0, "interestExpense": 6190000, "depreciationAndAmortization": 35914000, "ebitda": 56162000, "ebitdaratio": 0.2376473077, "operatingIncome": 20248000, "operatingIncomeRatio": 0.0856786205, "totalOtherIncomeExpensesNet": -6190000, "incomeBeforeTax": 14058000, "incomeBeforeTaxRatio": 0.0594858775, "incomeTaxExpense": -127000, "netIncome": 14104000, "netIncomeRatio": 0.0596805247, "eps": 0.16, "epsdiluted": 0.16, "weightedAverageShsOut": 83565000, "weightedAverageShsOutDil": 83565000, "link": "https://www.sec.gov/Archives/edgar/data/946581/000104746912000587/0001047469-12-000587-index.htm", "finalLink": "https://www.sec.gov/Archives/edgar/data/946581/000104746912000587/a2207032z10-q.htm"}, {"date": "2011-09-30", "symbol": "TTWO", "reportedCurrency": "USD", "cik": "0000946581", "fillingDate": "2011-11-08", "acceptedDate": "2011-11-08 17:03:49", "calendarYear": "2012", "period": "Q2", "revenue": 107034000, "costOfRevenue": 74703000, "grossProfit": 32331000, "grossProfitRatio": 0.3020628959, "researchAndDevelopmentExpenses": 15998000, "generalAndAdministrativeExpenses": 25785000, "sellingAndMarketingExpenses": 28773000, "sellingGeneralAndAdministrativeExpenses": 54558000, "otherExpenses": 3284000, "operatingExpenses": 73840000, "costAndExpenses": 148543000, "interestIncome": 0, "interestExpense": 4333000, "depreciationAndAmortization": 15590000, "ebitda": -25919000, "ebitdaratio": -0.2421566979, "operatingIncome": -41509000, "operatingIncomeRatio": -0.3878113497, "totalOtherIncomeExpensesNet": -4333000, "incomeBeforeTax": -45842000, "incomeBeforeTaxRatio": -0.4282938132, "incomeTaxExpense": 1419000, "netIncome": -47371000, "netIncomeRatio": -0.4425789936, "eps": -0.57, "epsdiluted": -0.57, "weightedAverageShsOut": 82940000, "weightedAverageShsOutDil": 82940000, "link": "https://www.sec.gov/Archives/edgar/data/946581/000104746911009224/0001047469-11-009224-index.htm", "finalLink": "https://www.sec.gov/Archives/edgar/data/946581/000104746911009224/a2206110z10-q.htm"}, {"date": "2011-06-30", "symbol": "TTWO", "reportedCurrency": "USD", "cik": "0000946581", "fillingDate": "2011-08-09", "acceptedDate": "2011-08-09 06:11:18", "calendarYear": "2012", "period": "Q1", "revenue": 334380000, "costOfRevenue": 211219000, "grossProfit": 123161000, "grossProfitRatio": 0.3683264549, "researchAndDevelopmentExpenses": 16519000, "generalAndAdministrativeExpenses": 30577000, "sellingAndMarketingExpenses": 74683000, "sellingGeneralAndAdministrativeExpenses": 105260000, "otherExpenses": 3245000, "operatingExpenses": 125024000, "costAndExpenses": 336243000, "interestIncome": 0, "interestExpense": 3680000, "depreciationAndAmortization": 76016000, "ebitda": 74153000, "ebitdaratio": 0.2217626652, "operatingIncome": -1863000, "operatingIncomeRatio": -0.0055715055, "totalOtherIncomeExpensesNet": -3680000, "incomeBeforeTax": -5543000, "incomeBeforeTaxRatio": -0.0165769484, "incomeTaxExpense": 3076000, "netIncome": -8713000, "netIncomeRatio": -0.0260571805, "eps": -0.11, "epsdiluted": -0.11, "weightedAverageShsOut": 82505000, "weightedAverageShsOutDil": 82505000, "link": "https://www.sec.gov/Archives/edgar/data/946581/000104746911007115/0001047469-11-007115-index.htm", "finalLink": "https://www.sec.gov/Archives/edgar/data/946581/000104746911007115/a2205139z10-q.htm"}, {"date": "2011-03-31", "symbol": "TTWO", "reportedCurrency": "USD", "cik": "0000946581", "fillingDate": "2011-05-25", "acceptedDate": "2011-05-24 19:55:19", "calendarYear": "2011", "period": "Q4", "revenue": 182255000, "costOfRevenue": 120043000, "grossProfit": 62212000, "grossProfitRatio": 0.3413459164, "researchAndDevelopmentExpenses": 17248000, "generalAndAdministrativeExpenses": 29170000, "sellingAndMarketingExpenses": 32026000, "sellingGeneralAndAdministrativeExpenses": 61196000, "otherExpenses": 3728000, "operatingExpenses": 82172000, "costAndExpenses": 202215000, "interestIncome": 0, "interestExpense": 4853000, "depreciationAndAmortization": 25325000, "ebitda": 7094000, "ebitdaratio": 0.0389234863, "operatingIncome": -19960000, "operatingIncomeRatio": -0.1095168857, "totalOtherIncomeExpensesNet": -3124000, "incomeBeforeTax": -23084000, "incomeBeforeTaxRatio": -0.1266577049, "incomeTaxExpense": -668000, "netIncome": -22054000, "netIncomeRatio": -0.1210062824, "eps": -0.27, "epsdiluted": -0.26, "weightedAverageShsOut": 82171000, "weightedAverageShsOutDil": 83565000, "link": "https://www.sec.gov/Archives/edgar/data/946581/000104746911005488/0001047469-11-005488-index.htm", "finalLink": "https://www.sec.gov/Archives/edgar/data/946581/000104746911005488/a2204277z10-k.htm"}, {"date": "2010-12-31", "symbol": "TTWO", "reportedCurrency": "USD", "cik": "0000946581", "fillingDate": "2011-02-09", "acceptedDate": "2011-02-09 06:15:04", "calendarYear": "2011", "period": "Q3", "revenue": 334259000, "costOfRevenue": 188650000, "grossProfit": 145609000, "grossProfitRatio": 0.4356172908, "researchAndDevelopmentExpenses": 18073000, "generalAndAdministrativeExpenses": 27492000, "sellingAndMarketingExpenses": 47861000, "sellingGeneralAndAdministrativeExpenses": 75353000, "otherExpenses": 3501000, "operatingExpenses": 96927000, "costAndExpenses": 285577000, "interestIncome": 0, "interestExpense": 4013000, "depreciationAndAmortization": 3501000, "ebitda": 52183000, "ebitdaratio": 0.1561154673, "operatingIncome": 48682000, "operatingIncomeRatio": 0.1456415534, "totalOtherIncomeExpensesNet": -4013000, "incomeBeforeTax": 44669000, "incomeBeforeTaxRatio": 0.1336358931, "incomeTaxExpense": 3849000, "netIncome": 40859000, "netIncomeRatio": 0.1222375463, "eps": 0.47, "epsdiluted": 0.45, "weightedAverageShsOut": 80743000, "weightedAverageShsOutDil": 93682000, "link": "https://www.sec.gov/Archives/edgar/data/946581/000104746911000635/0001047469-11-000635-index.htm", "finalLink": "https://www.sec.gov/Archives/edgar/data/946581/000104746911000635/a2201803z10-q.htm"}, {"date": "2010-07-31", "symbol": "TTWO", "reportedCurrency": "USD", "cik": "0000946581", "fillingDate": "2010-09-03", "acceptedDate": "2010-09-03 07:05:45", "calendarYear": "2011", "period": "Q1", "revenue": 354076000, "costOfRevenue": 240259000, "grossProfit": 113817000, "grossProfitRatio": 0.3214479377, "researchAndDevelopmentExpenses": 17582000, "generalAndAdministrativeExpenses": 24786000, "sellingAndMarketingExpenses": 46706000, "sellingGeneralAndAdministrativeExpenses": 71492000, "otherExpenses": 4058000, "operatingExpenses": 93132000, "costAndExpenses": 333391000, "interestIncome": 0, "interestExpense": 4458000, "depreciationAndAmortization": 55446000, "ebitda": 76131000, "ebitdaratio": 0.215013161, "operatingIncome": 20685000, "operatingIncomeRatio": 0.0584196613, "totalOtherIncomeExpensesNet": -4458000, "incomeBeforeTax": 16227000, "incomeBeforeTaxRatio": 0.045829144, "incomeTaxExpense": 3848000, "netIncome": 5920000, "netIncomeRatio": 0.0167195743, "eps": 0.07, "epsdiluted": 0.07, "weightedAverageShsOut": 79360000, "weightedAverageShsOutDil": 79360000, "link": "https://www.sec.gov/Archives/edgar/data/946581/000104746910007879/0001047469-10-007879-index.htm", "finalLink": "https://www.sec.gov/Archives/edgar/data/946581/000104746910007879/a2200063z10-q.htm"}]