[{"date": "2022-09-30", "symbol": "ABMD", "reportedCurrency": "USD", "cik": "0000815094", "fillingDate": "2022-11-03", "acceptedDate": "2022-11-03 16:14:43", "calendarYear": "2023", "period": "Q2", "revenue": 265921000, "costOfRevenue": 48880000, "grossProfit": 217041000, "grossProfitRatio": 0.8161860101, "researchAndDevelopmentExpenses": 42089000, "generalAndAdministrativeExpenses": 0, "sellingAndMarketingExpenses": 0, "sellingGeneralAndAdministrativeExpenses": 116958000, "otherExpenses": 0, "operatingExpenses": 159047000, "costAndExpenses": 207927000, "interestIncome": 80709000, "interestExpense": 80709000, "depreciationAndAmortization": 6724000, "ebitda": 64718000, "ebitdaratio": 0.2433730318, "operatingIncome": 57994000, "operatingIncomeRatio": 0.2180873267, "totalOtherIncomeExpensesNet": 80709000, "incomeBeforeTax": 138703000, "incomeBeforeTaxRatio": 0.5215947593, "incomeTaxExpense": 32570000, "netIncome": 106133000, "netIncomeRatio": 0.3991147747, "eps": 2.34, "epsdiluted": 2.32, "weightedAverageShsOut": 45372000, "weightedAverageShsOutDil": 45711000, "link": "https://www.sec.gov/Archives/edgar/data/815094/000095017022021880/0000950170-22-021880-index.htm", "finalLink": "https://www.sec.gov/Archives/edgar/data/815094/000095017022021880/abmd-20220930.htm"}, {"date": "2022-06-30", "symbol": "ABMD", "reportedCurrency": "USD", "cik": "0000815094", "fillingDate": "2022-08-04", "acceptedDate": "2022-08-04 16:32:14", "calendarYear": "2023", "period": "Q1", "revenue": 277149000, "costOfRevenue": 52626000, "grossProfit": 224523000, "grossProfitRatio": 0.8101165799, "researchAndDevelopmentExpenses": 40477000, "generalAndAdministrativeExpenses": 0, "sellingAndMarketingExpenses": 0, "sellingGeneralAndAdministrativeExpenses": 117996000, "otherExpenses": 0, "operatingExpenses": 158473000, "costAndExpenses": 211099000, "interestIncome": 3772000, "interestExpense": 3772000, "depreciationAndAmortization": 6620000, "ebitda": 72670000, "ebitdaratio": 0.2622055284, "operatingIncome": 66050000, "operatingIncomeRatio": 0.2383194599, "totalOtherIncomeExpensesNet": 3772000, "incomeBeforeTax": 69822000, "incomeBeforeTaxRatio": 0.2519294675, "incomeTaxExpense": 15268000, "netIncome": 54554000, "netIncomeRatio": 0.1968399669, "eps": 1.2, "epsdiluted": 1.19, "weightedAverageShsOut": 45575000, "weightedAverageShsOutDil": 45922000, "link": "https://www.sec.gov/Archives/edgar/data/815094/000095017022014795/0000950170-22-014795-index.htm", "finalLink": "https://www.sec.gov/Archives/edgar/data/815094/000095017022014795/abmd-20220630.htm"}, {"date": "2022-03-31", "symbol": "ABMD", "reportedCurrency": "USD", "cik": "0000815094", "fillingDate": "2022-05-20", "acceptedDate": "2022-05-20 16:06:36", "calendarYear": "2022", "period": "Q4", "revenue": 269850000, "costOfRevenue": 51457000, "grossProfit": 218393000, "grossProfitRatio": 0.8093125811, "researchAndDevelopmentExpenses": 43785000, "generalAndAdministrativeExpenses": 0, "sellingAndMarketingExpenses": 0, "sellingGeneralAndAdministrativeExpenses": 109605000, "otherExpenses": 0, "operatingExpenses": 153390000, "costAndExpenses": 204847000, "interestIncome": 9759000, "interestExpense": 9759000, "depreciationAndAmortization": 7290000, "ebitda": 75211000, "ebitdaratio": 0.2787141004, "operatingIncome": 65003000, "operatingIncomeRatio": 0.2408856772, "totalOtherIncomeExpensesNet": 9759000, "incomeBeforeTax": 74762000, "incomeBeforeTaxRatio": 0.2770502131, "incomeTaxExpense": 14437000, "netIncome": 60325000, "netIncomeRatio": 0.2235501204, "eps": 1.33, "epsdiluted": 1.31, "weightedAverageShsOut": 45524000, "weightedAverageShsOutDil": 45945000, "link": "https://www.sec.gov/Archives/edgar/data/815094/000095017022010402/0000950170-22-010402-index.htm", "finalLink": "https://www.sec.gov/Archives/edgar/data/815094/000095017022010402/abmd-20220331.htm"}, {"date": "2021-12-31", "symbol": "ABMD", "reportedCurrency": "USD", "cik": "0000815094", "fillingDate": "2022-02-03", "acceptedDate": "2022-02-03 16:01:25", "calendarYear": "2022", "period": "Q3", "revenue": 261176000, "costOfRevenue": 47627000, "grossProfit": 213549000, "grossProfitRatio": 0.8176440408, "researchAndDevelopmentExpenses": 40869000, "generalAndAdministrativeExpenses": 0, "sellingAndMarketingExpenses": 0, "sellingGeneralAndAdministrativeExpenses": 107618000, "otherExpenses": 0, "operatingExpenses": 148487000, "costAndExpenses": 196114000, "interestIncome": 0, "interestExpense": 0, "depreciationAndAmortization": 6926000, "ebitda": 71593000, "ebitdaratio": 0.2741178362, "operatingIncome": 64566000, "operatingIncomeRatio": 0.2472126076, "totalOtherIncomeExpensesNet": -6689000, "incomeBeforeTax": 57877000, "incomeBeforeTaxRatio": 0.2216015254, "incomeTaxExpense": 12125000, "netIncome": 45752000, "netIncomeRatio": 0.1751768922, "eps": 1.01, "epsdiluted": 1, "weightedAverageShsOut": 45508000, "weightedAverageShsOutDil": 45921000, "link": "https://www.sec.gov/Archives/edgar/data/815094/000156459022003810/0001564590-22-003810-index.htm", "finalLink": "https://www.sec.gov/Archives/edgar/data/815094/000156459022003810/abmd-10q_20211231.htm"}, {"date": "2021-09-30", "symbol": "ABMD", "reportedCurrency": "USD", "cik": "0000815094", "fillingDate": "2021-10-28", "acceptedDate": "2021-10-28 16:08:32", "calendarYear": "2022", "period": "Q2", "revenue": 248142000, "costOfRevenue": 43886000, "grossProfit": 204256000, "grossProfitRatio": 0.8231415883, "researchAndDevelopmentExpenses": 41041000, "generalAndAdministrativeExpenses": 0, "sellingAndMarketingExpenses": 0, "sellingGeneralAndAdministrativeExpenses": 102779000, "otherExpenses": 0, "operatingExpenses": 143820000, "costAndExpenses": 187706000, "interestIncome": 0, "interestExpense": 0, "depreciationAndAmortization": 6966000, "ebitda": 66425000, "ebitdaratio": 0.2676894681, "operatingIncome": 60436000, "operatingIncomeRatio": 0.243554094, "totalOtherIncomeExpensesNet": 6835000, "incomeBeforeTax": 67271000, "incomeBeforeTaxRatio": 0.2710988063, "incomeTaxExpense": 10318000, "netIncome": 56953000, "netIncomeRatio": 0.2295177761, "eps": 1.25, "epsdiluted": 1.24, "weightedAverageShsOut": 45437000, "weightedAverageShsOutDil": 45893000, "link": "https://www.sec.gov/Archives/edgar/data/815094/000156459021052645/0001564590-21-052645-index.htm", "finalLink": "https://www.sec.gov/Archives/edgar/data/815094/000156459021052645/abmd-10q_20210930.htm"}, {"date": "2021-06-30", "symbol": "ABMD", "reportedCurrency": "USD", "cik": "0000815094", "fillingDate": "2021-08-05", "acceptedDate": "2021-08-05 16:01:56", "calendarYear": "2022", "period": "Q1", "revenue": 252585000, "costOfRevenue": 45188000, "grossProfit": 207397000, "grossProfitRatio": 0.8210978482, "researchAndDevelopmentExpenses": 37708000, "generalAndAdministrativeExpenses": 0, "sellingAndMarketingExpenses": 0, "sellingGeneralAndAdministrativeExpenses": 103484000, "otherExpenses": 0, "operatingExpenses": 141192000, "costAndExpenses": 186380000, "interestIncome": 0, "interestExpense": 0, "depreciationAndAmortization": 6907000, "ebitda": 187552000, "ebitdaratio": 0.7425302373, "operatingIncome": -49285000, "operatingIncomeRatio": -0.195122434, "totalOtherIncomeExpensesNet": 39935000, "incomeBeforeTax": -9350000, "incomeBeforeTaxRatio": -0.0370172417, "incomeTaxExpense": 17175000, "netIncome": -26525000, "netIncomeRatio": -0.1050141537, "eps": -0.59, "epsdiluted": -0.59, "weightedAverageShsOut": 45311000, "weightedAverageShsOutDil": 45311000, "link": "https://www.sec.gov/Archives/edgar/data/815094/000156459021041562/0001564590-21-041562-index.htm", "finalLink": "https://www.sec.gov/Archives/edgar/data/815094/000156459021041562/abmd-10q_20210630.htm"}, {"date": "2021-03-31", "symbol": "ABMD", "reportedCurrency": "USD", "cik": "0000815094", "fillingDate": "2021-05-21", "acceptedDate": "2021-05-21 16:21:51", "calendarYear": "2021", "period": "Q4", "revenue": 241245000, "costOfRevenue": 46078000, "grossProfit": 195167000, "grossProfitRatio": 0.8089991502, "researchAndDevelopmentExpenses": 31989000, "generalAndAdministrativeExpenses": 0, "sellingAndMarketingExpenses": 0, "sellingGeneralAndAdministrativeExpenses": 100374000, "otherExpenses": 0, "operatingExpenses": 132363000, "costAndExpenses": 178441000, "interestIncome": 0, "interestExpense": 0, "depreciationAndAmortization": 6826000, "ebitda": 68581000, "ebitdaratio": 0.2842794669, "operatingIncome": 62804000, "operatingIncomeRatio": 0.2603328566, "totalOtherIncomeExpensesNet": 10690000, "incomeBeforeTax": 73494000, "incomeBeforeTaxRatio": 0.3046446558, "incomeTaxExpense": 16638000, "netIncome": 56856000, "netIncomeRatio": 0.2356774234, "eps": 1.26, "epsdiluted": 1.24, "weightedAverageShsOut": 45246000, "weightedAverageShsOutDil": 45783000, "link": "https://www.sec.gov/Archives/edgar/data/815094/000156459021029314/0001564590-21-029314-index.htm", "finalLink": "https://www.sec.gov/Archives/edgar/data/815094/000156459021029314/abmd-10k_20210331.htm"}, {"date": "2020-12-31", "symbol": "ABMD", "reportedCurrency": "USD", "cik": "0000815094", "fillingDate": "2021-02-04", "acceptedDate": "2021-02-04 16:02:44", "calendarYear": "2021", "period": "Q3", "revenue": 231663000, "costOfRevenue": 41110000, "grossProfit": 190553000, "grossProfitRatio": 0.8225439539, "researchAndDevelopmentExpenses": 33004000, "generalAndAdministrativeExpenses": 0, "sellingAndMarketingExpenses": 0, "sellingGeneralAndAdministrativeExpenses": 86198000, "otherExpenses": 0, "operatingExpenses": 119202000, "costAndExpenses": 160312000, "interestIncome": 0, "interestExpense": 0, "depreciationAndAmortization": 6134000, "ebitda": 76036000, "ebitdaratio": 0.3282181445, "operatingIncome": 71351000, "operatingIncomeRatio": 0.3079948028, "totalOtherIncomeExpensesNet": 9384000, "incomeBeforeTax": 80735000, "incomeBeforeTaxRatio": 0.3485019187, "incomeTaxExpense": 18867000, "netIncome": 61868000, "netIncomeRatio": 0.267060342, "eps": 1.37, "epsdiluted": 1.35, "weightedAverageShsOut": 45201000, "weightedAverageShsOutDil": 45706000, "link": "https://www.sec.gov/Archives/edgar/data/815094/000156459021004306/0001564590-21-004306-index.htm", "finalLink": "https://www.sec.gov/Archives/edgar/data/815094/000156459021004306/abmd-10q_20201231.htm"}, {"date": "2020-09-30", "symbol": "ABMD", "reportedCurrency": "USD", "cik": "0000815094", "fillingDate": "2020-11-06", "acceptedDate": "2020-11-06 16:00:52", "calendarYear": "2021", "period": "Q2", "revenue": 209764000, "costOfRevenue": 38736000, "grossProfit": 171028000, "grossProfitRatio": 0.8153353292, "researchAndDevelopmentExpenses": 30525000, "generalAndAdministrativeExpenses": 0, "sellingAndMarketingExpenses": 0, "sellingGeneralAndAdministrativeExpenses": 79167000, "otherExpenses": 0, "operatingExpenses": 109692000, "costAndExpenses": 148428000, "interestIncome": 0, "interestExpense": 0, "depreciationAndAmortization": 5657000, "ebitda": 65171000, "ebitdaratio": 0.3106872485, "operatingIncome": 61336000, "operatingIncomeRatio": 0.2924047978, "totalOtherIncomeExpensesNet": 11579000, "incomeBeforeTax": 72915000, "incomeBeforeTaxRatio": 0.3476049274, "incomeTaxExpense": 10702000, "netIncome": 62213000, "netIncomeRatio": 0.2965856868, "eps": 1.38, "epsdiluted": 1.36, "weightedAverageShsOut": 45104000, "weightedAverageShsOutDil": 45661000, "link": "https://www.sec.gov/Archives/edgar/data/815094/000156459020051944/0001564590-20-051944-index.htm", "finalLink": "https://www.sec.gov/Archives/edgar/data/815094/000156459020051944/abmd-10q_20200930.htm"}, {"date": "2020-06-30", "symbol": "ABMD", "reportedCurrency": "USD", "cik": "0000815094", "fillingDate": "2020-08-06", "acceptedDate": "2020-08-06 16:01:51", "calendarYear": "2021", "period": "Q1", "revenue": 164850000, "costOfRevenue": 35983000, "grossProfit": 128867000, "grossProfitRatio": 0.7817227783, "researchAndDevelopmentExpenses": 26357000, "generalAndAdministrativeExpenses": 0, "sellingAndMarketingExpenses": 0, "sellingGeneralAndAdministrativeExpenses": 68444000, "otherExpenses": 0, "operatingExpenses": 94801000, "costAndExpenses": 130784000, "interestIncome": 0, "interestExpense": 0, "depreciationAndAmortization": 5480000, "ebitda": 37149000, "ebitdaratio": 0.2253503185, "operatingIncome": 34066000, "operatingIncomeRatio": 0.2066484683, "totalOtherIncomeExpensesNet": 27010000, "incomeBeforeTax": 61076000, "incomeBeforeTaxRatio": 0.3704943888, "incomeTaxExpense": 16488000, "netIncome": 44588000, "netIncomeRatio": 0.2704761905, "eps": 0.99, "epsdiluted": 0.98, "weightedAverageShsOut": 45010000, "weightedAverageShsOutDil": 45549000, "link": "https://www.sec.gov/Archives/edgar/data/815094/000156459020037706/0001564590-20-037706-index.htm", "finalLink": "https://www.sec.gov/Archives/edgar/data/815094/000156459020037706/abmd-10q_20200630.htm"}, {"date": "2020-03-31", "symbol": "ABMD", "reportedCurrency": "USD", "cik": "0000815094", "fillingDate": "2020-05-21", "acceptedDate": "2020-05-21 16:08:19", "calendarYear": "2020", "period": "Q4", "revenue": 206658000, "costOfRevenue": 39368000, "grossProfit": 167290000, "grossProfitRatio": 0.8095016888, "researchAndDevelopmentExpenses": 25346000, "generalAndAdministrativeExpenses": 0, "sellingAndMarketingExpenses": 0, "sellingGeneralAndAdministrativeExpenses": 83892000, "otherExpenses": 0, "operatingExpenses": 109238000, "costAndExpenses": 148606000, "interestIncome": 0, "interestExpense": 0, "depreciationAndAmortization": 6003000, "ebitda": 60954000, "ebitdaratio": 0.2949510786, "operatingIncome": 58052000, "operatingIncomeRatio": 0.2809085542, "totalOtherIncomeExpensesNet": -18740000, "incomeBeforeTax": 39313000, "incomeBeforeTaxRatio": 0.190232171, "incomeTaxExpense": 7515000, "netIncome": 31798000, "netIncomeRatio": 0.1538677428, "eps": 0.71, "epsdiluted": 0.7, "weightedAverageShsOut": 45040000, "weightedAverageShsOutDil": 45575000, "link": "https://www.sec.gov/Archives/edgar/data/815094/000156459020026547/0001564590-20-026547-index.htm", "finalLink": "https://www.sec.gov/Archives/edgar/data/815094/000156459020026547/abmd-10k_20200331.htm"}, {"date": "2019-12-31", "symbol": "ABMD", "reportedCurrency": "USD", "cik": "0000815094", "fillingDate": "2020-02-06", "acceptedDate": "2020-02-06 16:07:42", "calendarYear": "2020", "period": "Q3", "revenue": 221584000, "costOfRevenue": 39996000, "grossProfit": 181588000, "grossProfitRatio": 0.8194996029, "researchAndDevelopmentExpenses": 25655000, "generalAndAdministrativeExpenses": 0, "sellingAndMarketingExpenses": 0, "sellingGeneralAndAdministrativeExpenses": 85674000, "otherExpenses": 0, "operatingExpenses": 111329000, "costAndExpenses": 151325000, "interestIncome": 0, "interestExpense": 0, "depreciationAndAmortization": 5375000, "ebitda": 72548000, "ebitdaratio": 0.3274063109, "operatingIncome": 70259000, "operatingIncomeRatio": 0.3170761427, "totalOtherIncomeExpensesNet": 26757000, "incomeBeforeTax": 97016000, "incomeBeforeTaxRatio": 0.4378294462, "incomeTaxExpense": 27799000, "netIncome": 69217000, "netIncomeRatio": 0.3123736371, "eps": 1.53, "epsdiluted": 1.51, "weightedAverageShsOut": 45140000, "weightedAverageShsOutDil": 45695000, "link": "https://www.sec.gov/Archives/edgar/data/815094/000156459020003682/0001564590-20-003682-index.htm", "finalLink": "https://www.sec.gov/Archives/edgar/data/815094/000156459020003682/abmd-10q_20191231.htm"}, {"date": "2019-09-30", "symbol": "ABMD", "reportedCurrency": "USD", "cik": "0000815094", "fillingDate": "2019-10-31", "acceptedDate": "2019-10-31 16:13:44", "calendarYear": "2020", "period": "Q2", "revenue": 204974000, "costOfRevenue": 34867000, "grossProfit": 170107000, "grossProfitRatio": 0.8298954989, "researchAndDevelopmentExpenses": 23969000, "generalAndAdministrativeExpenses": 0, "sellingAndMarketingExpenses": 0, "sellingGeneralAndAdministrativeExpenses": 85956000, "otherExpenses": 0, "operatingExpenses": 109925000, "costAndExpenses": 144792000, "interestIncome": 0, "interestExpense": 0, "depreciationAndAmortization": 4687000, "ebitda": 61937000, "ebitdaratio": 0.3021700313, "operatingIncome": 60182000, "operatingIncomeRatio": 0.2936079698, "totalOtherIncomeExpensesNet": -42824000, "incomeBeforeTax": 17358000, "incomeBeforeTaxRatio": 0.0846839111, "incomeTaxExpense": 4287000, "netIncome": 13071000, "netIncomeRatio": 0.0637690634, "eps": 0.29, "epsdiluted": 0.28, "weightedAverageShsOut": 45319000, "weightedAverageShsOutDil": 45912000, "link": "https://www.sec.gov/Archives/edgar/data/815094/000156459019039144/0001564590-19-039144-index.htm", "finalLink": "https://www.sec.gov/Archives/edgar/data/815094/000156459019039144/abmd-10q_20190930.htm"}, {"date": "2019-06-30", "symbol": "ABMD", "reportedCurrency": "USD", "cik": "0000815094", "fillingDate": "2019-08-01", "acceptedDate": "2019-08-01 16:07:07", "calendarYear": "2020", "period": "Q1", "revenue": 207666000, "costOfRevenue": 37073000, "grossProfit": 170593000, "grossProfitRatio": 0.8214777576, "researchAndDevelopmentExpenses": 23790000, "generalAndAdministrativeExpenses": 0, "sellingAndMarketingExpenses": 0, "sellingGeneralAndAdministrativeExpenses": 86078000, "otherExpenses": 0, "operatingExpenses": 109868000, "costAndExpenses": 146941000, "interestIncome": 0, "interestExpense": 0, "depreciationAndAmortization": 4365000, "ebitda": 62041000, "ebitdaratio": 0.2987537681, "operatingIncome": 60725000, "operatingIncomeRatio": 0.2924166691, "totalOtherIncomeExpensesNet": 42413000, "incomeBeforeTax": 103138000, "incomeBeforeTaxRatio": 0.4966532798, "incomeTaxExpense": 14215000, "netIncome": 88923000, "netIncomeRatio": 0.4282020167, "eps": 1.97, "epsdiluted": 1.93, "weightedAverageShsOut": 45215000, "weightedAverageShsOutDil": 46092000, "link": "https://www.sec.gov/Archives/edgar/data/815094/000156459019027945/0001564590-19-027945-index.htm", "finalLink": "https://www.sec.gov/Archives/edgar/data/815094/000156459019027945/abmd-10q_20190630.htm"}, {"date": "2019-03-31", "symbol": "ABMD", "reportedCurrency": "USD", "cik": "0000815094", "fillingDate": "2019-05-23", "acceptedDate": "2019-05-23 16:07:01", "calendarYear": "2019", "period": "Q4", "revenue": 207081000, "costOfRevenue": 34849000, "grossProfit": 172232000, "grossProfitRatio": 0.8317131944, "researchAndDevelopmentExpenses": 25548000, "generalAndAdministrativeExpenses": 0, "sellingAndMarketingExpenses": 0, "sellingGeneralAndAdministrativeExpenses": 81296000, "otherExpenses": 0, "operatingExpenses": 106844000, "costAndExpenses": 141693000, "interestIncome": 0, "interestExpense": 0, "depreciationAndAmortization": 4185000, "ebitda": 66804000, "ebitdaratio": 0.3225984035, "operatingIncome": 65388000, "operatingIncomeRatio": 0.3157604995, "totalOtherIncomeExpensesNet": 33140000, "incomeBeforeTax": 98529000, "incomeBeforeTaxRatio": 0.4757993249, "incomeTaxExpense": 24569000, "netIncome": 73960000, "netIncomeRatio": 0.3571549297, "eps": 1.64, "epsdiluted": 1.6, "weightedAverageShsOut": 45091000, "weightedAverageShsOutDil": 46173000, "link": "https://www.sec.gov/Archives/edgar/data/815094/000156459019020329/0001564590-19-020329-index.htm", "finalLink": "https://www.sec.gov/Archives/edgar/data/815094/000156459019020329/abmd-10k_20190331.htm"}, {"date": "2018-12-31", "symbol": "ABMD", "reportedCurrency": "USD", "cik": "0000815094", "fillingDate": "2019-02-05", "acceptedDate": "2019-02-05 16:29:42", "calendarYear": "2019", "period": "Q3", "revenue": 200563000, "costOfRevenue": 34023000, "grossProfit": 166540000, "grossProfitRatio": 0.8303625295, "researchAndDevelopmentExpenses": 23965000, "generalAndAdministrativeExpenses": 0, "sellingAndMarketingExpenses": 0, "sellingGeneralAndAdministrativeExpenses": 80220000, "otherExpenses": -20000, "operatingExpenses": 104185000, "costAndExpenses": 138208000, "interestIncome": 0, "interestExpense": 0, "depreciationAndAmortization": 3589000, "ebitda": 63769000, "ebitdaratio": 0.3179499708, "operatingIncome": 62355000, "operatingIncomeRatio": 0.310899817, "totalOtherIncomeExpensesNet": 2155000, "incomeBeforeTax": 64510000, "incomeBeforeTaxRatio": 0.3216445705, "incomeTaxExpense": 19648000, "netIncome": 44862000, "netIncomeRatio": 0.2236803398, "eps": 1, "epsdiluted": 0.97, "weightedAverageShsOut": 45046000, "weightedAverageShsOutDil": 46136000, "link": "https://www.sec.gov/Archives/edgar/data/815094/000156459019002003/0001564590-19-002003-index.htm", "finalLink": "https://www.sec.gov/Archives/edgar/data/815094/000156459019002003/abmd-10q_20181231.htm"}, {"date": "2018-09-30", "symbol": "ABMD", "reportedCurrency": "USD", "cik": "0000815094", "fillingDate": "2018-11-06", "acceptedDate": "2018-11-06 16:01:45", "calendarYear": "2019", "period": "Q2", "revenue": 181778000, "costOfRevenue": 29846000, "grossProfit": 151932000, "grossProfitRatio": 0.8358107142, "researchAndDevelopmentExpenses": 22717000, "generalAndAdministrativeExpenses": 0, "sellingAndMarketingExpenses": 0, "sellingGeneralAndAdministrativeExpenses": 78895000, "otherExpenses": -158000, "operatingExpenses": 101612000, "costAndExpenses": 131458000, "interestIncome": 0, "interestExpense": 0, "depreciationAndAmortization": 3388000, "ebitda": 52037000, "ebitdaratio": 0.286266765, "operatingIncome": 50320000, "operatingIncomeRatio": 0.2768211775, "totalOtherIncomeExpensesNet": 1513000, "incomeBeforeTax": 51833000, "incomeBeforeTaxRatio": 0.2851445169, "incomeTaxExpense": 1706000, "netIncome": 50127000, "netIncomeRatio": 0.2757594428, "eps": 1.11, "epsdiluted": 1.09, "weightedAverageShsOut": 44961000, "weightedAverageShsOutDil": 46153000, "link": "https://www.sec.gov/Archives/edgar/data/815094/000156459018027381/0001564590-18-027381-index.htm", "finalLink": "https://www.sec.gov/Archives/edgar/data/815094/000156459018027381/abmd-10q_20180930.htm"}, {"date": "2018-06-30", "symbol": "ABMD", "reportedCurrency": "USD", "cik": "0000815094", "fillingDate": "2018-08-02", "acceptedDate": "2018-08-02 13:45:58", "calendarYear": "2019", "period": "Q1", "revenue": 180010000, "costOfRevenue": 30850000, "grossProfit": 149160000, "grossProfitRatio": 0.8286206322, "researchAndDevelopmentExpenses": 21273000, "generalAndAdministrativeExpenses": 0, "sellingAndMarketingExpenses": 0, "sellingGeneralAndAdministrativeExpenses": 81139000, "otherExpenses": 188000, "operatingExpenses": 102412000, "costAndExpenses": 133262000, "interestIncome": 0, "interestExpense": 0, "depreciationAndAmortization": 2959000, "ebitda": 48156000, "ebitdaratio": 0.2675184712, "operatingIncome": 46748000, "operatingIncomeRatio": 0.2596966835, "totalOtherIncomeExpensesNet": 1739000, "incomeBeforeTax": 48487000, "incomeBeforeTaxRatio": 0.2693572579, "incomeTaxExpense": -41579000, "netIncome": 90066000, "netIncomeRatio": 0.5003388701, "eps": 2.02, "epsdiluted": 1.95, "weightedAverageShsOut": 44546000, "weightedAverageShsOutDil": 46169000, "link": "https://www.sec.gov/Archives/edgar/data/815094/000156459018018814/0001564590-18-018814-index.htm", "finalLink": "https://www.sec.gov/Archives/edgar/data/815094/000156459018018814/abmd-10q_20180630.htm"}, {"date": "2018-03-31", "symbol": "ABMD", "reportedCurrency": "USD", "cik": "0000815094", "fillingDate": "2018-05-24", "acceptedDate": "2018-05-24 16:11:43", "calendarYear": "2018", "period": "Q4", "revenue": 174436000, "costOfRevenue": 30098000, "grossProfit": 144338000, "grossProfitRatio": 0.8274553418, "researchAndDevelopmentExpenses": 21270000, "generalAndAdministrativeExpenses": 0, "sellingAndMarketingExpenses": 0, "sellingGeneralAndAdministrativeExpenses": 75501000, "otherExpenses": -363000, "operatingExpenses": 96771000, "costAndExpenses": 126869000, "interestIncome": 0, "interestExpense": 0, "depreciationAndAmortization": 2905000, "ebitda": 49169000, "ebitdaratio": 0.2818741544, "operatingIncome": 47567000, "operatingIncomeRatio": 0.2726902704, "totalOtherIncomeExpensesNet": 940000, "incomeBeforeTax": 48507000, "incomeBeforeTaxRatio": 0.2780790662, "incomeTaxExpense": 11660000, "netIncome": 36847000, "netIncomeRatio": 0.2112350662, "eps": 0.83, "epsdiluted": 0.8, "weightedAverageShsOut": 44320000, "weightedAverageShsOutDil": 46141000, "link": "https://www.sec.gov/Archives/edgar/data/815094/000156459018014310/0001564590-18-014310-index.htm", "finalLink": "https://www.sec.gov/Archives/edgar/data/815094/000156459018014310/abmd-10k_20180331.htm"}, {"date": "2017-12-31", "symbol": "ABMD", "reportedCurrency": "USD", "cik": "0000815094", "fillingDate": "2018-02-06", "acceptedDate": "2018-02-06 16:23:49", "calendarYear": "2018", "period": "Q3", "revenue": 154022000, "costOfRevenue": 24994000, "grossProfit": 129028000, "grossProfitRatio": 0.8377244809, "researchAndDevelopmentExpenses": 17706000, "generalAndAdministrativeExpenses": 0, "sellingAndMarketingExpenses": 0, "sellingGeneralAndAdministrativeExpenses": 66556000, "otherExpenses": -81000, "operatingExpenses": 84262000, "costAndExpenses": 109256000, "interestIncome": 0, "interestExpense": 0, "depreciationAndAmortization": 2780000, "ebitda": 46577000, "ebitdaratio": 0.3024048513, "operatingIncome": 44766000, "operatingIncomeRatio": 0.2906467907, "totalOtherIncomeExpensesNet": 888000, "incomeBeforeTax": 45654000, "incomeBeforeTaxRatio": 0.2964122009, "incomeTaxExpense": 32208000, "netIncome": 13446000, "netIncomeRatio": 0.087299217, "eps": 0.3, "epsdiluted": 0.29, "weightedAverageShsOut": 44247000, "weightedAverageShsOutDil": 45869000, "link": "https://www.sec.gov/Archives/edgar/data/815094/000156459018001410/0001564590-18-001410-index.htm", "finalLink": "https://www.sec.gov/Archives/edgar/data/815094/000156459018001410/abmd-10q_20171231.htm"}, {"date": "2017-09-30", "symbol": "ABMD", "reportedCurrency": "USD", "cik": "0000815094", "fillingDate": "2017-11-02", "acceptedDate": "2017-11-02 16:33:06", "calendarYear": "2018", "period": "Q2", "revenue": 132823000, "costOfRevenue": 21627000, "grossProfit": 111196000, "grossProfitRatio": 0.8371742846, "researchAndDevelopmentExpenses": 19390000, "generalAndAdministrativeExpenses": 0, "sellingAndMarketingExpenses": 0, "sellingGeneralAndAdministrativeExpenses": 60080000, "otherExpenses": -23000, "operatingExpenses": 79470000, "costAndExpenses": 101097000, "interestIncome": 0, "interestExpense": 0, "depreciationAndAmortization": 2857000, "ebitda": 33802000, "ebitdaratio": 0.2544890569, "operatingIncome": 31726000, "operatingIncomeRatio": 0.2388592337, "totalOtherIncomeExpensesNet": 758000, "incomeBeforeTax": 32484000, "incomeBeforeTaxRatio": 0.2445660767, "incomeTaxExpense": 7981000, "netIncome": 24503000, "netIncomeRatio": 0.1844785918, "eps": 0.56, "epsdiluted": 0.54, "weightedAverageShsOut": 44141000, "weightedAverageShsOutDil": 45698000, "link": "https://www.sec.gov/Archives/edgar/data/815094/000156459017021239/0001564590-17-021239-index.htm", "finalLink": "https://www.sec.gov/Archives/edgar/data/815094/000156459017021239/abmd-10q_20170930.htm"}, {"date": "2017-06-30", "symbol": "ABMD", "reportedCurrency": "USD", "cik": "0000815094", "fillingDate": "2017-08-01", "acceptedDate": "2017-08-01 15:06:52", "calendarYear": "2018", "period": "Q1", "revenue": 132468000, "costOfRevenue": 21862000, "grossProfit": 110606000, "grossProfitRatio": 0.8349639158, "researchAndDevelopmentExpenses": 16931000, "generalAndAdministrativeExpenses": 0, "sellingAndMarketingExpenses": 0, "sellingGeneralAndAdministrativeExpenses": 60597000, "otherExpenses": 79000, "operatingExpenses": 77528000, "costAndExpenses": 99390000, "interestIncome": 0, "interestExpense": 0, "depreciationAndAmortization": 2463000, "ebitda": 34906000, "ebitdaratio": 0.2635051484, "operatingIncome": 33078000, "operatingIncomeRatio": 0.2497055893, "totalOtherIncomeExpensesNet": 714000, "incomeBeforeTax": 33792000, "incomeBeforeTaxRatio": 0.2550955703, "incomeTaxExpense": -3582000, "netIncome": 37374000, "netIncomeRatio": 0.282136063, "eps": 0.85, "epsdiluted": 0.82, "weightedAverageShsOut": 43895000, "weightedAverageShsOutDil": 45608000, "link": "https://www.sec.gov/Archives/edgar/data/815094/000156459017014620/0001564590-17-014620-index.htm", "finalLink": "https://www.sec.gov/Archives/edgar/data/815094/000156459017014620/abmd-10q_20170630.htm"}, {"date": "2017-03-31", "symbol": "ABMD", "reportedCurrency": "USD", "cik": "0000815094", "fillingDate": "2017-05-25", "acceptedDate": "2017-05-25 16:08:18", "calendarYear": "2017", "period": "Q4", "revenue": 124680000, "costOfRevenue": 19261000, "grossProfit": 105419000, "grossProfitRatio": 0.8455165223, "researchAndDevelopmentExpenses": 16325000, "generalAndAdministrativeExpenses": 0, "sellingAndMarketingExpenses": 0, "sellingGeneralAndAdministrativeExpenses": 60100000, "otherExpenses": -124000, "operatingExpenses": 76425000, "costAndExpenses": 95686000, "interestIncome": 0, "interestExpense": 0, "depreciationAndAmortization": 1714000, "ebitda": 30222000, "ebitdaratio": 0.2423965351, "operatingIncome": 28994000, "operatingIncomeRatio": 0.2325473211, "totalOtherIncomeExpensesNet": 362000, "incomeBeforeTax": 29356000, "incomeBeforeTaxRatio": 0.2354507539, "incomeTaxExpense": 14457000, "netIncome": 14899000, "netIncomeRatio": 0.1194979147, "eps": 0.34, "epsdiluted": 0.33, "weightedAverageShsOut": 43579000, "weightedAverageShsOutDil": 44924000, "link": "https://www.sec.gov/Archives/edgar/data/815094/000156459017011690/0001564590-17-011690-index.htm", "finalLink": "https://www.sec.gov/Archives/edgar/data/815094/000156459017011690/abmd-10k_20170331.htm"}, {"date": "2016-12-31", "symbol": "ABMD", "reportedCurrency": "USD", "cik": "0000815094", "fillingDate": "2017-02-03", "acceptedDate": "2017-02-03 16:06:37", "calendarYear": "2017", "period": "Q3", "revenue": 114674000, "costOfRevenue": 18987000, "grossProfit": 95687000, "grossProfitRatio": 0.8344262867, "researchAndDevelopmentExpenses": 16349000, "generalAndAdministrativeExpenses": 0, "sellingAndMarketingExpenses": 0, "sellingGeneralAndAdministrativeExpenses": 53935000, "otherExpenses": -34000, "operatingExpenses": 70284000, "costAndExpenses": 89271000, "interestIncome": 0, "interestExpense": 0, "depreciationAndAmortization": 1530000, "ebitda": 26476000, "ebitdaratio": 0.2308805832, "operatingIncome": 25403000, "operatingIncomeRatio": 0.2215236235, "totalOtherIncomeExpensesNet": 423000, "incomeBeforeTax": 25826000, "incomeBeforeTaxRatio": 0.2252123411, "incomeTaxExpense": 10394000, "netIncome": 15432000, "netIncomeRatio": 0.1345727889, "eps": 0.36, "epsdiluted": 0.34, "weightedAverageShsOut": 43431000, "weightedAverageShsOutDil": 44770000, "link": "https://www.sec.gov/Archives/edgar/data/815094/000156459017000958/0001564590-17-000958-index.htm", "finalLink": "https://www.sec.gov/Archives/edgar/data/815094/000156459017000958/abmd-10q_20161231.htm"}, {"date": "2016-09-30", "symbol": "ABMD", "reportedCurrency": "USD", "cik": "0000815094", "fillingDate": "2016-11-04", "acceptedDate": "2016-11-04 16:16:24", "calendarYear": "2017", "period": "Q2", "revenue": 102955000, "costOfRevenue": 17309000, "grossProfit": 85646000, "grossProfitRatio": 0.831878005, "researchAndDevelopmentExpenses": 18052000, "generalAndAdministrativeExpenses": 0, "sellingAndMarketingExpenses": 0, "sellingGeneralAndAdministrativeExpenses": 53086000, "otherExpenses": -114000, "operatingExpenses": 71138000, "costAndExpenses": 88447000, "interestIncome": 0, "interestExpense": 0, "depreciationAndAmortization": 1552000, "ebitda": 15718000, "ebitdaratio": 0.1526686416, "operatingIncome": 14508000, "operatingIncomeRatio": 0.1409159341, "totalOtherIncomeExpensesNet": 228000, "incomeBeforeTax": 14736000, "incomeBeforeTaxRatio": 0.1431304939, "incomeTaxExpense": 5861000, "netIncome": 8875000, "netIncomeRatio": 0.0862027099, "eps": 0.21, "epsdiluted": 0.2, "weightedAverageShsOut": 43129000, "weightedAverageShsOutDil": 44580000, "link": "https://www.sec.gov/Archives/edgar/data/815094/000156459016027656/0001564590-16-027656-index.htm", "finalLink": "https://www.sec.gov/Archives/edgar/data/815094/000156459016027656/abmd-10q_20160930.htm"}, {"date": "2016-06-30", "symbol": "ABMD", "reportedCurrency": "USD", "cik": "0000815094", "fillingDate": "2016-08-03", "acceptedDate": "2016-08-03 15:08:34", "calendarYear": "2017", "period": "Q1", "revenue": 102995000, "costOfRevenue": 15070000, "grossProfit": 87925000, "grossProfitRatio": 0.8536822176, "researchAndDevelopmentExpenses": 15660000, "generalAndAdministrativeExpenses": 0, "sellingAndMarketingExpenses": 0, "sellingGeneralAndAdministrativeExpenses": 51032000, "otherExpenses": -77000, "operatingExpenses": 66692000, "costAndExpenses": 81762000, "interestIncome": 0, "interestExpense": 0, "depreciationAndAmortization": 1406000, "ebitda": 22370000, "ebitdaratio": 0.2171950095, "operatingIncome": 21233000, "operatingIncomeRatio": 0.2061556386, "totalOtherIncomeExpensesNet": 192000, "incomeBeforeTax": 21425000, "incomeBeforeTaxRatio": 0.2080198068, "incomeTaxExpense": 8515000, "netIncome": 12910000, "netIncomeRatio": 0.1253458906, "eps": 0.3, "epsdiluted": 0.29, "weightedAverageShsOut": 42811000, "weightedAverageShsOutDil": 45178000, "link": "https://www.sec.gov/Archives/edgar/data/815094/000156459016022298/0001564590-16-022298-index.htm", "finalLink": "https://www.sec.gov/Archives/edgar/data/815094/000156459016022298/abmd-10q_20160630.htm"}, {"date": "2016-03-31", "symbol": "ABMD", "reportedCurrency": "USD", "cik": "0000815094", "fillingDate": "2016-05-26", "acceptedDate": "2016-05-26 16:09:12", "calendarYear": "2016", "period": "Q4", "revenue": 93957000, "costOfRevenue": 14663000, "grossProfit": 79294000, "grossProfitRatio": 0.8439392488, "researchAndDevelopmentExpenses": 14225000, "generalAndAdministrativeExpenses": 0, "sellingAndMarketingExpenses": 0, "sellingGeneralAndAdministrativeExpenses": 45256000, "otherExpenses": -111000, "operatingExpenses": 59481000, "costAndExpenses": 74144000, "interestIncome": 0, "interestExpense": 0, "depreciationAndAmortization": 1063000, "ebitda": 20690000, "ebitdaratio": 0.220207116, "operatingIncome": 19813000, "operatingIncomeRatio": 0.210873059, "totalOtherIncomeExpensesNet": 414000, "incomeBeforeTax": 20227000, "incomeBeforeTaxRatio": 0.2152793299, "incomeTaxExpense": 9229000, "netIncome": 10998000, "netIncomeRatio": 0.1170535458, "eps": 0.26, "epsdiluted": 0.24, "weightedAverageShsOut": 42463000, "weightedAverageShsOutDil": 45112000, "link": "https://www.sec.gov/Archives/edgar/data/815094/000156459016020014/0001564590-16-020014-index.htm", "finalLink": "https://www.sec.gov/Archives/edgar/data/815094/000156459016020014/abmd-10k_20160331.htm"}, {"date": "2015-12-31", "symbol": "ABMD", "reportedCurrency": "USD", "cik": "0000815094", "fillingDate": "2016-02-05", "acceptedDate": "2016-02-05 16:08:32", "calendarYear": "2016", "period": "Q3", "revenue": 85795000, "costOfRevenue": 12744000, "grossProfit": 73051000, "grossProfitRatio": 0.8514598753, "researchAndDevelopmentExpenses": 13755000, "generalAndAdministrativeExpenses": 0, "sellingAndMarketingExpenses": 0, "sellingGeneralAndAdministrativeExpenses": 41853000, "otherExpenses": -29000, "operatingExpenses": 55608000, "costAndExpenses": 68352000, "interestIncome": 0, "interestExpense": 0, "depreciationAndAmortization": 862000, "ebitda": 18221000, "ebitdaratio": 0.2123783437, "operatingIncome": 17443000, "operatingIncomeRatio": 0.2033102162, "totalOtherIncomeExpensesNet": 55000, "incomeBeforeTax": 17498000, "incomeBeforeTaxRatio": 0.2039512792, "incomeTaxExpense": 6943000, "netIncome": 10555000, "netIncomeRatio": 0.1230258174, "eps": 0.25, "epsdiluted": 0.23, "weightedAverageShsOut": 42427000, "weightedAverageShsOutDil": 44949000, "link": "https://www.sec.gov/Archives/edgar/data/815094/000156459016012405/0001564590-16-012405-index.htm", "finalLink": "https://www.sec.gov/Archives/edgar/data/815094/000156459016012405/abmd-10q_20151231.htm"}, {"date": "2015-09-30", "symbol": "ABMD", "reportedCurrency": "USD", "cik": "0000815094", "fillingDate": "2015-11-04", "acceptedDate": "2015-11-04 16:06:42", "calendarYear": "2016", "period": "Q2", "revenue": 76359000, "costOfRevenue": 12144000, "grossProfit": 64215000, "grossProfitRatio": 0.8409617727, "researchAndDevelopmentExpenses": 11569000, "generalAndAdministrativeExpenses": 0, "sellingAndMarketingExpenses": 0, "sellingGeneralAndAdministrativeExpenses": 39829000, "otherExpenses": 87000, "operatingExpenses": 51398000, "costAndExpenses": 63542000, "interestIncome": 0, "interestExpense": 0, "depreciationAndAmortization": 689000, "ebitda": 13444000, "ebitdaratio": 0.1760630705, "operatingIncome": 12817000, "operatingIncomeRatio": 0.1678518577, "totalOtherIncomeExpensesNet": 149000, "incomeBeforeTax": 12966000, "incomeBeforeTaxRatio": 0.1698031666, "incomeTaxExpense": 5231000, "netIncome": 7735000, "netIncomeRatio": 0.1012978169, "eps": 0.18, "epsdiluted": 0.17, "weightedAverageShsOut": 42228000, "weightedAverageShsOutDil": 44922000, "link": "https://www.sec.gov/Archives/edgar/data/815094/000119312515366085/0001193125-15-366085-index.htm", "finalLink": "https://www.sec.gov/Archives/edgar/data/815094/000119312515366085/d60351d10q.htm"}, {"date": "2015-06-30", "symbol": "ABMD", "reportedCurrency": "USD", "cik": "0000815094", "fillingDate": "2015-08-06", "acceptedDate": "2015-08-06 16:17:24", "calendarYear": "2016", "period": "Q1", "revenue": 73432000, "costOfRevenue": 10868000, "grossProfit": 62564000, "grossProfitRatio": 0.8519991284, "researchAndDevelopmentExpenses": 10210000, "generalAndAdministrativeExpenses": 0, "sellingAndMarketingExpenses": 0, "sellingGeneralAndAdministrativeExpenses": 37323000, "otherExpenses": 53000, "operatingExpenses": 47533000, "costAndExpenses": 58401000, "interestIncome": 0, "interestExpense": 0, "depreciationAndAmortization": 663000, "ebitda": 15631000, "ebitdaratio": 0.2128636017, "operatingIncome": 15031000, "operatingIncomeRatio": 0.204692777, "totalOtherIncomeExpensesNet": 116000, "incomeBeforeTax": 15147000, "incomeBeforeTaxRatio": 0.2062724698, "incomeTaxExpense": 6288000, "netIncome": 8859000, "netIncomeRatio": 0.1206422268, "eps": 0.21, "epsdiluted": 0.2, "weightedAverageShsOut": 41696000, "weightedAverageShsOutDil": 44410000, "link": "https://www.sec.gov/Archives/edgar/data/815094/000119312515281070/0001193125-15-281070-index.htm", "finalLink": "https://www.sec.gov/Archives/edgar/data/815094/000119312515281070/d66518d10q.htm"}, {"date": "2015-03-31", "symbol": "ABMD", "reportedCurrency": "USD", "cik": "0000815094", "fillingDate": "2015-05-28", "acceptedDate": "2015-05-28 17:05:36", "calendarYear": "2015", "period": "Q4", "revenue": 67557000, "costOfRevenue": 10806000, "grossProfit": 56751000, "grossProfitRatio": 0.8400461832, "researchAndDevelopmentExpenses": 9853000, "generalAndAdministrativeExpenses": 0, "sellingAndMarketingExpenses": 0, "sellingGeneralAndAdministrativeExpenses": 34535000, "otherExpenses": 38000, "operatingExpenses": 44388000, "costAndExpenses": 55194000, "interestIncome": 0, "interestExpense": 0, "depreciationAndAmortization": 974000, "ebitda": 13269000, "ebitdaratio": 0.1964119188, "operatingIncome": 12363000, "operatingIncomeRatio": 0.1830010214, "totalOtherIncomeExpensesNet": 9000, "incomeBeforeTax": 12372000, "incomeBeforeTaxRatio": 0.1831342422, "incomeTaxExpense": -86502000, "netIncome": 98874000, "netIncomeRatio": 1.4635641014, "eps": 2.4, "epsdiluted": 2.24, "weightedAverageShsOut": 41168000, "weightedAverageShsOutDil": 44049000, "link": "https://www.sec.gov/Archives/edgar/data/815094/000119312515204302/0001193125-15-204302-index.htm", "finalLink": "https://www.sec.gov/Archives/edgar/data/815094/000119312515204302/d863915d10k.htm"}, {"date": "2014-12-31", "symbol": "ABMD", "reportedCurrency": "USD", "cik": "0000815094", "fillingDate": "2015-01-30", "acceptedDate": "2015-01-30 15:00:24", "calendarYear": "2015", "period": "Q3", "revenue": 62005000, "costOfRevenue": 9838000, "grossProfit": 52167000, "grossProfitRatio": 0.8413353762, "researchAndDevelopmentExpenses": 8365000, "generalAndAdministrativeExpenses": 0, "sellingAndMarketingExpenses": 0, "sellingGeneralAndAdministrativeExpenses": 30139000, "otherExpenses": -10000, "operatingExpenses": 38504000, "costAndExpenses": 48342000, "interestIncome": 0, "interestExpense": 0, "depreciationAndAmortization": 600000, "ebitda": 14215000, "ebitdaratio": 0.2292557052, "operatingIncome": 13663000, "operatingIncomeRatio": 0.2203531973, "totalOtherIncomeExpensesNet": 38000, "incomeBeforeTax": 13701000, "incomeBeforeTaxRatio": 0.2209660511, "incomeTaxExpense": 1017000, "netIncome": 12684000, "netIncomeRatio": 0.2045641481, "eps": 0.31, "epsdiluted": 0.3, "weightedAverageShsOut": 40856000, "weightedAverageShsOutDil": 42884000, "link": "https://www.sec.gov/Archives/edgar/data/815094/000119312515027514/0001193125-15-027514-index.htm", "finalLink": "https://www.sec.gov/Archives/edgar/data/815094/000119312515027514/d846744d10q.htm"}, {"date": "2014-09-30", "symbol": "ABMD", "reportedCurrency": "USD", "cik": "0000815094", "fillingDate": "2014-11-10", "acceptedDate": "2014-11-10 14:36:59", "calendarYear": "2015", "period": "Q2", "revenue": 51938000, "costOfRevenue": 9612000, "grossProfit": 42326000, "grossProfitRatio": 0.8149331896, "researchAndDevelopmentExpenses": 8693000, "generalAndAdministrativeExpenses": 0, "sellingAndMarketingExpenses": 0, "sellingGeneralAndAdministrativeExpenses": 29455000, "otherExpenses": -39000, "operatingExpenses": 38148000, "costAndExpenses": 47760000, "interestIncome": 0, "interestExpense": 0, "depreciationAndAmortization": 575000, "ebitda": 4717000, "ebitdaratio": 0.0908198236, "operatingIncome": 4178000, "operatingIncomeRatio": 0.0804420655, "totalOtherIncomeExpensesNet": -3000, "incomeBeforeTax": 4175000, "incomeBeforeTaxRatio": 0.0803843044, "incomeTaxExpense": 336000, "netIncome": 3839000, "netIncomeRatio": 0.0739150526, "eps": 0.09, "epsdiluted": 0.09, "weightedAverageShsOut": 40448000, "weightedAverageShsOutDil": 42239000, "link": "https://www.sec.gov/Archives/edgar/data/815094/000119312514405601/0001193125-14-405601-index.htm", "finalLink": "https://www.sec.gov/Archives/edgar/data/815094/000119312514405601/d798670d10q.htm"}, {"date": "2014-06-30", "symbol": "ABMD", "reportedCurrency": "USD", "cik": "0000815094", "fillingDate": "2014-08-06", "acceptedDate": "2014-08-06 12:52:56", "calendarYear": "2015", "period": "Q1", "revenue": 48811000, "costOfRevenue": 9689000, "grossProfit": 39122000, "grossProfitRatio": 0.801499662, "researchAndDevelopmentExpenses": 9062000, "generalAndAdministrativeExpenses": 0, "sellingAndMarketingExpenses": 0, "sellingGeneralAndAdministrativeExpenses": 31598000, "otherExpenses": 11000, "operatingExpenses": 40660000, "costAndExpenses": 50349000, "interestIncome": 0, "interestExpense": 0, "depreciationAndAmortization": 621000, "ebitda": -961000, "ebitdaratio": -0.019688185, "operatingIncome": -1538000, "operatingIncomeRatio": -0.0315092909, "totalOtherIncomeExpensesNet": 55000, "incomeBeforeTax": -1483000, "incomeBeforeTaxRatio": -0.0303824957, "incomeTaxExpense": 226000, "netIncome": -1709000, "netIncomeRatio": -0.0350125996, "eps": -0.0427, "epsdiluted": -0.0427, "weightedAverageShsOut": 40062000, "weightedAverageShsOutDil": 40062000, "link": "https://www.sec.gov/Archives/edgar/data/815094/000119312514297713/0001193125-14-297713-index.htm", "finalLink": "https://www.sec.gov/Archives/edgar/data/815094/000119312514297713/d756995d10q.htm"}, {"date": "2014-03-31", "symbol": "ABMD", "reportedCurrency": "USD", "cik": "0000815094", "fillingDate": "2014-05-28", "acceptedDate": "2014-05-28 15:17:02", "calendarYear": "2014", "period": "Q4", "revenue": 50433000, "costOfRevenue": 10114000, "grossProfit": 40319000, "grossProfitRatio": 0.7994567049, "researchAndDevelopmentExpenses": 7920000, "generalAndAdministrativeExpenses": 0, "sellingAndMarketingExpenses": 0, "sellingGeneralAndAdministrativeExpenses": 28721000, "otherExpenses": -5000, "operatingExpenses": 36641000, "costAndExpenses": 46755000, "interestIncome": 0, "interestExpense": 0, "depreciationAndAmortization": 645000, "ebitda": 4283000, "ebitdaratio": 0.0849245534, "operatingIncome": 3678000, "operatingIncomeRatio": 0.0729284397, "totalOtherIncomeExpensesNet": 84000, "incomeBeforeTax": 3762000, "incomeBeforeTaxRatio": 0.0745940158, "incomeTaxExpense": 140000, "netIncome": 3622000, "netIncomeRatio": 0.0718180556, "eps": 0.09, "epsdiluted": 0.09, "weightedAverageShsOut": 39810000, "weightedAverageShsOutDil": 41052000, "link": "https://www.sec.gov/Archives/edgar/data/815094/000119312514214835/0001193125-14-214835-index.htm", "finalLink": "https://www.sec.gov/Archives/edgar/data/815094/000119312514214835/d707960d10k.htm"}, {"date": "2013-12-31", "symbol": "ABMD", "reportedCurrency": "USD", "cik": "0000815094", "fillingDate": "2014-02-06", "acceptedDate": "2014-02-06 16:05:53", "calendarYear": "2014", "period": "Q3", "revenue": 46195000, "costOfRevenue": 9458000, "grossProfit": 36737000, "grossProfitRatio": 0.7952592272, "researchAndDevelopmentExpenses": 7779000, "generalAndAdministrativeExpenses": 0, "sellingAndMarketingExpenses": 0, "sellingGeneralAndAdministrativeExpenses": 24364000, "otherExpenses": 20000, "operatingExpenses": 32143000, "costAndExpenses": 41601000, "interestIncome": 0, "interestExpense": 0, "depreciationAndAmortization": 541000, "ebitda": 5098000, "ebitdaratio": 0.1103582639, "operatingIncome": 4594000, "operatingIncomeRatio": 0.0994479922, "totalOtherIncomeExpensesNet": 57000, "incomeBeforeTax": 4651000, "incomeBeforeTaxRatio": 0.100681892, "incomeTaxExpense": 258000, "netIncome": 4393000, "netIncomeRatio": 0.095096872, "eps": 0.11, "epsdiluted": 0.11, "weightedAverageShsOut": 39592000, "weightedAverageShsOutDil": 41726000, "link": "https://www.sec.gov/Archives/edgar/data/815094/000119312514038809/0001193125-14-038809-index.htm", "finalLink": "https://www.sec.gov/Archives/edgar/data/815094/000119312514038809/d636263d10q.htm"}, {"date": "2013-09-30", "symbol": "ABMD", "reportedCurrency": "USD", "cik": "0000815094", "fillingDate": "2013-11-08", "acceptedDate": "2013-11-08 14:17:52", "calendarYear": "2014", "period": "Q2", "revenue": 44345000, "costOfRevenue": 9027000, "grossProfit": 35318000, "grossProfitRatio": 0.7964370278, "researchAndDevelopmentExpenses": 7721000, "generalAndAdministrativeExpenses": 0, "sellingAndMarketingExpenses": 0, "sellingGeneralAndAdministrativeExpenses": 26199000, "otherExpenses": 6000, "operatingExpenses": 33920000, "costAndExpenses": 42947000, "interestIncome": 0, "interestExpense": 0, "depreciationAndAmortization": 670000, "ebitda": 2043000, "ebitdaratio": 0.0460705829, "operatingIncome": 1398000, "operatingIncomeRatio": 0.0315255384, "totalOtherIncomeExpensesNet": 31000, "incomeBeforeTax": 1429000, "incomeBeforeTaxRatio": 0.0322246025, "incomeTaxExpense": 370000, "netIncome": 1059000, "netIncomeRatio": 0.0238809336, "eps": 0.03, "epsdiluted": 0.03, "weightedAverageShsOut": 39260000, "weightedAverageShsOutDil": 41337000, "link": "https://www.sec.gov/Archives/edgar/data/815094/000119312513434885/0001193125-13-434885-index.htm", "finalLink": "https://www.sec.gov/Archives/edgar/data/815094/000119312513434885/d595362d10q.htm"}, {"date": "2013-06-30", "symbol": "ABMD", "reportedCurrency": "USD", "cik": "0000815094", "fillingDate": "2013-08-07", "acceptedDate": "2013-08-07 16:09:53", "calendarYear": "2014", "period": "Q1", "revenue": 42670000, "costOfRevenue": 8723000, "grossProfit": 33947000, "grossProfitRatio": 0.7955706585, "researchAndDevelopmentExpenses": 7287000, "generalAndAdministrativeExpenses": 0, "sellingAndMarketingExpenses": 0, "sellingGeneralAndAdministrativeExpenses": 27967000, "otherExpenses": -21000, "operatingExpenses": 35254000, "costAndExpenses": 43977000, "interestIncome": 0, "interestExpense": 0, "depreciationAndAmortization": 652000, "ebitda": -671000, "ebitdaratio": -0.015725334, "operatingIncome": -1307000, "operatingIncomeRatio": -0.0306304195, "totalOtherIncomeExpensesNet": -5000, "incomeBeforeTax": -1312000, "incomeBeforeTaxRatio": -0.0307475978, "incomeTaxExpense": 411000, "netIncome": -1723000, "netIncomeRatio": -0.0403796578, "eps": -0.0445, "epsdiluted": -0.0445, "weightedAverageShsOut": 38678000, "weightedAverageShsOutDil": 38678000, "link": "https://www.sec.gov/Archives/edgar/data/815094/000119312513324162/0001193125-13-324162-index.htm", "finalLink": "https://www.sec.gov/Archives/edgar/data/815094/000119312513324162/d552656d10q.htm"}, {"date": "2013-03-31", "symbol": "ABMD", "reportedCurrency": "USD", "cik": "0000815094", "fillingDate": "2013-05-28", "acceptedDate": "2013-05-28 16:33:09", "calendarYear": "2013", "period": "Q4", "revenue": 43674000, "costOfRevenue": 8826000, "grossProfit": 34848000, "grossProfitRatio": 0.7979118011, "researchAndDevelopmentExpenses": 6822000, "generalAndAdministrativeExpenses": 60333000, "sellingAndMarketingExpenses": -36439000, "sellingGeneralAndAdministrativeExpenses": 23894000, "otherExpenses": 15000, "operatingExpenses": 30716000, "costAndExpenses": 39542000, "interestIncome": 0, "interestExpense": 0, "depreciationAndAmortization": 637000, "ebitda": 4769000, "ebitdaratio": 0.1091954023, "operatingIncome": 4132000, "operatingIncomeRatio": 0.0946100655, "totalOtherIncomeExpensesNet": 8000, "incomeBeforeTax": 4140000, "incomeBeforeTaxRatio": 0.0947932408, "incomeTaxExpense": 398000, "netIncome": 3742000, "netIncomeRatio": 0.0856802674, "eps": 0.1, "epsdiluted": 0.09, "weightedAverageShsOut": 38445000, "weightedAverageShsOutDil": 39824000, "link": "https://www.sec.gov/Archives/edgar/data/815094/000119312513237523/0001193125-13-237523-index.htm", "finalLink": "https://www.sec.gov/Archives/edgar/data/815094/000119312513237523/d505388d10k.htm"}, {"date": "2012-12-31", "symbol": "ABMD", "reportedCurrency": "USD", "cik": "0000815094", "fillingDate": "2013-02-06", "acceptedDate": "2013-02-06 10:43:54", "calendarYear": "2013", "period": "Q3", "revenue": 0, "costOfRevenue": 8130000, "grossProfit": -8130000, "grossProfitRatio": 0, "researchAndDevelopmentExpenses": 138000, "generalAndAdministrativeExpenses": 0, "sellingAndMarketingExpenses": 0, "sellingGeneralAndAdministrativeExpenses": 20943000, "otherExpenses": 324000, "operatingExpenses": 324000, "costAndExpenses": 29211000, "interestIncome": 0, "interestExpense": 0, "depreciationAndAmortization": 3242000, "ebitda": 2918000, "ebitdaratio": 0, "operatingIncome": -324000, "operatingIncomeRatio": 0, "totalOtherIncomeExpensesNet": 325000, "incomeBeforeTax": 3243000, "incomeBeforeTaxRatio": 0, "incomeTaxExpense": 559000, "netIncome": 2684000, "netIncomeRatio": 0, "eps": 0.0681, "epsdiluted": 0.0657, "weightedAverageShsOut": 39417000, "weightedAverageShsOutDil": 40865000, "link": "https://www.sec.gov/Archives/edgar/data/815094/000119312513040333/0001193125-13-040333-index.htm", "finalLink": "https://www.sec.gov/Archives/edgar/data/815094/000119312513040333/d447857d10q.htm"}, {"date": "2012-09-30", "symbol": "ABMD", "reportedCurrency": "USD", "cik": "0000815094", "fillingDate": "2012-11-05", "acceptedDate": "2012-11-05 16:26:46", "calendarYear": "2013", "period": "Q2", "revenue": 37417000, "costOfRevenue": 7194000, "grossProfit": 30223000, "grossProfitRatio": 0.8077344523, "researchAndDevelopmentExpenses": 5854000, "generalAndAdministrativeExpenses": 18437000, "sellingAndMarketingExpenses": 0, "sellingGeneralAndAdministrativeExpenses": 18437000, "otherExpenses": 0, "operatingExpenses": 24291000, "costAndExpenses": 31485000, "interestIncome": 0, "interestExpense": 0, "depreciationAndAmortization": 607000, "ebitda": 6531000, "ebitdaratio": 0.1745463292, "operatingIncome": 5932000, "operatingIncomeRatio": 0.1585375631, "totalOtherIncomeExpensesNet": -8000, "incomeBeforeTax": 5924000, "incomeBeforeTaxRatio": 0.1583237566, "incomeTaxExpense": 455000, "netIncome": 5469000, "netIncomeRatio": 0.1461635086, "eps": 0.14, "epsdiluted": 0.13, "weightedAverageShsOut": 39431000, "weightedAverageShsOutDil": 41722000, "link": "https://www.sec.gov/Archives/edgar/data/815094/000119312512451878/0001193125-12-451878-index.htm", "finalLink": "https://www.sec.gov/Archives/edgar/data/815094/000119312512451878/d405184d10q.htm"}, {"date": "2012-06-30", "symbol": "ABMD", "reportedCurrency": "USD", "cik": "0000815094", "fillingDate": "2012-08-06", "acceptedDate": "2012-08-06 16:05:42", "calendarYear": "2013", "period": "Q1", "revenue": 38783000, "costOfRevenue": 7446000, "grossProfit": 31337000, "grossProfitRatio": 0.8080086636, "researchAndDevelopmentExpenses": 6712000, "generalAndAdministrativeExpenses": 20953000, "sellingAndMarketingExpenses": 0, "sellingGeneralAndAdministrativeExpenses": 20953000, "otherExpenses": 111000, "operatingExpenses": 27776000, "costAndExpenses": 35222000, "interestIncome": 0, "interestExpense": 0, "depreciationAndAmortization": 842000, "ebitda": 4397000, "ebitdaratio": 0.1133744166, "operatingIncome": 3561000, "operatingIncomeRatio": 0.0918185803, "totalOtherIncomeExpensesNet": -6000, "incomeBeforeTax": 3555000, "incomeBeforeTaxRatio": 0.0916638733, "incomeTaxExpense": 436000, "netIncome": 3119000, "netIncomeRatio": 0.0804218343, "eps": 0.0797, "epsdiluted": 0.0751, "weightedAverageShsOut": 39144000, "weightedAverageShsOutDil": 41549000, "link": "https://www.sec.gov/Archives/edgar/data/815094/000119312512337716/0001193125-12-337716-index.htm", "finalLink": "https://www.sec.gov/Archives/edgar/data/815094/000119312512337716/d366941d10q.htm"}, {"date": "2012-03-31", "symbol": "ABMD", "reportedCurrency": "USD", "cik": "0000815094", "fillingDate": "2012-06-04", "acceptedDate": "2012-06-04 15:34:33", "calendarYear": "2012", "period": "Q4", "revenue": 37344000, "costOfRevenue": 6786000, "grossProfit": 30558000, "grossProfitRatio": 0.8182840617, "researchAndDevelopmentExpenses": 7236000, "generalAndAdministrativeExpenses": 20028000, "sellingAndMarketingExpenses": 0, "sellingGeneralAndAdministrativeExpenses": 20028000, "otherExpenses": 352000, "operatingExpenses": 27616000, "costAndExpenses": 34402000, "interestIncome": 0, "interestExpense": 0, "depreciationAndAmortization": 1253000, "ebitda": 4181000, "ebitdaratio": 0.1119590831, "operatingIncome": 2942000, "operatingIncomeRatio": 0.0787810626, "totalOtherIncomeExpensesNet": -14000, "incomeBeforeTax": 2928000, "incomeBeforeTaxRatio": 0.0784061697, "incomeTaxExpense": 361000, "netIncome": 2567000, "netIncomeRatio": 0.0687392888, "eps": 0.0656, "epsdiluted": 0.0618, "weightedAverageShsOut": 39144000, "weightedAverageShsOutDil": 41549000, "link": "https://www.sec.gov/Archives/edgar/data/815094/000119312512258595/0001193125-12-258595-index.htm", "finalLink": "https://www.sec.gov/Archives/edgar/data/815094/000119312512258595/d303434d10k.htm"}, {"date": "2011-12-31", "symbol": "ABMD", "reportedCurrency": "USD", "cik": "0000815094", "fillingDate": "2012-02-08", "acceptedDate": "2012-02-08 16:05:47", "calendarYear": "2012", "period": "Q3", "revenue": 32198000, "costOfRevenue": 6279000, "grossProfit": 25919000, "grossProfitRatio": 0.8049878874, "researchAndDevelopmentExpenses": 6140000, "generalAndAdministrativeExpenses": 17184000, "sellingAndMarketingExpenses": 0, "sellingGeneralAndAdministrativeExpenses": 17184000, "otherExpenses": 362000, "operatingExpenses": 23686000, "costAndExpenses": 29965000, "interestIncome": 0, "interestExpense": 0, "depreciationAndAmortization": 958000, "ebitda": 4245000, "ebitdaratio": 0.131840487, "operatingIncome": 2233000, "operatingIncomeRatio": 0.0693521337, "totalOtherIncomeExpensesNet": 1054000, "incomeBeforeTax": 3287000, "incomeBeforeTaxRatio": 0.1020870862, "incomeTaxExpense": 366000, "netIncome": 2921000, "netIncomeRatio": 0.0907199205, "eps": 0.0759, "epsdiluted": 0.0725, "weightedAverageShsOut": 38498000, "weightedAverageShsOutDil": 40270000, "link": "https://www.sec.gov/Archives/edgar/data/815094/000119312512046514/0001193125-12-046514-index.htm", "finalLink": "https://www.sec.gov/Archives/edgar/data/815094/000119312512046514/d267028d10q.htm"}, {"date": "2011-09-30", "symbol": "ABMD", "reportedCurrency": "USD", "cik": "0000815094", "fillingDate": "2011-11-07", "acceptedDate": "2011-11-07 16:58:31", "calendarYear": "2012", "period": "Q2", "revenue": 29478000, "costOfRevenue": 5551000, "grossProfit": 23927000, "grossProfitRatio": 0.811690074, "researchAndDevelopmentExpenses": 6459000, "generalAndAdministrativeExpenses": 16323000, "sellingAndMarketingExpenses": 0, "sellingGeneralAndAdministrativeExpenses": 16323000, "otherExpenses": 379000, "operatingExpenses": 23161000, "costAndExpenses": 28712000, "interestIncome": 0, "interestExpense": 0, "depreciationAndAmortization": 1079000, "ebitda": 1905000, "ebitdaratio": 0.0646244657, "operatingIncome": 766000, "operatingIncomeRatio": 0.0259854807, "totalOtherIncomeExpensesNet": 60000, "incomeBeforeTax": 826000, "incomeBeforeTaxRatio": 0.0280208969, "incomeTaxExpense": 225000, "netIncome": 601000, "netIncomeRatio": 0.020388086, "eps": 0.0157, "epsdiluted": 0.0153, "weightedAverageShsOut": 38256000, "weightedAverageShsOutDil": 39366000, "link": "https://www.sec.gov/Archives/edgar/data/815094/000119312511299974/0001193125-11-299974-index.htm", "finalLink": "https://www.sec.gov/Archives/edgar/data/815094/000119312511299974/d231244d10q.htm"}, {"date": "2011-06-30", "symbol": "ABMD", "reportedCurrency": "USD", "cik": "0000815094", "fillingDate": "2011-08-05", "acceptedDate": "2011-08-05 16:52:32", "calendarYear": "2012", "period": "Q1", "revenue": 27355000, "costOfRevenue": 5891000, "grossProfit": 21464000, "grossProfitRatio": 0.7846463169, "researchAndDevelopmentExpenses": 7324000, "generalAndAdministrativeExpenses": 18176000, "sellingAndMarketingExpenses": 0, "sellingGeneralAndAdministrativeExpenses": 18176000, "otherExpenses": 385000, "operatingExpenses": 25885000, "costAndExpenses": 31776000, "interestIncome": 0, "interestExpense": 0, "depreciationAndAmortization": 1046000, "ebitda": -3452000, "ebitdaratio": -0.1261926522, "operatingIncome": -4421000, "operatingIncomeRatio": -0.1616157924, "totalOtherIncomeExpensesNet": -77000, "incomeBeforeTax": -4498000, "incomeBeforeTaxRatio": -0.1644306343, "incomeTaxExpense": 96000, "netIncome": -4594000, "netIncomeRatio": -0.1679400475, "eps": -0.12, "epsdiluted": -0.12, "weightedAverageShsOut": 38268000, "weightedAverageShsOutDil": 38268000, "link": "https://www.sec.gov/Archives/edgar/data/815094/000119312511212464/0001193125-11-212464-index.htm", "finalLink": "https://www.sec.gov/Archives/edgar/data/815094/000119312511212464/d10q.htm"}, {"date": "2011-03-31", "symbol": "ABMD", "reportedCurrency": "USD", "cik": "0000815094", "fillingDate": "2011-06-02", "acceptedDate": "2011-06-02 17:12:41", "calendarYear": "2011", "period": "Q4", "revenue": 28529000, "costOfRevenue": 5848000, "grossProfit": 22681000, "grossProfitRatio": 0.7950155982, "researchAndDevelopmentExpenses": 6843000, "generalAndAdministrativeExpenses": 16888000, "sellingAndMarketingExpenses": 0, "sellingGeneralAndAdministrativeExpenses": 16888000, "otherExpenses": 361000, "operatingExpenses": 24092000, "costAndExpenses": 29940000, "interestIncome": 0, "interestExpense": 0, "depreciationAndAmortization": 940000, "ebitda": -589000, "ebitdaratio": -0.0206456588, "operatingIncome": -1411000, "operatingIncomeRatio": -0.0494584458, "totalOtherIncomeExpensesNet": -118000, "incomeBeforeTax": -1529000, "incomeBeforeTaxRatio": -0.053594588, "incomeTaxExpense": 243000, "netIncome": -1772000, "netIncomeRatio": -0.0621122367, "eps": -0.0463, "epsdiluted": -0.0463, "weightedAverageShsOut": 37167000, "weightedAverageShsOutDil": 37167000, "link": "https://www.sec.gov/Archives/edgar/data/815094/000119312511157312/0001193125-11-157312-index.htm", "finalLink": "https://www.sec.gov/Archives/edgar/data/815094/000119312511157312/d10k.htm"}, {"date": "2010-12-31", "symbol": "ABMD", "reportedCurrency": "USD", "cik": "0000815094", "fillingDate": "2011-02-04", "acceptedDate": "2011-02-04 14:17:59", "calendarYear": "2011", "period": "Q3", "revenue": 27244000, "costOfRevenue": 5437000, "grossProfit": 21807000, "grossProfitRatio": 0.8004331229, "researchAndDevelopmentExpenses": 6592000, "generalAndAdministrativeExpenses": 15592000, "sellingAndMarketingExpenses": 0, "sellingGeneralAndAdministrativeExpenses": 15592000, "otherExpenses": 295000, "operatingExpenses": 22479000, "costAndExpenses": 27916000, "interestIncome": 0, "interestExpense": 0, "depreciationAndAmortization": 904000, "ebitda": 266000, "ebitdaratio": 0.0097636177, "operatingIncome": -672000, "operatingIncomeRatio": -0.0246659815, "totalOtherIncomeExpensesNet": 34000, "incomeBeforeTax": -638000, "incomeBeforeTaxRatio": -0.0234180003, "incomeTaxExpense": 164000, "netIncome": -802000, "netIncomeRatio": -0.0294376744, "eps": -0.0216, "epsdiluted": -0.0216, "weightedAverageShsOut": 37195000, "weightedAverageShsOutDil": 37195000, "link": "https://www.sec.gov/Archives/edgar/data/815094/000119312511024317/0001193125-11-024317-index.htm", "finalLink": "https://www.sec.gov/Archives/edgar/data/815094/000119312511024317/d10q.htm"}, {"date": "2010-09-30", "symbol": "ABMD", "reportedCurrency": "USD", "cik": "0000815094", "fillingDate": "2010-11-05", "acceptedDate": "2010-11-05 16:46:13", "calendarYear": "2011", "period": "Q2", "revenue": 23376000, "costOfRevenue": 5408000, "grossProfit": 17968000, "grossProfitRatio": 0.7686516085, "researchAndDevelopmentExpenses": 6589000, "generalAndAdministrativeExpenses": 14054000, "sellingAndMarketingExpenses": 0, "sellingGeneralAndAdministrativeExpenses": 14054000, "otherExpenses": 372000, "operatingExpenses": 21015000, "costAndExpenses": 26423000, "interestIncome": 0, "interestExpense": 0, "depreciationAndAmortization": 1145000, "ebitda": -1814000, "ebitdaratio": -0.0776009582, "operatingIncome": -3047000, "operatingIncomeRatio": -0.1303473648, "totalOtherIncomeExpensesNet": 88000, "incomeBeforeTax": -2959000, "incomeBeforeTaxRatio": -0.12658282, "incomeTaxExpense": 242000, "netIncome": -3201000, "netIncomeRatio": -0.1369353183, "eps": -0.0862, "epsdiluted": -0.0862, "weightedAverageShsOut": 37156000, "weightedAverageShsOutDil": 37156000, "link": "https://www.sec.gov/Archives/edgar/data/815094/000119312510250201/0001193125-10-250201-index.htm", "finalLink": "https://www.sec.gov/Archives/edgar/data/815094/000119312510250201/d10q.htm"}, {"date": "2010-06-30", "symbol": "ABMD", "reportedCurrency": "USD", "cik": "0000815094", "fillingDate": "2010-08-05", "acceptedDate": "2010-08-05 15:17:37", "calendarYear": "2011", "period": "Q1", "revenue": 22002000, "costOfRevenue": 5284000, "grossProfit": 16718000, "grossProfitRatio": 0.7598400145, "researchAndDevelopmentExpenses": 6653000, "generalAndAdministrativeExpenses": 15753000, "sellingAndMarketingExpenses": 0, "sellingGeneralAndAdministrativeExpenses": 15753000, "otherExpenses": 367000, "operatingExpenses": 22773000, "costAndExpenses": 28057000, "interestIncome": 0, "interestExpense": 0, "depreciationAndAmortization": 959000, "ebitda": -4778000, "ebitdaratio": -0.2171620762, "operatingIncome": -6055000, "operatingIncomeRatio": -0.2752022543, "totalOtherIncomeExpensesNet": 318000, "incomeBeforeTax": -5737000, "incomeBeforeTaxRatio": -0.2607490228, "incomeTaxExpense": 243000, "netIncome": -5980000, "netIncomeRatio": -0.2717934733, "eps": -0.16, "epsdiluted": -0.16, "weightedAverageShsOut": 37086000, "weightedAverageShsOutDil": 37086000, "link": "https://www.sec.gov/Archives/edgar/data/815094/000119312510179183/0001193125-10-179183-index.htm", "finalLink": "https://www.sec.gov/Archives/edgar/data/815094/000119312510179183/d10q.htm"}, {"date": "2010-03-31", "symbol": "ABMD", "reportedCurrency": "USD", "cik": "0000815094", "fillingDate": "2010-06-08", "acceptedDate": "2010-06-08 17:05:40", "calendarYear": "2010", "period": "Q4", "revenue": 22979000, "costOfRevenue": 6239000, "grossProfit": 16740000, "grossProfitRatio": 0.7284912311, "researchAndDevelopmentExpenses": 6788000, "generalAndAdministrativeExpenses": 14864000, "sellingAndMarketingExpenses": 0, "sellingGeneralAndAdministrativeExpenses": 14864000, "otherExpenses": 362000, "operatingExpenses": 22014000, "costAndExpenses": 28253000, "interestIncome": 0, "interestExpense": 0, "depreciationAndAmortization": 1130000, "ebitda": 2348000, "ebitdaratio": 0.1021802515, "operatingIncome": -5274000, "operatingIncomeRatio": -0.229513904, "totalOtherIncomeExpensesNet": 6492000, "incomeBeforeTax": 1218000, "incomeBeforeTaxRatio": 0.0530049175, "incomeTaxExpense": 243000, "netIncome": 975000, "netIncomeRatio": 0.0424300448, "eps": 0.0263, "epsdiluted": 0.0263, "weightedAverageShsOut": 37086000, "weightedAverageShsOutDil": 37086000, "link": "https://www.sec.gov/Archives/edgar/data/815094/000119312510134997/0001193125-10-134997-index.htm", "finalLink": "https://www.sec.gov/Archives/edgar/data/815094/000119312510134997/d10k.htm"}, {"date": "2009-12-31", "symbol": "ABMD", "reportedCurrency": "USD", "cik": "0000815094", "fillingDate": "2010-02-05", "acceptedDate": "2010-02-05 16:45:58", "calendarYear": "2010", "period": "Q3", "revenue": 22799000, "costOfRevenue": 5772000, "grossProfit": 17027000, "grossProfitRatio": 0.7468310014, "researchAndDevelopmentExpenses": 6397000, "generalAndAdministrativeExpenses": 15190000, "sellingAndMarketingExpenses": 0, "sellingGeneralAndAdministrativeExpenses": 15190000, "otherExpenses": 382000, "operatingExpenses": 21969000, "costAndExpenses": 27741000, "interestIncome": 0, "interestExpense": 0, "depreciationAndAmortization": 1157000, "ebitda": -3448000, "ebitdaratio": -0.1512347033, "operatingIncome": -4942000, "operatingIncomeRatio": -0.2167638932, "totalOtherIncomeExpensesNet": 337000, "incomeBeforeTax": -4605000, "incomeBeforeTaxRatio": -0.2019825431, "incomeTaxExpense": -40000, "netIncome": -7699000, "netIncomeRatio": -0.3376902496, "eps": -0.12, "epsdiluted": -0.12, "weightedAverageShsOut": 37011000, "weightedAverageShsOutDil": 37011000, "link": "https://www.sec.gov/Archives/edgar/data/815094/000119312510023399/0001193125-10-023399-index.htm", "finalLink": "https://www.sec.gov/Archives/edgar/data/815094/000119312510023399/d10q.htm"}, {"date": "2009-09-30", "symbol": "ABMD", "reportedCurrency": "USD", "cik": "0000815094", "fillingDate": "2009-11-06", "acceptedDate": "2009-11-06 16:38:05", "calendarYear": "2010", "period": "Q2", "revenue": 20022000, "costOfRevenue": 5446000, "grossProfit": 14576000, "grossProfitRatio": 0.7279992009, "researchAndDevelopmentExpenses": 6786000, "generalAndAdministrativeExpenses": 14816000, "sellingAndMarketingExpenses": 0, "sellingGeneralAndAdministrativeExpenses": 14816000, "otherExpenses": 371000, "operatingExpenses": 21973000, "costAndExpenses": 27419000, "interestIncome": 0, "interestExpense": 0, "depreciationAndAmortization": 1166000, "ebitda": -6266000, "ebitdaratio": -0.3129557487, "operatingIncome": -7397000, "operatingIncomeRatio": -0.369443612, "totalOtherIncomeExpensesNet": -35000, "incomeBeforeTax": -7432000, "incomeBeforeTaxRatio": -0.3711916891, "incomeTaxExpense": 242000, "netIncome": -7674000, "netIncomeRatio": -0.3832783938, "eps": -0.21, "epsdiluted": -0.21, "weightedAverageShsOut": 36924000, "weightedAverageShsOutDil": 36924000, "link": "https://www.sec.gov/Archives/edgar/data/815094/000119312509227619/0001193125-09-227619-index.htm", "finalLink": "https://www.sec.gov/Archives/edgar/data/815094/000119312509227619/d10q.htm"}, {"date": "2009-06-30", "symbol": "ABMD", "reportedCurrency": "USD", "cik": "0000815094", "fillingDate": "2009-08-07", "acceptedDate": "2009-08-07 16:48:10", "calendarYear": "2010", "period": "Q1", "revenue": 19913000, "costOfRevenue": 5072000, "grossProfit": 14841000, "grossProfitRatio": 0.7452920203, "researchAndDevelopmentExpenses": 5983000, "generalAndAdministrativeExpenses": 15967000, "sellingAndMarketingExpenses": 0, "sellingGeneralAndAdministrativeExpenses": 15967000, "otherExpenses": 354000, "operatingExpenses": 22304000, "costAndExpenses": 27376000, "interestIncome": 0, "interestExpense": 0, "depreciationAndAmortization": 1445000, "ebitda": -6089000, "ebitdaratio": -0.3057801436, "operatingIncome": -7463000, "operatingIncomeRatio": -0.3747802943, "totalOtherIncomeExpensesNet": -71000, "incomeBeforeTax": -7534000, "incomeBeforeTaxRatio": -0.3783458042, "incomeTaxExpense": 226000, "netIncome": -7760000, "netIncomeRatio": -0.389695174, "eps": -0.21, "epsdiluted": -0.21, "weightedAverageShsOut": 36549000, "weightedAverageShsOutDil": 36549000, "link": "https://www.sec.gov/Archives/edgar/data/815094/000119312509169193/0001193125-09-169193-index.htm", "finalLink": "https://www.sec.gov/Archives/edgar/data/815094/000119312509169193/d10q.htm"}, {"date": "2009-03-31", "symbol": "ABMD", "reportedCurrency": "USD", "cik": "0000815094", "fillingDate": "2009-06-08", "acceptedDate": "2009-06-08 16:58:56", "calendarYear": "2009", "period": "Q4", "revenue": 19583000, "costOfRevenue": 5498000, "grossProfit": 14085000, "grossProfitRatio": 0.719246285, "researchAndDevelopmentExpenses": 7131000, "generalAndAdministrativeExpenses": 14718000, "sellingAndMarketingExpenses": 0, "sellingGeneralAndAdministrativeExpenses": 14718000, "otherExpenses": 407000, "operatingExpenses": 22256000, "costAndExpenses": 27754000, "interestIncome": 0, "interestExpense": 0, "depreciationAndAmortization": 1325000, "ebitda": -6977000, "ebitdaratio": -0.3562784047, "operatingIncome": -8171000, "operatingIncomeRatio": -0.4172496553, "totalOtherIncomeExpensesNet": -131000, "incomeBeforeTax": -8302000, "incomeBeforeTaxRatio": -0.4239391309, "incomeTaxExpense": 152000, "netIncome": -8454000, "netIncomeRatio": -0.4317009651, "eps": -0.23, "epsdiluted": -0.23, "weightedAverageShsOut": 36549000, "weightedAverageShsOutDil": 36549000, "link": "https://www.sec.gov/Archives/edgar/data/815094/000119312509127074/0001193125-09-127074-index.htm", "finalLink": "https://www.sec.gov/Archives/edgar/data/815094/000119312509127074/d10k.htm"}, {"date": "2008-12-31", "symbol": "ABMD", "reportedCurrency": "USD", "cik": "0000815094", "fillingDate": "2009-02-09", "acceptedDate": "2009-02-09 14:47:41", "calendarYear": "2009", "period": "Q3", "revenue": 17271000, "costOfRevenue": 4519000, "grossProfit": 12752000, "grossProfitRatio": 0.738347519, "researchAndDevelopmentExpenses": 5203000, "generalAndAdministrativeExpenses": 13227000, "sellingAndMarketingExpenses": 0, "sellingGeneralAndAdministrativeExpenses": 13227000, "otherExpenses": 362000, "operatingExpenses": 18792000, "costAndExpenses": 23311000, "interestIncome": 0, "interestExpense": 0, "depreciationAndAmortization": 1121000, "ebitda": -6396000, "ebitdaratio": -0.37033177, "operatingIncome": -6040000, "operatingIncomeRatio": -0.3497191824, "totalOtherIncomeExpensesNet": -1477000, "incomeBeforeTax": -7517000, "incomeBeforeTaxRatio": -0.4352382607, "incomeTaxExpense": 182000, "netIncome": -7699000, "netIncomeRatio": -0.4457761566, "eps": -0.21, "epsdiluted": -0.21, "weightedAverageShsOut": 36051000, "weightedAverageShsOutDil": 36051000, "link": "https://www.sec.gov/Archives/edgar/data/815094/000119312509022451/0001193125-09-022451-index.htm", "finalLink": "https://www.sec.gov/Archives/edgar/data/815094/000119312509022451/d10q.htm"}, {"date": "2008-09-30", "symbol": "ABMD", "reportedCurrency": "USD", "cik": "0000815094", "fillingDate": "2008-11-10", "acceptedDate": "2008-11-10 16:50:02", "calendarYear": "2009", "period": "Q2", "revenue": 19999000, "costOfRevenue": 4793000, "grossProfit": 15206000, "grossProfitRatio": 0.7603380169, "researchAndDevelopmentExpenses": 6850000, "generalAndAdministrativeExpenses": 13898000, "sellingAndMarketingExpenses": 0, "sellingGeneralAndAdministrativeExpenses": 13898000, "otherExpenses": 411000, "operatingExpenses": 21159000, "costAndExpenses": 25952000, "interestIncome": 0, "interestExpense": 0, "depreciationAndAmortization": 1156000, "ebitda": -4901000, "ebitdaratio": -0.2450622531, "operatingIncome": -5953000, "operatingIncomeRatio": -0.2976648832, "totalOtherIncomeExpensesNet": -104000, "incomeBeforeTax": -6057000, "incomeBeforeTaxRatio": -0.3028651433, "incomeTaxExpense": 273000, "netIncome": -6330000, "netIncomeRatio": -0.3165158258, "eps": -0.18, "epsdiluted": -0.18, "weightedAverageShsOut": 34475000, "weightedAverageShsOutDil": 34475000, "link": "https://www.sec.gov/Archives/edgar/data/815094/000119312508231898/0001193125-08-231898-index.htm", "finalLink": "https://www.sec.gov/Archives/edgar/data/815094/000119312508231898/d10q.htm"}, {"date": "2008-06-30", "symbol": "ABMD", "reportedCurrency": "USD", "cik": "0000815094", "fillingDate": "2008-08-11", "acceptedDate": "2008-08-11 16:56:50", "calendarYear": "2009", "period": "Q1", "revenue": 16357000, "costOfRevenue": 5627000, "grossProfit": 10730000, "grossProfitRatio": 0.6559882619, "researchAndDevelopmentExpenses": 6144000, "generalAndAdministrativeExpenses": 13514000, "sellingAndMarketingExpenses": 0, "sellingGeneralAndAdministrativeExpenses": 13514000, "otherExpenses": 426000, "operatingExpenses": 20084000, "costAndExpenses": 25711000, "interestIncome": 0, "interestExpense": 0, "depreciationAndAmortization": 1414000, "ebitda": -7555000, "ebitdaratio": -0.4618817632, "operatingIncome": -9354000, "operatingIncomeRatio": -0.5718652565, "totalOtherIncomeExpensesNet": 385000, "incomeBeforeTax": -8969000, "incomeBeforeTaxRatio": -0.548327933, "incomeTaxExpense": 145000, "netIncome": -9114000, "netIncomeRatio": -0.5571926392, "eps": -0.28, "epsdiluted": -0.28, "weightedAverageShsOut": 32845000, "weightedAverageShsOutDil": 32845000, "link": "https://www.sec.gov/Archives/edgar/data/815094/000119312508173606/0001193125-08-173606-index.htm", "finalLink": "https://www.sec.gov/Archives/edgar/data/815094/000119312508173606/d10q.htm"}, {"date": "2008-03-31", "symbol": "ABMD", "reportedCurrency": "USD", "cik": "0000815094", "fillingDate": "2008-06-16", "acceptedDate": "2008-06-16 16:10:30", "calendarYear": "2008", "period": "Q4", "revenue": 17507000, "costOfRevenue": 4883000, "grossProfit": 12624000, "grossProfitRatio": 0.7210829954, "researchAndDevelopmentExpenses": 6686000, "generalAndAdministrativeExpenses": 14419000, "sellingAndMarketingExpenses": 0, "sellingGeneralAndAdministrativeExpenses": 14419000, "otherExpenses": 413000, "operatingExpenses": 21518000, "costAndExpenses": 26401000, "interestIncome": 0, "interestExpense": 0, "depreciationAndAmortization": -3836000, "ebitda": -12614000, "ebitdaratio": -0.7205117953, "operatingIncome": -8894000, "operatingIncomeRatio": -0.5080253613, "totalOtherIncomeExpensesNet": -6008000, "incomeBeforeTax": -14902000, "incomeBeforeTaxRatio": -0.8512023762, "incomeTaxExpense": 70000, "netIncome": -14972000, "netIncomeRatio": -0.8552007768, "eps": -0.46, "epsdiluted": -0.46, "weightedAverageShsOut": 32465000, "weightedAverageShsOutDil": 32465000, "link": "https://www.sec.gov/Archives/edgar/data/815094/000119312508134401/0001193125-08-134401-index.htm", "finalLink": "https://www.sec.gov/Archives/edgar/data/815094/000119312508134401/d10k.htm"}, {"date": "2007-12-31", "symbol": "ABMD", "reportedCurrency": "USD", "cik": "0000815094", "fillingDate": "2008-02-11", "acceptedDate": "2008-02-11 16:27:40", "calendarYear": "2008", "period": "Q3", "revenue": 16015000, "costOfRevenue": 3773000, "grossProfit": 12242000, "grossProfitRatio": 0.7644083672, "researchAndDevelopmentExpenses": 6883000, "generalAndAdministrativeExpenses": 13540000, "sellingAndMarketingExpenses": 0, "sellingGeneralAndAdministrativeExpenses": 13540000, "otherExpenses": 403000, "operatingExpenses": 20826000, "costAndExpenses": 24599000, "interestIncome": 0, "interestExpense": 0, "depreciationAndAmortization": 1645000, "ebitda": -6489000, "ebitdaratio": -0.4051826413, "operatingIncome": -8584000, "operatingIncomeRatio": -0.5359975023, "totalOtherIncomeExpensesNet": 450000, "incomeBeforeTax": -8134000, "incomeBeforeTaxRatio": -0.5078988448, "incomeTaxExpense": 167000, "netIncome": -8301000, "netIncomeRatio": -0.5183265688, "eps": -0.26, "epsdiluted": -0.26, "weightedAverageShsOut": 32488000, "weightedAverageShsOutDil": 32488000, "link": "https://www.sec.gov/Archives/edgar/data/815094/000119312508025802/0001193125-08-025802-index.htm", "finalLink": "https://www.sec.gov/Archives/edgar/data/815094/000119312508025802/d10q.htm"}]