[{"date": "2025-06-30", "symbol": "MORN", "reportedCurrency": "USD", "cik": "0001289419", "fillingDate": "2025-07-30", "acceptedDate": "2025-07-30 16:27:47", "calendarYear": "2025", "period": "Q2", "revenue": 605100000, "costOfRevenue": 230600000, "grossProfit": 374500000, "grossProfitRatio": 0.618905966, "researchAndDevelopmentExpenses": 0, "generalAndAdministrativeExpenses": 82000000, "sellingAndMarketingExpenses": 119700000, "sellingGeneralAndAdministrativeExpenses": 201700000, "otherExpenses": 48500000, "operatingExpenses": 250200000, "costAndExpenses": 480800000, "interestIncome": 0, "interestExpense": -12800000, "depreciationAndAmortization": 48500000, "ebitda": 151000000, "ebitdaratio": 0.2495455297, "operatingIncome": -113300000, "operatingIncomeRatio": -0.1872417782, "totalOtherIncomeExpensesNet": 229800000, "incomeBeforeTax": 116500000, "incomeBeforeTaxRatio": 0.1925301603, "incomeTaxExpense": 26300000, "netIncome": 89000000, "netIncomeRatio": 0.1470831268, "eps": 2.11, "epsdiluted": 2.09, "weightedAverageShsOut": 42500000, "weightedAverageShsOutDil": 42800000, "link": "https://www.sec.gov/Archives/edgar/data/1289419/000128941925000142/0001289419-25-000142-index.htm", "finalLink": "https://www.sec.gov/Archives/edgar/data/1289419/000128941925000142/exhibit991-pressrelease_06.htm"}, {"date": "2025-03-31", "symbol": "MORN", "reportedCurrency": "USD", "cik": "0001289419", "fillingDate": "2025-05-01", "acceptedDate": "2025-05-01 12:32:50", "calendarYear": "2025", "period": "Q1", "revenue": 581900000, "costOfRevenue": 231400000, "grossProfit": 350500000, "grossProfitRatio": 0.6023371713, "researchAndDevelopmentExpenses": 0, "generalAndAdministrativeExpenses": 76500000, "sellingAndMarketingExpenses": 112600000, "sellingGeneralAndAdministrativeExpenses": 189100000, "otherExpenses": 47300000, "operatingExpenses": 236400000, "costAndExpenses": 467800000, "interestIncome": 0, "interestExpense": 8900000, "depreciationAndAmortization": 47300000, "ebitda": 164700000, "ebitdaratio": 0.2830383227, "operatingIncome": 114100000, "operatingIncomeRatio": 0.196081801, "totalOtherIncomeExpensesNet": -5600000, "incomeBeforeTax": 105900000, "incomeBeforeTaxRatio": 0.1819900327, "incomeTaxExpense": 27400000, "netIncome": 78500000, "netIncomeRatio": 0.1349029043, "eps": 1.83, "epsdiluted": 1.82, "weightedAverageShsOut": 42800000, "weightedAverageShsOutDil": 43100000, "link": "https://www.sec.gov/Archives/edgar/data/1289419/000128941925000073/0001289419-25-000073-index.htm", "finalLink": "https://www.sec.gov/Archives/edgar/data/1289419/000128941925000073/morn-20250331.htm"}, {"date": "2024-12-31", "symbol": "MORN", "reportedCurrency": "USD", "cik": "0001289419", "fillingDate": "2025-02-28", "acceptedDate": "2025-02-28 15:45:37", "calendarYear": "2024", "period": "Q4", "revenue": 591000000, "costOfRevenue": 232200000, "grossProfit": 358800000, "grossProfitRatio": 0.607106599, "researchAndDevelopmentExpenses": 0, "generalAndAdministrativeExpenses": 89000000, "sellingAndMarketingExpenses": 117200000, "sellingGeneralAndAdministrativeExpenses": 206200000, "otherExpenses": -15600000, "operatingExpenses": 190600000, "costAndExpenses": 422800000, "interestIncome": 3700000, "interestExpense": 10700000, "depreciationAndAmortization": 48400000, "ebitda": 209900000, "ebitdaratio": 0.3551607445, "operatingIncome": 168200000, "operatingIncomeRatio": 0.2846023689, "totalOtherIncomeExpensesNet": -17400000, "incomeBeforeTax": 150800000, "incomeBeforeTaxRatio": 0.2551607445, "incomeTaxExpense": 33900000, "netIncome": 116900000, "netIncomeRatio": 0.1978003384, "eps": 2.72, "epsdiluted": 2.71, "weightedAverageShsOut": 42900000, "weightedAverageShsOutDil": 43100000, "link": "https://www.sec.gov/Archives/edgar/data/1289419/000128941925000041/0001289419-25-000041-index.htm", "finalLink": "https://www.sec.gov/Archives/edgar/data/1289419/000128941925000041/morn-20241231.htm"}, {"date": "2024-09-30", "symbol": "MORN", "reportedCurrency": "USD", "cik": "0001289419", "fillingDate": "2024-10-25", "acceptedDate": "2024-10-25 13:01:46", "calendarYear": "2024", "period": "Q3", "revenue": 569400000, "costOfRevenue": 222700000, "grossProfit": 346700000, "grossProfitRatio": 0.6088865472, "researchAndDevelopmentExpenses": 0, "generalAndAdministrativeExpenses": 77600000, "sellingAndMarketingExpenses": 107900000, "sellingGeneralAndAdministrativeExpenses": 185500000, "otherExpenses": 45700000, "operatingExpenses": 231200000, "costAndExpenses": 453900000, "interestIncome": 3200000, "interestExpense": 12100000, "depreciationAndAmortization": 45700000, "ebitda": 207100000, "ebitdaratio": 0.3637161925, "operatingIncome": 115500000, "operatingIncomeRatio": 0.2028451001, "totalOtherIncomeExpensesNet": 33800000, "incomeBeforeTax": 149300000, "incomeBeforeTaxRatio": 0.2622058307, "incomeTaxExpense": 29600000, "netIncome": 119700000, "netIncomeRatio": 0.2102212856, "eps": 2.79, "epsdiluted": 2.77, "weightedAverageShsOut": 42900000, "weightedAverageShsOutDil": 43200000, "link": "https://www.sec.gov/Archives/edgar/data/1289419/000128941924000111/0001289419-24-000111-index.htm", "finalLink": "https://www.sec.gov/Archives/edgar/data/1289419/000128941924000111/morn-20240930.htm"}, {"date": "2024-06-30", "symbol": "MORN", "reportedCurrency": "USD", "cik": "0001289419", "fillingDate": "2024-07-26", "acceptedDate": "2024-07-26 12:44:46", "calendarYear": "2024", "period": "Q2", "revenue": 570500000, "costOfRevenue": 271800000, "grossProfit": 298700000, "grossProfitRatio": 0.5235758107, "researchAndDevelopmentExpenses": 0, "generalAndAdministrativeExpenses": 80300000, "sellingAndMarketingExpenses": 111300000, "sellingGeneralAndAdministrativeExpenses": 191600000, "otherExpenses": 8900000, "operatingExpenses": 186600000, "costAndExpenses": 458400000, "interestIncome": 2800000, "interestExpense": 13100000, "depreciationAndAmortization": 49100000, "ebitda": 157600000, "ebitdaratio": 0.2762489045, "operatingIncome": 112100000, "operatingIncomeRatio": 0.1964943032, "totalOtherIncomeExpensesNet": -20200000, "incomeBeforeTax": 88300000, "incomeBeforeTaxRatio": 0.1547765118, "incomeTaxExpense": 19200000, "netIncome": 69100000, "netIncomeRatio": 0.121121823, "eps": 1.61, "epsdiluted": 1.6, "weightedAverageShsOut": 42800000, "weightedAverageShsOutDil": 43100000, "link": "https://www.sec.gov/Archives/edgar/data/1289419/000128941924000059/0001289419-24-000059-index.htm", "finalLink": "https://www.sec.gov/Archives/edgar/data/1289419/000128941924000059/morn-20240630.htm"}, {"date": "2024-03-31", "symbol": "MORN", "reportedCurrency": "USD", "cik": "0001289419", "fillingDate": "2024-04-26", "acceptedDate": "2024-04-26 12:34:57", "calendarYear": "2024", "period": "Q1", "revenue": 544000000, "costOfRevenue": 265300000, "grossProfit": 278700000, "grossProfitRatio": 0.5123161765, "researchAndDevelopmentExpenses": 0, "generalAndAdministrativeExpenses": 80300000, "sellingAndMarketingExpenses": 104600000, "sellingGeneralAndAdministrativeExpenses": 184400000, "otherExpenses": 0, "operatingExpenses": 184400000, "costAndExpenses": 449700000, "interestIncome": 2500000, "interestExpense": 14000000, "depreciationAndAmortization": 47200000, "ebitda": 139800000, "ebitdaratio": 0.2569852941, "operatingIncome": 94300000, "operatingIncomeRatio": 0.1733455882, "totalOtherIncomeExpensesNet": -7100000, "incomeBeforeTax": 85500000, "incomeBeforeTaxRatio": 0.1571691176, "incomeTaxExpense": 21300000, "netIncome": 64200000, "netIncomeRatio": 0.1180147059, "eps": 1.5, "epsdiluted": 1.49, "weightedAverageShsOut": 42700000, "weightedAverageShsOutDil": 43000000, "link": "https://www.sec.gov/Archives/edgar/data/1289419/000128941924000028/0001289419-24-000028-index.htm", "finalLink": "https://www.sec.gov/Archives/edgar/data/1289419/000128941924000028/morn-20240331.htm"}, {"date": "2023-12-31", "symbol": "MORN", "reportedCurrency": "USD", "cik": "0001289419", "fillingDate": "2024-02-29", "acceptedDate": "2024-02-29 14:52:00", "calendarYear": "2023", "period": "Q4", "revenue": 542400000, "costOfRevenue": 251900000, "grossProfit": 290500000, "grossProfitRatio": 0.5355825959, "researchAndDevelopmentExpenses": 81200000, "generalAndAdministrativeExpenses": 92000000, "sellingAndMarketingExpenses": 100400000, "sellingGeneralAndAdministrativeExpenses": 191400000, "otherExpenses": 6900000, "operatingExpenses": 191400000, "costAndExpenses": 443300000, "interestIncome": 3100000, "interestExpense": 14600000, "depreciationAndAmortization": 46500000, "ebitda": 145600000, "ebitdaratio": 0.2684365782, "operatingIncome": 99100000, "operatingIncomeRatio": 0.1827064897, "totalOtherIncomeExpensesNet": -6800000, "incomeBeforeTax": 87600000, "incomeBeforeTaxRatio": 0.1615044248, "incomeTaxExpense": 14100000, "netIncome": 73500000, "netIncomeRatio": 0.1355088496, "eps": 1.72, "epsdiluted": 1.71, "weightedAverageShsOut": 42700000, "weightedAverageShsOutDil": 43000000, "link": "https://www.sec.gov/Archives/edgar/data/1289419/000128941924000010/0001289419-24-000010-index.htm", "finalLink": "https://www.sec.gov/Archives/edgar/data/1289419/000128941924000010/morn-20231231.htm"}, {"date": "2023-09-30", "symbol": "MORN", "reportedCurrency": "USD", "cik": "0001289419", "fillingDate": "2023-11-09", "acceptedDate": "2023-11-09 16:04:49", "calendarYear": "2023", "period": "Q3", "revenue": 515500000, "costOfRevenue": 202900000, "grossProfit": 312600000, "grossProfitRatio": 0.6064015519, "researchAndDevelopmentExpenses": 0, "generalAndAdministrativeExpenses": 89700000, "sellingAndMarketingExpenses": 106300000, "sellingGeneralAndAdministrativeExpenses": 196000000, "otherExpenses": 200000, "operatingExpenses": 242600000, "costAndExpenses": 445500000, "interestIncome": 3000000, "interestExpense": 15800000, "depreciationAndAmortization": 46600000, "ebitda": 116600000, "ebitdaratio": 0.2261881668, "operatingIncome": 70000000, "operatingIncomeRatio": 0.1357904947, "totalOtherIncomeExpensesNet": -12600000, "incomeBeforeTax": 57400000, "incomeBeforeTaxRatio": 0.1113482056, "incomeTaxExpense": 16700000, "netIncome": 39100000, "netIncomeRatio": 0.0758486906, "eps": 0.92, "epsdiluted": 0.91, "weightedAverageShsOut": 42700000, "weightedAverageShsOutDil": 42900000, "link": "https://www.sec.gov/Archives/edgar/data/1289419/000128941923000020/0001289419-23-000020-index.htm", "finalLink": "https://www.sec.gov/Archives/edgar/data/1289419/000128941923000020/morn-20230930.htm"}, {"date": "2023-06-30", "symbol": "MORN", "reportedCurrency": "USD", "cik": "0001289419", "fillingDate": "2023-07-28", "acceptedDate": "2023-07-28 12:43:28", "calendarYear": "2023", "period": "Q2", "revenue": 504700000, "costOfRevenue": 216400000, "grossProfit": 288300000, "grossProfitRatio": 0.5712304339, "researchAndDevelopmentExpenses": 0, "generalAndAdministrativeExpenses": 90100000, "sellingAndMarketingExpenses": 109500000, "sellingGeneralAndAdministrativeExpenses": 199600000, "otherExpenses": 4100000, "operatingExpenses": 246600000, "costAndExpenses": 463000000, "interestIncome": 1700000, "interestExpense": 15800000, "depreciationAndAmortization": 47000000, "ebitda": 88700000, "ebitdaratio": 0.1757479691, "operatingIncome": 41700000, "operatingIncomeRatio": 0.0826233406, "totalOtherIncomeExpensesNet": -10000000, "incomeBeforeTax": 31700000, "incomeBeforeTaxRatio": 0.0628095899, "incomeTaxExpense": -6200000, "netIncome": 36100000, "netIncomeRatio": 0.0715276402, "eps": 0.85, "epsdiluted": 0.84, "weightedAverageShsOut": 42600000, "weightedAverageShsOutDil": 42800000, "link": "https://www.sec.gov/Archives/edgar/data/1289419/000128941923000015/0001289419-23-000015-index.htm", "finalLink": "https://www.sec.gov/Archives/edgar/data/1289419/000128941923000015/morn-20230630.htm"}, {"date": "2023-03-31", "symbol": "MORN", "reportedCurrency": "USD", "cik": "0001289419", "fillingDate": "2023-04-28", "acceptedDate": "2023-04-28 16:41:21", "calendarYear": "2023", "period": "Q1", "revenue": 479700000, "costOfRevenue": 218800000, "grossProfit": 260900000, "grossProfitRatio": 0.5438815927, "researchAndDevelopmentExpenses": 0, "generalAndAdministrativeExpenses": 84000000, "sellingAndMarketingExpenses": 107600000, "sellingGeneralAndAdministrativeExpenses": 191600000, "otherExpenses": 44800000, "operatingExpenses": 236400000, "costAndExpenses": 455200000, "interestIncome": 1200000, "interestExpense": 14500000, "depreciationAndAmortization": 44800000, "ebitda": 69300000, "ebitdaratio": 0.1444652908, "operatingIncome": 15400000, "operatingIncomeRatio": 0.032103398, "totalOtherIncomeExpensesNet": -22400000, "incomeBeforeTax": 2100000, "incomeBeforeTaxRatio": 0.0043777361, "incomeTaxExpense": 8400000, "netIncome": -6300000, "netIncomeRatio": -0.0131332083, "eps": -0.15, "epsdiluted": -0.15, "weightedAverageShsOut": 42500000, "weightedAverageShsOutDil": 42800000, "link": "https://www.sec.gov/Archives/edgar/data/1289419/000128941923000010/0001289419-23-000010-index.htm", "finalLink": "https://www.sec.gov/Archives/edgar/data/1289419/000128941923000010/morn-20230331.htm"}, {"date": "2022-12-31", "symbol": "MORN", "reportedCurrency": "USD", "cik": "0001289419", "fillingDate": "2023-02-24", "acceptedDate": "2023-02-24 15:27:17", "calendarYear": "2022", "period": "Q4", "revenue": 475000000, "costOfRevenue": 195000000, "grossProfit": 280000000, "grossProfitRatio": 0.5894736842, "researchAndDevelopmentExpenses": 64300000, "generalAndAdministrativeExpenses": 106100000, "sellingAndMarketingExpenses": 93600000, "sellingGeneralAndAdministrativeExpenses": 199700000, "otherExpenses": 44800000, "operatingExpenses": 244500000, "costAndExpenses": 439500000, "interestIncome": 1300000, "interestExpense": 12400000, "depreciationAndAmortization": 44800000, "ebitda": 86900000, "ebitdaratio": 0.1829473684, "operatingIncome": 35500000, "operatingIncomeRatio": 0.0747368421, "totalOtherIncomeExpensesNet": -4900000, "incomeBeforeTax": 30600000, "incomeBeforeTaxRatio": 0.0644210526, "incomeTaxExpense": 26400000, "netIncome": 3300000, "netIncomeRatio": 0.0069473684, "eps": 0.08, "epsdiluted": 0.08, "weightedAverageShsOut": 42500000, "weightedAverageShsOutDil": 42700000, "link": "https://www.sec.gov/Archives/edgar/data/1289419/000128941923000005/0001289419-23-000005-index.htm", "finalLink": "https://www.sec.gov/Archives/edgar/data/1289419/000128941923000005/morn-20221231.htm"}, {"date": "2022-09-30", "symbol": "MORN", "reportedCurrency": "USD", "cik": "0001289419", "fillingDate": "2022-10-28", "acceptedDate": "2022-10-28 14:24:49", "calendarYear": "2022", "period": "Q3", "revenue": 468200000, "costOfRevenue": 195400000, "grossProfit": 272800000, "grossProfitRatio": 0.5826569842, "researchAndDevelopmentExpenses": 0, "generalAndAdministrativeExpenses": 116900000, "sellingAndMarketingExpenses": 89700000, "sellingGeneralAndAdministrativeExpenses": 206600000, "otherExpenses": 44200000, "operatingExpenses": 250800000, "costAndExpenses": 446200000, "interestIncome": 100000, "interestExpense": 10500000, "depreciationAndAmortization": 44200000, "ebitda": 51200000, "ebitdaratio": 0.1093549765, "operatingIncome": 8200000, "operatingIncomeRatio": 0.017513883, "totalOtherIncomeExpensesNet": -24300000, "incomeBeforeTax": -2300000, "incomeBeforeTaxRatio": -0.0049124306, "incomeTaxExpense": 5400000, "netIncome": -7700000, "netIncomeRatio": -0.0164459633, "eps": -0.18, "epsdiluted": -0.18, "weightedAverageShsOut": 42500000, "weightedAverageShsOutDil": 42700000, "link": "https://www.sec.gov/Archives/edgar/data/1289419/000128941922000019/0001289419-22-000019-index.htm", "finalLink": "https://www.sec.gov/Archives/edgar/data/1289419/000128941922000019/morn-20220930.htm"}, {"date": "2022-06-30", "symbol": "MORN", "reportedCurrency": "USD", "cik": "0001289419", "fillingDate": "2022-07-29", "acceptedDate": "2022-07-29 11:48:55", "calendarYear": "2022", "period": "Q2", "revenue": 470400000, "costOfRevenue": 197600000, "grossProfit": 272800000, "grossProfitRatio": 0.5799319728, "researchAndDevelopmentExpenses": 0, "generalAndAdministrativeExpenses": 87100000, "sellingAndMarketingExpenses": 91800000, "sellingGeneralAndAdministrativeExpenses": 178900000, "otherExpenses": -10200000, "operatingExpenses": 218900000, "costAndExpenses": 416500000, "interestIncome": 100000, "interestExpense": 4500000, "depreciationAndAmortization": 40000000, "ebitda": 93900000, "ebitdaratio": 0.1996173469, "operatingIncome": 53900000, "operatingIncomeRatio": 0.1145833333, "totalOtherIncomeExpensesNet": -14600000, "incomeBeforeTax": 39300000, "incomeBeforeTaxRatio": 0.0835459184, "incomeTaxExpense": 7400000, "netIncome": 30100000, "netIncomeRatio": 0.0639880952, "eps": 0.71, "epsdiluted": 0.7, "weightedAverageShsOut": 42600000, "weightedAverageShsOutDil": 42900000, "link": "https://www.sec.gov/Archives/edgar/data/1289419/000128941922000014/0001289419-22-000014-index.htm", "finalLink": "https://www.sec.gov/Archives/edgar/data/1289419/000128941922000014/morn-20220630.htm"}, {"date": "2022-03-31", "symbol": "MORN", "reportedCurrency": "USD", "cik": "0001289419", "fillingDate": "2022-04-29", "acceptedDate": "2022-04-29 14:09:29", "calendarYear": "2022", "period": "Q1", "revenue": 457000000, "costOfRevenue": 191300000, "grossProfit": 265700000, "grossProfitRatio": 0.5814004376, "researchAndDevelopmentExpenses": 0, "generalAndAdministrativeExpenses": 90300000, "sellingAndMarketingExpenses": 81400000, "sellingGeneralAndAdministrativeExpenses": 171700000, "otherExpenses": 37600000, "operatingExpenses": 209300000, "costAndExpenses": 400600000, "interestIncome": 200000, "interestExpense": 2600000, "depreciationAndAmortization": 37600000, "ebitda": 101100000, "ebitdaratio": 0.2212253829, "operatingIncome": 56400000, "operatingIncomeRatio": 0.1234135667, "totalOtherIncomeExpensesNet": 6600000, "incomeBeforeTax": 63000000, "incomeBeforeTaxRatio": 0.1378555799, "incomeTaxExpense": 17300000, "netIncome": 46100000, "netIncomeRatio": 0.1008752735, "eps": 1.06, "epsdiluted": 1.06, "weightedAverageShsOut": 43000000, "weightedAverageShsOutDil": 43300000, "link": "https://www.sec.gov/Archives/edgar/data/1289419/000128941922000010/0001289419-22-000010-index.htm", "finalLink": "https://www.sec.gov/Archives/edgar/data/1289419/000128941922000010/morn-20220331.htm"}, {"date": "2021-12-31", "symbol": "MORN", "reportedCurrency": "USD", "cik": "0001289419", "fillingDate": "2022-02-25", "acceptedDate": "2022-02-25 15:33:03", "calendarYear": "2021", "period": "Q4", "revenue": 462200000, "costOfRevenue": 189600000, "grossProfit": 272600000, "grossProfitRatio": 0.5897879706, "researchAndDevelopmentExpenses": 59900000, "generalAndAdministrativeExpenses": 85900000, "sellingAndMarketingExpenses": 73500000, "sellingGeneralAndAdministrativeExpenses": 159400000, "otherExpenses": -100000, "operatingExpenses": 197800000, "costAndExpenses": 387400000, "interestIncome": 900000, "interestExpense": 2300000, "depreciationAndAmortization": 38400000, "ebitda": 115700000, "ebitdaratio": 0.2503245348, "operatingIncome": 74800000, "operatingIncomeRatio": 0.1618347036, "totalOtherIncomeExpensesNet": -600000, "incomeBeforeTax": 74200000, "incomeBeforeTaxRatio": 0.1605365643, "incomeTaxExpense": 18500000, "netIncome": 56500000, "netIncomeRatio": 0.1222414539, "eps": 1.31, "epsdiluted": 1.3, "weightedAverageShsOut": 43100000, "weightedAverageShsOutDil": 43400000, "link": "https://www.sec.gov/Archives/edgar/data/1289419/000128941922000005/0001289419-22-000005-index.htm", "finalLink": "https://www.sec.gov/Archives/edgar/data/1289419/000128941922000005/morn-20211231.htm"}, {"date": "2021-09-30", "symbol": "MORN", "reportedCurrency": "USD", "cik": "0001289419", "fillingDate": "2021-10-29", "acceptedDate": "2021-10-29 15:26:27", "calendarYear": "2021", "period": "Q3", "revenue": 428900000, "costOfRevenue": 183100000, "grossProfit": 245800000, "grossProfitRatio": 0.5730939613, "researchAndDevelopmentExpenses": 0, "generalAndAdministrativeExpenses": 67000000, "sellingAndMarketingExpenses": 72900000, "sellingGeneralAndAdministrativeExpenses": 139900000, "otherExpenses": -2300000, "operatingExpenses": 178000000, "costAndExpenses": 361100000, "interestIncome": 200000, "interestExpense": 2500000, "depreciationAndAmortization": 38100000, "ebitda": 105900000, "ebitdaratio": 0.2469107018, "operatingIncome": 67800000, "operatingIncomeRatio": 0.1580788062, "totalOtherIncomeExpensesNet": -4600000, "incomeBeforeTax": 63200000, "incomeBeforeTaxRatio": 0.1473536955, "incomeTaxExpense": 16100000, "netIncome": 49000000, "netIncomeRatio": 0.1142457449, "eps": 1.14, "epsdiluted": 1.13, "weightedAverageShsOut": 43100000, "weightedAverageShsOutDil": 43400000, "link": "https://www.sec.gov/Archives/edgar/data/1289419/000128941921000261/0001289419-21-000261-index.htm", "finalLink": "https://www.sec.gov/Archives/edgar/data/1289419/000128941921000261/morn-20210930.htm"}, {"date": "2021-06-30", "symbol": "MORN", "reportedCurrency": "USD", "cik": "0001289419", "fillingDate": "2021-07-30", "acceptedDate": "2021-07-30 16:18:00", "calendarYear": "2021", "period": "Q2", "revenue": 415400000, "costOfRevenue": 168400000, "grossProfit": 247000000, "grossProfitRatio": 0.5946076071, "researchAndDevelopmentExpenses": 0, "generalAndAdministrativeExpenses": 95700000, "sellingAndMarketingExpenses": 66500000, "sellingGeneralAndAdministrativeExpenses": 162200000, "otherExpenses": -800000, "operatingExpenses": 199800000, "costAndExpenses": 368200000, "interestIncome": 300000, "interestExpense": 2500000, "depreciationAndAmortization": 37600000, "ebitda": 114900000, "ebitdaratio": 0.2766008666, "operatingIncome": 47200000, "operatingIncomeRatio": 0.1136254213, "totalOtherIncomeExpensesNet": -1400000, "incomeBeforeTax": 45800000, "incomeBeforeTaxRatio": 0.1102551757, "incomeTaxExpense": 13900000, "netIncome": 32900000, "netIncomeRatio": 0.0792007703, "eps": 0.77, "epsdiluted": 0.76, "weightedAverageShsOut": 43000000, "weightedAverageShsOutDil": 43300000, "link": "https://www.sec.gov/Archives/edgar/data/1289419/000128941921000186/0001289419-21-000186-index.htm", "finalLink": "https://www.sec.gov/Archives/edgar/data/1289419/000128941921000186/morn-20210630.htm"}, {"date": "2021-03-31", "symbol": "MORN", "reportedCurrency": "USD", "cik": "0001289419", "fillingDate": "2021-04-30", "acceptedDate": "2021-04-30 13:58:52", "calendarYear": "2021", "period": "Q1", "revenue": 392800000, "costOfRevenue": 157300000, "grossProfit": 235500000, "grossProfitRatio": 0.5995417515, "researchAndDevelopmentExpenses": 0, "generalAndAdministrativeExpenses": 69800000, "sellingAndMarketingExpenses": 61900000, "sellingGeneralAndAdministrativeExpenses": 131700000, "otherExpenses": 2900000, "operatingExpenses": 168300000, "costAndExpenses": 325600000, "interestIncome": 300000, "interestExpense": 3100000, "depreciationAndAmortization": 36600000, "ebitda": 113300000, "ebitdaratio": 0.2884419552, "operatingIncome": 67200000, "operatingIncomeRatio": 0.1710794297, "totalOtherIncomeExpensesNet": 100000, "incomeBeforeTax": 67300000, "incomeBeforeTaxRatio": 0.1713340122, "incomeTaxExpense": 14100000, "netIncome": 54900000, "netIncomeRatio": 0.1397657841, "eps": 1.28, "epsdiluted": 1.27, "weightedAverageShsOut": 42900000, "weightedAverageShsOutDil": 43300000, "link": "https://www.sec.gov/Archives/edgar/data/1289419/000128941921000081/0001289419-21-000081-index.htm", "finalLink": "https://www.sec.gov/Archives/edgar/data/1289419/000128941921000081/morn-20210331.htm"}, {"date": "2020-12-31", "symbol": "MORN", "reportedCurrency": "USD", "cik": "0001289419", "fillingDate": "2021-02-26", "acceptedDate": "2021-02-26 16:29:48", "calendarYear": "2020", "period": "Q4", "revenue": 380400000, "costOfRevenue": 149600000, "grossProfit": 230800000, "grossProfitRatio": 0.6067297581, "researchAndDevelopmentExpenses": 53900000, "generalAndAdministrativeExpenses": 74200000, "sellingAndMarketingExpenses": 55700000, "sellingGeneralAndAdministrativeExpenses": 129900000, "otherExpenses": 1300000, "operatingExpenses": 165700000, "costAndExpenses": 315300000, "interestIncome": 400000, "interestExpense": 3400000, "depreciationAndAmortization": 35800000, "ebitda": 133600000, "ebitdaratio": 0.3512092534, "operatingIncome": 65100000, "operatingIncomeRatio": 0.1711356467, "totalOtherIncomeExpensesNet": 29300000, "incomeBeforeTax": 93400000, "incomeBeforeTaxRatio": 0.24553102, "incomeTaxExpense": 19100000, "netIncome": 75300000, "netIncomeRatio": 0.1979495268, "eps": 1.76, "epsdiluted": 1.74, "weightedAverageShsOut": 42900000, "weightedAverageShsOutDil": 43200000, "link": "https://www.sec.gov/Archives/edgar/data/1289419/000128941921000039/0001289419-21-000039-index.htm", "finalLink": "https://www.sec.gov/Archives/edgar/data/1289419/000128941921000039/morn-20201231.htm"}, {"date": "2020-09-30", "symbol": "MORN", "reportedCurrency": "USD", "cik": "0001289419", "fillingDate": "2020-10-30", "acceptedDate": "2020-10-30 17:28:31", "calendarYear": "2020", "period": "Q3", "revenue": 357200000, "costOfRevenue": 138700000, "grossProfit": 218500000, "grossProfitRatio": 0.6117021277, "researchAndDevelopmentExpenses": 0, "generalAndAdministrativeExpenses": 85800000, "sellingAndMarketingExpenses": 52600000, "sellingGeneralAndAdministrativeExpenses": 138400000, "otherExpenses": -1300000, "operatingExpenses": 174200000, "costAndExpenses": 312900000, "interestIncome": 500000, "interestExpense": 1900000, "depreciationAndAmortization": 35800000, "ebitda": 80100000, "ebitdaratio": 0.2242441209, "operatingIncome": 44300000, "operatingIncomeRatio": 0.1240201568, "totalOtherIncomeExpensesNet": 48200000, "incomeBeforeTax": 92500000, "incomeBeforeTaxRatio": 0.2589585666, "incomeTaxExpense": 16900000, "netIncome": 76200000, "netIncomeRatio": 0.2133258679, "eps": 1.78, "epsdiluted": 1.76, "weightedAverageShsOut": 42900000, "weightedAverageShsOutDil": 43200000, "link": "https://www.sec.gov/Archives/edgar/data/1289419/000128941920000218/0001289419-20-000218-index.htm", "finalLink": "https://www.sec.gov/Archives/edgar/data/1289419/000128941920000218/morn-20200930.htm"}, {"date": "2020-06-30", "symbol": "MORN", "reportedCurrency": "USD", "cik": "0001289419", "fillingDate": "2020-07-31", "acceptedDate": "2020-07-31 17:15:27", "calendarYear": "2020", "period": "Q2", "revenue": 327900000, "costOfRevenue": 131100000, "grossProfit": 196800000, "grossProfitRatio": 0.6001829826, "researchAndDevelopmentExpenses": 0, "generalAndAdministrativeExpenses": 54600000, "sellingAndMarketingExpenses": 47200000, "sellingGeneralAndAdministrativeExpenses": 101800000, "otherExpenses": 4500000, "operatingExpenses": 135500000, "costAndExpenses": 266600000, "interestIncome": 200000, "interestExpense": 2100000, "depreciationAndAmortization": 33700000, "ebitda": 95000000, "ebitdaratio": 0.2897224764, "operatingIncome": 61300000, "operatingIncomeRatio": 0.18694724, "totalOtherIncomeExpensesNet": 2600000, "incomeBeforeTax": 63900000, "incomeBeforeTaxRatio": 0.1948764867, "incomeTaxExpense": 15200000, "netIncome": 48200000, "netIncomeRatio": 0.1469960354, "eps": 1.13, "epsdiluted": 1.12, "weightedAverageShsOut": 42900000, "weightedAverageShsOutDil": 43200000, "link": "https://www.sec.gov/Archives/edgar/data/1289419/000128941920000161/0001289419-20-000161-index.htm", "finalLink": "https://www.sec.gov/Archives/edgar/data/1289419/000128941920000161/morn-20200630.htm"}, {"date": "2020-03-31", "symbol": "MORN", "reportedCurrency": "USD", "cik": "0001289419", "fillingDate": "2020-05-01", "acceptedDate": "2020-05-01 17:18:19", "calendarYear": "2020", "period": "Q1", "revenue": 324000000, "costOfRevenue": 137000000, "grossProfit": 187000000, "grossProfitRatio": 0.5771604938, "researchAndDevelopmentExpenses": 0, "generalAndAdministrativeExpenses": 57400000, "sellingAndMarketingExpenses": 50900000, "sellingGeneralAndAdministrativeExpenses": 108300000, "otherExpenses": -8100000, "operatingExpenses": 142500000, "costAndExpenses": 279500000, "interestIncome": 500000, "interestExpense": 3700000, "depreciationAndAmortization": 34200000, "ebitda": 78700000, "ebitdaratio": 0.2429012346, "operatingIncome": 44500000, "operatingIncomeRatio": 0.137345679, "totalOtherIncomeExpensesNet": -11300000, "incomeBeforeTax": 33200000, "incomeBeforeTaxRatio": 0.1024691358, "incomeTaxExpense": 8500000, "netIncome": 23900000, "netIncomeRatio": 0.0737654321, "eps": 0.56, "epsdiluted": 0.55, "weightedAverageShsOut": 42900000, "weightedAverageShsOutDil": 43300000, "link": "https://www.sec.gov/Archives/edgar/data/1289419/000128941920000077/0001289419-20-000077-index.htm", "finalLink": "https://www.sec.gov/Archives/edgar/data/1289419/000128941920000077/morn10q03312020.htm"}, {"date": "2019-12-31", "symbol": "MORN", "reportedCurrency": "USD", "cik": "0001289419", "fillingDate": "2020-03-02", "acceptedDate": "2020-03-02 12:54:40", "calendarYear": "2019", "period": "Q4", "revenue": 332400000, "costOfRevenue": 142100000, "grossProfit": 190300000, "grossProfitRatio": 0.5725030084, "researchAndDevelopmentExpenses": 61100000, "generalAndAdministrativeExpenses": 68700000, "sellingAndMarketingExpenses": 48200000, "sellingGeneralAndAdministrativeExpenses": 116900000, "otherExpenses": -100000, "operatingExpenses": 150600000, "costAndExpenses": 292700000, "interestIncome": 700000, "interestExpense": 4600000, "depreciationAndAmortization": 33700000, "ebitda": 73400000, "ebitdaratio": 0.2208182912, "operatingIncome": 39700000, "operatingIncomeRatio": 0.1194344164, "totalOtherIncomeExpensesNet": -3000000, "incomeBeforeTax": 35700000, "incomeBeforeTaxRatio": 0.107400722, "incomeTaxExpense": 9100000, "netIncome": 27600000, "netIncomeRatio": 0.083032491, "eps": 0.64, "epsdiluted": 0.64, "weightedAverageShsOut": 42800000, "weightedAverageShsOutDil": 43300000, "link": "https://www.sec.gov/Archives/edgar/data/1289419/000128941920000041/0001289419-20-000041-index.htm", "finalLink": "https://www.sec.gov/Archives/edgar/data/1289419/000128941920000041/morn10k12312019.htm"}, {"date": "2019-09-30", "symbol": "MORN", "reportedCurrency": "USD", "cik": "0001289419", "fillingDate": "2019-10-31", "acceptedDate": "2019-10-30 18:16:04", "calendarYear": "2019", "period": "Q3", "revenue": 313800000, "costOfRevenue": 128400000, "grossProfit": 185400000, "grossProfitRatio": 0.5908221797, "researchAndDevelopmentExpenses": 0, "generalAndAdministrativeExpenses": 57200000, "sellingAndMarketingExpenses": 44000000, "sellingGeneralAndAdministrativeExpenses": 101200000, "otherExpenses": -800000, "operatingExpenses": 135800000, "costAndExpenses": 264200000, "interestIncome": 500000, "interestExpense": 5300000, "depreciationAndAmortization": 34600000, "ebitda": 84200000, "ebitdaratio": 0.2683237731, "operatingIncome": 49600000, "operatingIncomeRatio": 0.1580624602, "totalOtherIncomeExpensesNet": 13900000, "incomeBeforeTax": 63500000, "incomeBeforeTaxRatio": 0.2023581899, "incomeTaxExpense": 13300000, "netIncome": 49100000, "netIncomeRatio": 0.1564690886, "eps": 1.15, "epsdiluted": 1.14, "weightedAverageShsOut": 42800000, "weightedAverageShsOutDil": 43200000, "link": "https://www.sec.gov/Archives/edgar/data/1289419/000128941919000225/0001289419-19-000225-index.htm", "finalLink": "https://www.sec.gov/Archives/edgar/data/1289419/000128941919000225/morn10q09302019.htm"}, {"date": "2019-06-30", "symbol": "MORN", "reportedCurrency": "USD", "cik": "0001289419", "fillingDate": "2019-07-26", "acceptedDate": "2019-07-26 17:29:12", "calendarYear": "2019", "period": "Q2", "revenue": 273900000, "costOfRevenue": 107500000, "grossProfit": 166400000, "grossProfitRatio": 0.6075209931, "researchAndDevelopmentExpenses": 0, "generalAndAdministrativeExpenses": 44000000, "sellingAndMarketingExpenses": 45700000, "sellingGeneralAndAdministrativeExpenses": 89700000, "otherExpenses": 1800000, "operatingExpenses": 115600000, "costAndExpenses": 223100000, "interestIncome": 800000, "interestExpense": 100000, "depreciationAndAmortization": 25900000, "ebitda": 76700000, "ebitdaratio": 0.2800292077, "operatingIncome": 50800000, "operatingIncomeRatio": 0.1854691493, "totalOtherIncomeExpensesNet": 2300000, "incomeBeforeTax": 53100000, "incomeBeforeTaxRatio": 0.1938663746, "incomeTaxExpense": 11700000, "netIncome": 42100000, "netIncomeRatio": 0.153705732, "eps": 0.99, "epsdiluted": 0.98, "weightedAverageShsOut": 42700000, "weightedAverageShsOutDil": 43100000, "link": "https://www.sec.gov/Archives/edgar/data/1289419/000128941919000162/0001289419-19-000162-index.htm", "finalLink": "https://www.sec.gov/Archives/edgar/data/1289419/000128941919000162/morn10q06302019.htm"}, {"date": "2019-03-31", "symbol": "MORN", "reportedCurrency": "USD", "cik": "0001289419", "fillingDate": "2019-04-29", "acceptedDate": "2019-04-29 17:07:39", "calendarYear": "2019", "period": "Q1", "revenue": 258900000, "costOfRevenue": 105100000, "grossProfit": 153800000, "grossProfitRatio": 0.5940517574, "researchAndDevelopmentExpenses": 0, "generalAndAdministrativeExpenses": 40800000, "sellingAndMarketingExpenses": 40000000, "sellingGeneralAndAdministrativeExpenses": 80800000, "otherExpenses": -2600000, "operatingExpenses": 104300000, "costAndExpenses": 209400000, "interestIncome": 400000, "interestExpense": 1100000, "depreciationAndAmortization": 23500000, "ebitda": 73300000, "ebitdaratio": 0.2831208961, "operatingIncome": 49500000, "operatingIncomeRatio": 0.191193511, "totalOtherIncomeExpensesNet": -3300000, "incomeBeforeTax": 46200000, "incomeBeforeTaxRatio": 0.1784472769, "incomeTaxExpense": 11500000, "netIncome": 33200000, "netIncomeRatio": 0.1282348397, "eps": 0.78, "epsdiluted": 0.77, "weightedAverageShsOut": 42600000, "weightedAverageShsOutDil": 43000000, "link": "https://www.sec.gov/Archives/edgar/data/1289419/000128941919000070/0001289419-19-000070-index.htm", "finalLink": "https://www.sec.gov/Archives/edgar/data/1289419/000128941919000070/morn_10qx03312019.htm"}, {"date": "2018-12-31", "symbol": "MORN", "reportedCurrency": "USD", "cik": "0001289419", "fillingDate": "2019-03-01", "acceptedDate": "2019-03-01 16:01:45", "calendarYear": "2018", "period": "Q4", "revenue": 262700000, "costOfRevenue": 108900000, "grossProfit": 153800000, "grossProfitRatio": 0.5854586981, "researchAndDevelopmentExpenses": 42800000, "generalAndAdministrativeExpenses": 44200000, "sellingAndMarketingExpenses": 34800000, "sellingGeneralAndAdministrativeExpenses": 79000000, "otherExpenses": -300000, "operatingExpenses": 104500000, "costAndExpenses": 213400000, "interestIncome": 600000, "interestExpense": 1200000, "depreciationAndAmortization": 25500000, "ebitda": 74800000, "ebitdaratio": 0.2847354397, "operatingIncome": 49300000, "operatingIncomeRatio": 0.1876665398, "totalOtherIncomeExpensesNet": -900000, "incomeBeforeTax": 48400000, "incomeBeforeTaxRatio": 0.1842405786, "incomeTaxExpense": 5500000, "netIncome": 42400000, "netIncomeRatio": 0.1614008375, "eps": 0.99, "epsdiluted": 0.99, "weightedAverageShsOut": 42700000, "weightedAverageShsOutDil": 43100000, "link": "https://www.sec.gov/Archives/edgar/data/1289419/000128941919000035/0001289419-19-000035-index.htm", "finalLink": "https://www.sec.gov/Archives/edgar/data/1289419/000128941919000035/morn_10kx12312018.htm"}, {"date": "2018-09-30", "symbol": "MORN", "reportedCurrency": "USD", "cik": "0001289419", "fillingDate": "2018-10-26", "acceptedDate": "2018-10-26 17:13:54", "calendarYear": "2018", "period": "Q3", "revenue": 261300000, "costOfRevenue": 100000000, "grossProfit": 161300000, "grossProfitRatio": 0.6172981248, "researchAndDevelopmentExpenses": 0, "generalAndAdministrativeExpenses": 35400000, "sellingAndMarketingExpenses": 35800000, "sellingGeneralAndAdministrativeExpenses": 71200000, "otherExpenses": 7500000, "operatingExpenses": 95900000, "costAndExpenses": 195900000, "interestIncome": 600000, "interestExpense": 800000, "depreciationAndAmortization": 24700000, "ebitda": 90100000, "ebitdaratio": 0.3448143896, "operatingIncome": 65400000, "operatingIncomeRatio": 0.2502870264, "totalOtherIncomeExpensesNet": 7300000, "incomeBeforeTax": 72700000, "incomeBeforeTaxRatio": 0.2782242633, "incomeTaxExpense": 16100000, "netIncome": 56900000, "netIncomeRatio": 0.217757367, "eps": 1.33, "epsdiluted": 1.32, "weightedAverageShsOut": 42600000, "weightedAverageShsOutDil": 43100000, "link": "https://www.sec.gov/Archives/edgar/data/1289419/000128941918000163/0001289419-18-000163-index.htm", "finalLink": "https://www.sec.gov/Archives/edgar/data/1289419/000128941918000163/morn_10qx09302018.htm"}, {"date": "2018-06-30", "symbol": "MORN", "reportedCurrency": "USD", "cik": "0001289419", "fillingDate": "2018-07-27", "acceptedDate": "2018-07-27 17:19:46", "calendarYear": "2018", "period": "Q2", "revenue": 252400000, "costOfRevenue": 99800000, "grossProfit": 152600000, "grossProfitRatio": 0.6045958796, "researchAndDevelopmentExpenses": 0, "generalAndAdministrativeExpenses": 36000000, "sellingAndMarketingExpenses": 39400000, "sellingGeneralAndAdministrativeExpenses": 75400000, "otherExpenses": 2100000, "operatingExpenses": 99000000, "costAndExpenses": 198800000, "interestIncome": 600000, "interestExpense": 1300000, "depreciationAndAmortization": 23600000, "ebitda": 77200000, "ebitdaratio": 0.3058637084, "operatingIncome": 53600000, "operatingIncomeRatio": 0.2123613312, "totalOtherIncomeExpensesNet": 1400000, "incomeBeforeTax": 55000000, "incomeBeforeTaxRatio": 0.2179080824, "incomeTaxExpense": 12800000, "netIncome": 41800000, "netIncomeRatio": 0.1656101426, "eps": 0.98, "epsdiluted": 0.97, "weightedAverageShsOut": 42600000, "weightedAverageShsOutDil": 43000000, "link": "https://www.sec.gov/Archives/edgar/data/1289419/000128941918000092/0001289419-18-000092-index.htm", "finalLink": "https://www.sec.gov/Archives/edgar/data/1289419/000128941918000092/morn_10qx06302018.htm"}, {"date": "2018-03-31", "symbol": "MORN", "reportedCurrency": "USD", "cik": "0001289419", "fillingDate": "2018-05-03", "acceptedDate": "2018-05-03 15:23:16", "calendarYear": "2018", "period": "Q1", "revenue": 243500000, "costOfRevenue": 102400000, "grossProfit": 141100000, "grossProfitRatio": 0.5794661191, "researchAndDevelopmentExpenses": 0, "generalAndAdministrativeExpenses": 32200000, "sellingAndMarketingExpenses": 38500000, "sellingGeneralAndAdministrativeExpenses": 70700000, "otherExpenses": -900000, "operatingExpenses": 93600000, "costAndExpenses": 196000000, "interestIncome": 500000, "interestExpense": 800000, "depreciationAndAmortization": 22900000, "ebitda": 70400000, "ebitdaratio": 0.2891170431, "operatingIncome": 47500000, "operatingIncomeRatio": 0.1950718686, "totalOtherIncomeExpensesNet": 9300000, "incomeBeforeTax": 56800000, "incomeBeforeTaxRatio": 0.2332648871, "incomeTaxExpense": 13400000, "netIncome": 41900000, "netIncomeRatio": 0.172073922, "eps": 0.99, "epsdiluted": 0.98, "weightedAverageShsOut": 42500000, "weightedAverageShsOutDil": 42900000, "link": "https://www.sec.gov/Archives/edgar/data/1289419/000128941918000014/0001289419-18-000014-index.htm", "finalLink": "https://www.sec.gov/Archives/edgar/data/1289419/000128941918000014/morn_10qx03312018.htm"}, {"date": "2017-12-31", "symbol": "MORN", "reportedCurrency": "USD", "cik": "0001289419", "fillingDate": "2018-03-01", "acceptedDate": "2018-03-01 17:16:41", "calendarYear": "2017", "period": "Q4", "revenue": 243100000, "costOfRevenue": 103400000, "grossProfit": 139700000, "grossProfitRatio": 0.5746606335, "researchAndDevelopmentExpenses": 30600000, "generalAndAdministrativeExpenses": 36600000, "sellingAndMarketingExpenses": 34100000, "sellingGeneralAndAdministrativeExpenses": 70700000, "otherExpenses": 1100000, "operatingExpenses": 97100000, "costAndExpenses": 200500000, "interestIncome": 600000, "interestExpense": 1600000, "depreciationAndAmortization": 26400000, "ebitda": 69600000, "ebitdaratio": 0.2863019334, "operatingIncome": 42600000, "operatingIncomeRatio": 0.1752365282, "totalOtherIncomeExpensesNet": -700000, "incomeBeforeTax": 41900000, "incomeBeforeTaxRatio": 0.1723570547, "incomeTaxExpense": 2700000, "netIncome": 38900000, "netIncomeRatio": 0.1600164541, "eps": 0.91, "epsdiluted": 0.91, "weightedAverageShsOut": 42500000, "weightedAverageShsOutDil": 42900000, "link": "https://www.sec.gov/Archives/edgar/data/1289419/000128941918000008/0001289419-18-000008-index.htm", "finalLink": "https://www.sec.gov/Archives/edgar/data/1289419/000128941918000008/morn_10kx12312017.htm"}, {"date": "2017-09-30", "symbol": "MORN", "reportedCurrency": "USD", "cik": "0001289419", "fillingDate": "2017-10-27", "acceptedDate": "2017-10-27 16:57:52", "calendarYear": "2017", "period": "Q3", "revenue": 229900000, "costOfRevenue": 90900000, "grossProfit": 139000000, "grossProfitRatio": 0.6046107003, "researchAndDevelopmentExpenses": 0, "generalAndAdministrativeExpenses": 33300000, "sellingAndMarketingExpenses": 31100000, "sellingGeneralAndAdministrativeExpenses": 64400000, "otherExpenses": -1100000, "operatingExpenses": 86200000, "costAndExpenses": 177100000, "interestIncome": 400000, "interestExpense": 1300000, "depreciationAndAmortization": 21800000, "ebitda": 74600000, "ebitdaratio": 0.3244889082, "operatingIncome": 52800000, "operatingIncomeRatio": 0.2296650718, "totalOtherIncomeExpensesNet": -2000000, "incomeBeforeTax": 50800000, "incomeBeforeTaxRatio": 0.2209656372, "incomeTaxExpense": 16900000, "netIncome": 33900000, "netIncomeRatio": 0.1474554154, "eps": 0.8, "epsdiluted": 0.79, "weightedAverageShsOut": 42500000, "weightedAverageShsOutDil": 42800000, "link": "https://www.sec.gov/Archives/edgar/data/1289419/000128941917000077/0001289419-17-000077-index.htm", "finalLink": "https://www.sec.gov/Archives/edgar/data/1289419/000128941917000077/morn_10qx09302017.htm"}, {"date": "2017-06-30", "symbol": "MORN", "reportedCurrency": "USD", "cik": "0001289419", "fillingDate": "2017-07-28", "acceptedDate": "2017-07-28 15:02:46", "calendarYear": "2017", "period": "Q2", "revenue": 229200000, "costOfRevenue": 95300000, "grossProfit": 133900000, "grossProfitRatio": 0.5842059337, "researchAndDevelopmentExpenses": 0, "generalAndAdministrativeExpenses": 29700000, "sellingAndMarketingExpenses": 36700000, "sellingGeneralAndAdministrativeExpenses": 66400000, "otherExpenses": -1400000, "operatingExpenses": 87900000, "costAndExpenses": 183200000, "interestIncome": 500000, "interestExpense": 1300000, "depreciationAndAmortization": 21500000, "ebitda": 67500000, "ebitdaratio": 0.2945026178, "operatingIncome": 46000000, "operatingIncomeRatio": 0.2006980803, "totalOtherIncomeExpensesNet": 15300000, "incomeBeforeTax": 61300000, "incomeBeforeTaxRatio": 0.267452007, "incomeTaxExpense": 15000000, "netIncome": 46100000, "netIncomeRatio": 0.2011343805, "eps": 1.07, "epsdiluted": 1.07, "weightedAverageShsOut": 42900000, "weightedAverageShsOutDil": 43100000, "link": "https://www.sec.gov/Archives/edgar/data/1289419/000128941917000065/0001289419-17-000065-index.htm", "finalLink": "https://www.sec.gov/Archives/edgar/data/1289419/000128941917000065/morn_10qx06302017.htm"}, {"date": "2017-03-31", "symbol": "MORN", "reportedCurrency": "USD", "cik": "0001289419", "fillingDate": "2017-04-28", "acceptedDate": "2017-04-28 13:32:45", "calendarYear": "2017", "period": "Q1", "revenue": 209500000, "costOfRevenue": 97000000, "grossProfit": 112500000, "grossProfitRatio": 0.5369928401, "researchAndDevelopmentExpenses": 0, "generalAndAdministrativeExpenses": 30200000, "sellingAndMarketingExpenses": 32400000, "sellingGeneralAndAdministrativeExpenses": 62600000, "otherExpenses": -400000, "operatingExpenses": 84100000, "costAndExpenses": 181100000, "interestIncome": 400000, "interestExpense": 1300000, "depreciationAndAmortization": 21500000, "ebitda": 49900000, "ebitdaratio": 0.2381861575, "operatingIncome": 28400000, "operatingIncomeRatio": 0.1355608592, "totalOtherIncomeExpensesNet": -1300000, "incomeBeforeTax": 27100000, "incomeBeforeTaxRatio": 0.1293556086, "incomeTaxExpense": 8300000, "netIncome": 18000000, "netIncomeRatio": 0.0859188544, "eps": 0.42, "epsdiluted": 0.42, "weightedAverageShsOut": 42900000, "weightedAverageShsOutDil": 43200000, "link": "https://www.sec.gov/Archives/edgar/data/1289419/000128941917000013/0001289419-17-000013-index.htm", "finalLink": "https://www.sec.gov/Archives/edgar/data/1289419/000128941917000013/morn_10qx03312017.htm"}, {"date": "2016-12-31", "symbol": "MORN", "reportedCurrency": "USD", "cik": "0001289419", "fillingDate": "2017-03-01", "acceptedDate": "2017-02-28 18:25:14", "calendarYear": "2016", "period": "Q4", "revenue": 212200000, "costOfRevenue": 88000000, "grossProfit": 124200000, "grossProfitRatio": 0.5852968897, "researchAndDevelopmentExpenses": 20000000, "generalAndAdministrativeExpenses": 29100000, "sellingAndMarketingExpenses": 26500000, "sellingGeneralAndAdministrativeExpenses": 55600000, "otherExpenses": 1400000, "operatingExpenses": 74300000, "costAndExpenses": 162300000, "interestIncome": 600000, "interestExpense": 600000, "depreciationAndAmortization": 18700000, "ebitda": 68600000, "ebitdaratio": 0.3232799246, "operatingIncome": 49900000, "operatingIncomeRatio": 0.2351555137, "totalOtherIncomeExpensesNet": 37600000, "incomeBeforeTax": 88400000, "incomeBeforeTaxRatio": 0.4165881244, "incomeTaxExpense": 17200000, "netIncome": 70300000, "netIncomeRatio": 0.3312912347, "eps": 1.63, "epsdiluted": 1.63, "weightedAverageShsOut": 43000000, "weightedAverageShsOutDil": 43200000, "link": "https://www.sec.gov/Archives/edgar/data/1289419/000128941917000009/0001289419-17-000009-index.htm", "finalLink": "https://www.sec.gov/Archives/edgar/data/1289419/000128941917000009/morn_10kx12312016.htm"}, {"date": "2016-09-30", "symbol": "MORN", "reportedCurrency": "USD", "cik": "0001289419", "fillingDate": "2016-10-28", "acceptedDate": "2016-10-28 13:58:42", "calendarYear": "2016", "period": "Q3", "revenue": 196100000, "costOfRevenue": 84900000, "grossProfit": 111200000, "grossProfitRatio": 0.5670576237, "researchAndDevelopmentExpenses": 0, "generalAndAdministrativeExpenses": 25800000, "sellingAndMarketingExpenses": 23100000, "sellingGeneralAndAdministrativeExpenses": 48900000, "otherExpenses": 2100000, "operatingExpenses": 67000000, "costAndExpenses": 151900000, "interestIncome": 400000, "interestExpense": 400000, "depreciationAndAmortization": 18100000, "ebitda": 62300000, "ebitdaratio": 0.3176950535, "operatingIncome": 44200000, "operatingIncomeRatio": 0.2253952065, "totalOtherIncomeExpensesNet": 2100000, "incomeBeforeTax": 46300000, "incomeBeforeTaxRatio": 0.2361040286, "incomeTaxExpense": 16500000, "netIncome": 30200000, "netIncomeRatio": 0.1540030597, "eps": 0.7, "epsdiluted": 0.7, "weightedAverageShsOut": 43100000, "weightedAverageShsOutDil": 43300000, "link": "https://www.sec.gov/Archives/edgar/data/1289419/000128941916000294/0001289419-16-000294-index.htm", "finalLink": "https://www.sec.gov/Archives/edgar/data/1289419/000128941916000294/morn_10qx09302016.htm"}, {"date": "2016-06-30", "symbol": "MORN", "reportedCurrency": "USD", "cik": "0001289419", "fillingDate": "2016-07-29", "acceptedDate": "2016-07-29 14:20:27", "calendarYear": "2016", "period": "Q2", "revenue": 198200000, "costOfRevenue": 86100000, "grossProfit": 112100000, "grossProfitRatio": 0.5655903128, "researchAndDevelopmentExpenses": 0, "generalAndAdministrativeExpenses": 24700000, "sellingAndMarketingExpenses": 25700000, "sellingGeneralAndAdministrativeExpenses": 50400000, "otherExpenses": 2600000, "operatingExpenses": 67700000, "costAndExpenses": 153800000, "interestIncome": 400000, "interestExpense": 300000, "depreciationAndAmortization": 17300000, "ebitda": 61700000, "ebitdaratio": 0.3113017154, "operatingIncome": 44400000, "operatingIncomeRatio": 0.2240161453, "totalOtherIncomeExpensesNet": 3000000, "incomeBeforeTax": 47400000, "incomeBeforeTaxRatio": 0.2391523713, "incomeTaxExpense": 15400000, "netIncome": 31800000, "netIncomeRatio": 0.160443996, "eps": 0.74, "epsdiluted": 0.73, "weightedAverageShsOut": 43000000, "weightedAverageShsOutDil": 43300000, "link": "https://www.sec.gov/Archives/edgar/data/1289419/000128941916000279/0001289419-16-000279-index.htm", "finalLink": "https://www.sec.gov/Archives/edgar/data/1289419/000128941916000279/morn_10qx06302016.htm"}, {"date": "2016-03-31", "symbol": "MORN", "reportedCurrency": "USD", "cik": "0001289419", "fillingDate": "2016-04-29", "acceptedDate": "2016-04-29 16:06:13", "calendarYear": "2016", "period": "Q1", "revenue": 192100000, "costOfRevenue": 85300000, "grossProfit": 106800000, "grossProfitRatio": 0.5559604373, "researchAndDevelopmentExpenses": 0, "generalAndAdministrativeExpenses": 25600000, "sellingAndMarketingExpenses": 22300000, "sellingGeneralAndAdministrativeExpenses": 47900000, "otherExpenses": 300000, "operatingExpenses": 64500000, "costAndExpenses": 149800000, "interestIncome": 400000, "interestExpense": 200000, "depreciationAndAmortization": 16600000, "ebitda": 58900000, "ebitdaratio": 0.30661114, "operatingIncome": 42300000, "operatingIncomeRatio": 0.2201978136, "totalOtherIncomeExpensesNet": 500000, "incomeBeforeTax": 42800000, "incomeBeforeTaxRatio": 0.2228006247, "incomeTaxExpense": 14600000, "netIncome": 28700000, "netIncomeRatio": 0.1494013535, "eps": 0.67, "epsdiluted": 0.67, "weightedAverageShsOut": 43000000, "weightedAverageShsOutDil": 43100000, "link": "https://www.sec.gov/Archives/edgar/data/1289419/000128941916000268/0001289419-16-000268-index.htm", "finalLink": "https://www.sec.gov/Archives/edgar/data/1289419/000128941916000268/morn_10qx03312016.htm"}, {"date": "2015-12-31", "symbol": "MORN", "reportedCurrency": "USD", "cik": "0001289419", "fillingDate": "2016-02-26", "acceptedDate": "2016-02-26 14:55:12", "calendarYear": "2015", "period": "Q4", "revenue": 201600000, "costOfRevenue": 84900000, "grossProfit": 116700000, "grossProfitRatio": 0.5788690476, "researchAndDevelopmentExpenses": 0, "generalAndAdministrativeExpenses": 27200000, "sellingAndMarketingExpenses": 22800000, "sellingGeneralAndAdministrativeExpenses": 50000000, "otherExpenses": 600000, "operatingExpenses": 66600000, "costAndExpenses": 151500000, "interestIncome": 800000, "interestExpense": 0, "depreciationAndAmortization": 16600000, "ebitda": 66700000, "ebitdaratio": 0.3308531746, "operatingIncome": 50100000, "operatingIncomeRatio": 0.2485119048, "totalOtherIncomeExpensesNet": 1700000, "incomeBeforeTax": 51500000, "incomeBeforeTaxRatio": 0.2554563492, "incomeTaxExpense": 14500000, "netIncome": 37300000, "netIncomeRatio": 0.1850198413, "eps": 0.85, "epsdiluted": 0.85, "weightedAverageShsOut": 43800000, "weightedAverageShsOutDil": 43900000, "link": "https://www.sec.gov/Archives/edgar/data/1289419/000128941916000250/0001289419-16-000250-index.htm", "finalLink": "https://www.sec.gov/Archives/edgar/data/1289419/000128941916000250/morn_10kx12312015.htm"}, {"date": "2015-09-30", "symbol": "MORN", "reportedCurrency": "USD", "cik": "0001289419", "fillingDate": "2015-10-29", "acceptedDate": "2015-10-29 16:39:37", "calendarYear": "2015", "period": "Q3", "revenue": 195300000, "costOfRevenue": 83400000, "grossProfit": 111900000, "grossProfitRatio": 0.5729646697, "researchAndDevelopmentExpenses": 0, "generalAndAdministrativeExpenses": 26000000, "sellingAndMarketingExpenses": 23300000, "sellingGeneralAndAdministrativeExpenses": 49300000, "otherExpenses": 1200000, "operatingExpenses": 65700000, "costAndExpenses": 149100000, "interestIncome": 300000, "interestExpense": 100000, "depreciationAndAmortization": 16400000, "ebitda": 62600000, "ebitdaratio": 0.3205325141, "operatingIncome": 46200000, "operatingIncomeRatio": 0.2365591398, "totalOtherIncomeExpensesNet": 1400000, "incomeBeforeTax": 47600000, "incomeBeforeTaxRatio": 0.2437275986, "incomeTaxExpense": 14600000, "netIncome": 33500000, "netIncomeRatio": 0.171530978, "eps": 0.76, "epsdiluted": 0.76, "weightedAverageShsOut": 44200000, "weightedAverageShsOutDil": 44300000, "link": "https://www.sec.gov/Archives/edgar/data/1289419/000128941915000188/0001289419-15-000188-index.htm", "finalLink": "https://www.sec.gov/Archives/edgar/data/1289419/000128941915000188/morn_10qx09302015.htm"}, {"date": "2015-06-30", "symbol": "MORN", "reportedCurrency": "USD", "cik": "0001289419", "fillingDate": "2015-07-30", "acceptedDate": "2015-07-30 14:32:00", "calendarYear": "2015", "period": "Q2", "revenue": 202100000, "costOfRevenue": 83200000, "grossProfit": 118900000, "grossProfitRatio": 0.5883226126, "researchAndDevelopmentExpenses": 0, "generalAndAdministrativeExpenses": 27800000, "sellingAndMarketingExpenses": 25100000, "sellingGeneralAndAdministrativeExpenses": 52900000, "otherExpenses": 500000, "operatingExpenses": 69200000, "costAndExpenses": 152400000, "interestIncome": 300000, "interestExpense": 200000, "depreciationAndAmortization": 16300000, "ebitda": 66000000, "ebitdaratio": 0.3265710045, "operatingIncome": 49700000, "operatingIncomeRatio": 0.2459178624, "totalOtherIncomeExpensesNet": 600000, "incomeBeforeTax": 50300000, "incomeBeforeTaxRatio": 0.2488866898, "incomeTaxExpense": 18700000, "netIncome": 32200000, "netIncomeRatio": 0.1593270658, "eps": 0.73, "epsdiluted": 0.72, "weightedAverageShsOut": 44300000, "weightedAverageShsOutDil": 44400000, "link": "https://www.sec.gov/Archives/edgar/data/1289419/000128941915000157/0001289419-15-000157-index.htm", "finalLink": "https://www.sec.gov/Archives/edgar/data/1289419/000128941915000157/morn_10qx06302015.htm"}, {"date": "2015-03-31", "symbol": "MORN", "reportedCurrency": "USD", "cik": "0001289419", "fillingDate": "2015-05-01", "acceptedDate": "2015-05-01 13:15:04", "calendarYear": "2015", "period": "Q1", "revenue": 189800000, "costOfRevenue": 78700000, "grossProfit": 111100000, "grossProfitRatio": 0.5853530032, "researchAndDevelopmentExpenses": 0, "generalAndAdministrativeExpenses": 26100000, "sellingAndMarketingExpenses": 25400000, "sellingGeneralAndAdministrativeExpenses": 51500000, "otherExpenses": -600000, "operatingExpenses": 66600000, "costAndExpenses": 145300000, "interestIncome": 400000, "interestExpense": 200000, "depreciationAndAmortization": 15100000, "ebitda": 59600000, "ebitdaratio": 0.3140147524, "operatingIncome": 44500000, "operatingIncomeRatio": 0.2344573235, "totalOtherIncomeExpensesNet": -400000, "incomeBeforeTax": 44100000, "incomeBeforeTaxRatio": 0.2323498419, "incomeTaxExpense": 14800000, "netIncome": 29700000, "netIncomeRatio": 0.1564805058, "eps": 0.67, "epsdiluted": 0.67, "weightedAverageShsOut": 44300000, "weightedAverageShsOutDil": 44500000, "link": "https://www.sec.gov/Archives/edgar/data/1289419/000128941915000069/0001289419-15-000069-index.htm", "finalLink": "https://www.sec.gov/Archives/edgar/data/1289419/000128941915000069/morn_10qx03312015.htm"}, {"date": "2014-12-31", "symbol": "MORN", "reportedCurrency": "USD", "cik": "0001289419", "fillingDate": "2015-02-27", "acceptedDate": "2015-02-27 12:50:16", "calendarYear": "2014", "period": "Q4", "revenue": 196415000, "costOfRevenue": 81395000, "grossProfit": 115020000, "grossProfitRatio": 0.5855968231, "researchAndDevelopmentExpenses": 0, "generalAndAdministrativeExpenses": 25939000, "sellingAndMarketingExpenses": 27950000, "sellingGeneralAndAdministrativeExpenses": 53889000, "otherExpenses": 1523000, "operatingExpenses": 68439000, "costAndExpenses": 149834000, "interestIncome": 541000, "interestExpense": 225000, "depreciationAndAmortization": 14550000, "ebitda": 61131000, "ebitdaratio": 0.3112338671, "operatingIncome": 46581000, "operatingIncomeRatio": 0.2371560217, "totalOtherIncomeExpensesNet": 519000, "incomeBeforeTax": 48420000, "incomeBeforeTaxRatio": 0.2465188504, "incomeTaxExpense": 15490000, "netIncome": 31514000, "netIncomeRatio": 0.1604459945, "eps": 0.71, "epsdiluted": 0.71, "weightedAverageShsOut": 44414000, "weightedAverageShsOutDil": 44548000, "link": "https://www.sec.gov/Archives/edgar/data/1289419/000128941915000044/0001289419-15-000044-index.htm", "finalLink": "https://www.sec.gov/Archives/edgar/data/1289419/000128941915000044/morn_10kx12312014.htm"}, {"date": "2014-09-30", "symbol": "MORN", "reportedCurrency": "USD", "cik": "0001289419", "fillingDate": "2014-10-30", "acceptedDate": "2014-10-30 16:07:41", "calendarYear": "2014", "period": "Q3", "revenue": 193106000, "costOfRevenue": 80142000, "grossProfit": 112964000, "grossProfitRatio": 0.5849844127, "researchAndDevelopmentExpenses": 0, "generalAndAdministrativeExpenses": 26384000, "sellingAndMarketingExpenses": 26761000, "sellingGeneralAndAdministrativeExpenses": 53145000, "otherExpenses": -813000, "operatingExpenses": 67703000, "costAndExpenses": 147845000, "interestIncome": 658000, "interestExpense": 143000, "depreciationAndAmortization": 14558000, "ebitda": 59800000, "ebitdaratio": 0.3096744793, "operatingIncome": 45261000, "operatingIncomeRatio": 0.2343842242, "totalOtherIncomeExpensesNet": -337000, "incomeBeforeTax": 44963000, "incomeBeforeTaxRatio": 0.2328410303, "incomeTaxExpense": 15149000, "netIncome": 30180000, "netIncomeRatio": 0.1562872205, "eps": 0.67, "epsdiluted": 0.67, "weightedAverageShsOut": 44700000, "weightedAverageShsOutDil": 44900000, "link": "https://www.sec.gov/Archives/edgar/data/1289419/000128941914000194/0001289419-14-000194-index.htm", "finalLink": "https://www.sec.gov/Archives/edgar/data/1289419/000128941914000194/morn_10qx09302014.htm"}, {"date": "2014-06-30", "symbol": "MORN", "reportedCurrency": "USD", "cik": "0001289419", "fillingDate": "2014-07-31", "acceptedDate": "2014-07-31 16:21:45", "calendarYear": "2014", "period": "Q2", "revenue": 189385000, "costOfRevenue": 81387000, "grossProfit": 107998000, "grossProfitRatio": 0.5702563561, "researchAndDevelopmentExpenses": 0, "generalAndAdministrativeExpenses": 30438000, "sellingAndMarketingExpenses": 27949000, "sellingGeneralAndAdministrativeExpenses": 58387000, "otherExpenses": 5264000, "operatingExpenses": 71778000, "costAndExpenses": 153165000, "interestIncome": 715000, "interestExpense": 81000, "depreciationAndAmortization": 13391000, "ebitda": -4989000, "ebitdaratio": -0.0263431634, "operatingIncome": -24780000, "operatingIncomeRatio": -0.1308445759, "totalOtherIncomeExpensesNet": 6400000, "incomeBeforeTax": -18882000, "incomeBeforeTaxRatio": -0.0997016659, "incomeTaxExpense": -8611000, "netIncome": -9769000, "netIncomeRatio": -0.0515827547, "eps": -0.22, "epsdiluted": -0.22, "weightedAverageShsOut": 44545454, "weightedAverageShsOutDil": 44800000, "link": "https://www.sec.gov/Archives/edgar/data/1289419/000128941914000144/0001289419-14-000144-index.htm", "finalLink": "https://www.sec.gov/Archives/edgar/data/1289419/000128941914000144/morn_10qx06302014.htm"}, {"date": "2014-03-31", "symbol": "MORN", "reportedCurrency": "USD", "cik": "0001289419", "fillingDate": "2014-05-01", "acceptedDate": "2014-05-01 16:20:51", "calendarYear": "2014", "period": "Q1", "revenue": 181165000, "costOfRevenue": 75714000, "grossProfit": 105451000, "grossProfitRatio": 0.5820715922, "researchAndDevelopmentExpenses": 0, "generalAndAdministrativeExpenses": 26104000, "sellingAndMarketingExpenses": 28428000, "sellingGeneralAndAdministrativeExpenses": 54532000, "otherExpenses": 280000, "operatingExpenses": 66919000, "costAndExpenses": 142633000, "interestIncome": 647000, "interestExpense": 62000, "depreciationAndAmortization": 12387000, "ebitda": 50919000, "ebitdaratio": 0.2810642232, "operatingIncome": 38532000, "operatingIncomeRatio": 0.2126900891, "totalOtherIncomeExpensesNet": 1468000, "incomeBeforeTax": 39397000, "incomeBeforeTaxRatio": 0.2174647421, "incomeTaxExpense": 13650000, "netIncome": 26376000, "netIncomeRatio": 0.1455910358, "eps": 0.59, "epsdiluted": 0.58, "weightedAverageShsOut": 44800000, "weightedAverageShsOutDil": 45100000, "link": "https://www.sec.gov/Archives/edgar/data/1289419/000128941914000089/0001289419-14-000089-index.htm", "finalLink": "https://www.sec.gov/Archives/edgar/data/1289419/000128941914000089/morn_10qx03312014.htm"}, {"date": "2013-12-31", "symbol": "MORN", "reportedCurrency": "USD", "cik": "0001289419", "fillingDate": "2014-02-28", "acceptedDate": "2014-02-28 13:08:13", "calendarYear": "2013", "period": "Q4", "revenue": 180500000, "costOfRevenue": 72938000, "grossProfit": 107562000, "grossProfitRatio": 0.5959113573, "researchAndDevelopmentExpenses": 0, "generalAndAdministrativeExpenses": 29005000, "sellingAndMarketingExpenses": 24825000, "sellingGeneralAndAdministrativeExpenses": 53830000, "otherExpenses": 1852000, "operatingExpenses": 65665000, "costAndExpenses": 138603000, "interestIncome": 905000, "interestExpense": 228000, "depreciationAndAmortization": 11835000, "ebitda": 53732000, "ebitdaratio": 0.2976842105, "operatingIncome": 41897000, "operatingIncomeRatio": 0.2321163435, "totalOtherIncomeExpensesNet": 2785000, "incomeBeforeTax": 44426000, "incomeBeforeTaxRatio": 0.2461274238, "incomeTaxExpense": 13384000, "netIncome": 31327000, "netIncomeRatio": 0.1735567867, "eps": 0.68, "epsdiluted": 0.68, "weightedAverageShsOut": 45756000, "weightedAverageShsOutDil": 46211000, "link": "https://www.sec.gov/Archives/edgar/data/1289419/000128941914000044/0001289419-14-000044-index.htm", "finalLink": "https://www.sec.gov/Archives/edgar/data/1289419/000128941914000044/morn_10kx12312013.htm"}, {"date": "2013-09-30", "symbol": "MORN", "reportedCurrency": "USD", "cik": "0001289419", "fillingDate": "2013-11-06", "acceptedDate": "2013-11-06 16:45:12", "calendarYear": "2013", "period": "Q3", "revenue": 173482000, "costOfRevenue": 72422000, "grossProfit": 101060000, "grossProfitRatio": 0.5825388225, "researchAndDevelopmentExpenses": 0, "generalAndAdministrativeExpenses": 22416000, "sellingAndMarketingExpenses": 22774000, "sellingGeneralAndAdministrativeExpenses": 45190000, "otherExpenses": 141000, "operatingExpenses": 56447000, "costAndExpenses": 128869000, "interestIncome": 630000, "interestExpense": 0, "depreciationAndAmortization": 11257000, "ebitda": 55870000, "ebitdaratio": 0.3220507027, "operatingIncome": 44613000, "operatingIncomeRatio": 0.2571621263, "totalOtherIncomeExpensesNet": 771000, "incomeBeforeTax": 45384000, "incomeBeforeTaxRatio": 0.2616063914, "incomeTaxExpense": 14265000, "netIncome": 31463000, "netIncomeRatio": 0.1813617551, "eps": 0.68, "epsdiluted": 0.68, "weightedAverageShsOut": 46080000, "weightedAverageShsOutDil": 46519000, "link": "https://www.sec.gov/Archives/edgar/data/1289419/000128941913000303/0001289419-13-000303-index.htm", "finalLink": "https://www.sec.gov/Archives/edgar/data/1289419/000128941913000303/morn_10qx09302013.htm"}, {"date": "2013-06-30", "symbol": "MORN", "reportedCurrency": "USD", "cik": "0001289419", "fillingDate": "2013-07-31", "acceptedDate": "2013-07-31 17:23:56", "calendarYear": "2013", "period": "Q2", "revenue": 175428000, "costOfRevenue": 50273000, "grossProfit": 125155000, "grossProfitRatio": 0.713426591, "researchAndDevelopmentExpenses": 14154000, "generalAndAdministrativeExpenses": 28120000, "sellingAndMarketingExpenses": 28035000, "sellingGeneralAndAdministrativeExpenses": 56155000, "otherExpenses": -1689000, "operatingExpenses": 81571000, "costAndExpenses": 131844000, "interestIncome": 664000, "interestExpense": 0, "depreciationAndAmortization": 11262000, "ebitda": 50710000, "ebitdaratio": 0.2890644595, "operatingIncome": 43584000, "operatingIncomeRatio": 0.248443806, "totalOtherIncomeExpensesNet": 3111000, "incomeBeforeTax": 46695000, "incomeBeforeTaxRatio": 0.2661775771, "incomeTaxExpense": 15955000, "netIncome": 31121000, "netIncomeRatio": 0.177400415, "eps": 0.67, "epsdiluted": 0.66, "weightedAverageShsOut": 46400000, "weightedAverageShsOutDil": 46853000, "link": "https://www.sec.gov/Archives/edgar/data/1289419/000128941913000202/0001289419-13-000202-index.htm", "finalLink": "https://www.sec.gov/Archives/edgar/data/1289419/000128941913000202/morn_10qx06302013.htm"}, {"date": "2013-03-31", "symbol": "MORN", "reportedCurrency": "USD", "cik": "0001289419", "fillingDate": "2013-05-01", "acceptedDate": "2013-05-01 15:24:13", "calendarYear": "2013", "period": "Q1", "revenue": 168856000, "costOfRevenue": 48010000, "grossProfit": 120846000, "grossProfitRatio": 0.7156748946, "researchAndDevelopmentExpenses": 13640000, "generalAndAdministrativeExpenses": 27327000, "sellingAndMarketingExpenses": 27980000, "sellingGeneralAndAdministrativeExpenses": 55307000, "otherExpenses": 204000, "operatingExpenses": 80286000, "costAndExpenses": 128296000, "interestIncome": 741000, "interestExpense": 0, "depreciationAndAmortization": 11339000, "ebitda": 52861000, "ebitdaratio": 0.3130537263, "operatingIncome": 40560000, "operatingIncomeRatio": 0.2402046714, "totalOtherIncomeExpensesNet": 945000, "incomeBeforeTax": 41505000, "incomeBeforeTaxRatio": 0.245801156, "incomeTaxExpense": 12427000, "netIncome": 29618000, "netIncomeRatio": 0.1754038944, "eps": 0.64, "epsdiluted": 0.63, "weightedAverageShsOut": 46406000, "weightedAverageShsOutDil": 46814000, "link": "https://www.sec.gov/Archives/edgar/data/1289419/000128941913000084/0001289419-13-000084-index.htm", "finalLink": "https://www.sec.gov/Archives/edgar/data/1289419/000128941913000084/morn_10qx03312013.htm"}, {"date": "2012-12-31", "symbol": "MORN", "reportedCurrency": "USD", "cik": "0001289419", "fillingDate": "2013-02-28", "acceptedDate": "2013-02-28 16:27:31", "calendarYear": "2012", "period": "Q4", "revenue": 170609000, "costOfRevenue": 47868000, "grossProfit": 122741000, "grossProfitRatio": 0.7194286351, "researchAndDevelopmentExpenses": 12772000, "generalAndAdministrativeExpenses": 31767000, "sellingAndMarketingExpenses": 27453000, "sellingGeneralAndAdministrativeExpenses": 59220000, "otherExpenses": -1882000, "operatingExpenses": 83472000, "costAndExpenses": 131340000, "interestIncome": 1370000, "interestExpense": 65000, "depreciationAndAmortization": 11480000, "ebitda": 50237000, "ebitdaratio": 0.2944569161, "operatingIncome": 39269000, "operatingIncomeRatio": 0.230169569, "totalOtherIncomeExpensesNet": -577000, "incomeBeforeTax": 38692000, "incomeBeforeTaxRatio": 0.2267875669, "incomeTaxExpense": 11437000, "netIncome": 32984000, "netIncomeRatio": 0.1933309497, "eps": 0.7, "epsdiluted": 0.69, "weightedAverageShsOut": 46913000, "weightedAverageShsOutDil": 47511000, "link": "https://www.sec.gov/Archives/edgar/data/1289419/000128941913000059/0001289419-13-000059-index.htm", "finalLink": "https://www.sec.gov/Archives/edgar/data/1289419/000128941913000059/morn_10kx12312012.htm"}, {"date": "2012-09-30", "symbol": "MORN", "reportedCurrency": "USD", "cik": "0001289419", "fillingDate": "2012-10-30", "acceptedDate": "2012-10-30 15:52:11", "calendarYear": "2012", "period": "Q3", "revenue": 160952000, "costOfRevenue": 47711000, "grossProfit": 113241000, "grossProfitRatio": 0.7035700084, "researchAndDevelopmentExpenses": 12857000, "generalAndAdministrativeExpenses": 23966000, "sellingAndMarketingExpenses": 25732000, "sellingGeneralAndAdministrativeExpenses": 49698000, "otherExpenses": 161000, "operatingExpenses": 73377000, "costAndExpenses": 121088000, "interestIncome": 1774000, "interestExpense": 55000, "depreciationAndAmortization": 10822000, "ebitda": 50686000, "ebitdaratio": 0.3149137631, "operatingIncome": 39864000, "operatingIncomeRatio": 0.2476763259, "totalOtherIncomeExpensesNet": 1880000, "incomeBeforeTax": 41744000, "incomeBeforeTaxRatio": 0.2593568269, "incomeTaxExpense": 15186000, "netIncome": 27070000, "netIncomeRatio": 0.1681867886, "eps": 0.56, "epsdiluted": 0.56, "weightedAverageShsOut": 47975000, "weightedAverageShsOutDil": 48481000, "link": "https://www.sec.gov/Archives/edgar/data/1289419/000128941912000332/0001289419-12-000332-index.htm", "finalLink": "https://www.sec.gov/Archives/edgar/data/1289419/000128941912000332/morn_10qx09302012.htm"}, {"date": "2012-06-30", "symbol": "MORN", "reportedCurrency": "USD", "cik": "0001289419", "fillingDate": "2012-07-31", "acceptedDate": "2012-07-31 15:56:09", "calendarYear": "2012", "period": "Q2", "revenue": 165968000, "costOfRevenue": 49452000, "grossProfit": 116516000, "grossProfitRatio": 0.7020389473, "researchAndDevelopmentExpenses": 12442000, "generalAndAdministrativeExpenses": 24946000, "sellingAndMarketingExpenses": 27373000, "sellingGeneralAndAdministrativeExpenses": 52319000, "otherExpenses": -265000, "operatingExpenses": 75380000, "costAndExpenses": 124832000, "interestIncome": 1385000, "interestExpense": 125000, "depreciationAndAmortization": 10619000, "ebitda": 51755000, "ebitdaratio": 0.3118372216, "operatingIncome": 41136000, "operatingIncomeRatio": 0.2478550082, "totalOtherIncomeExpensesNet": 995000, "incomeBeforeTax": 42131000, "incomeBeforeTaxRatio": 0.2538501398, "incomeTaxExpense": 14744000, "netIncome": 27888000, "netIncomeRatio": 0.1680323918, "eps": 0.57, "epsdiluted": 0.56, "weightedAverageShsOut": 49195000, "weightedAverageShsOutDil": 49856000, "link": "https://www.sec.gov/Archives/edgar/data/1289419/000128941912000229/0001289419-12-000229-index.htm", "finalLink": "https://www.sec.gov/Archives/edgar/data/1289419/000128941912000229/morn_10qx06302012.htm"}, {"date": "2012-03-31", "symbol": "MORN", "reportedCurrency": "USD", "cik": "0001289419", "fillingDate": "2012-05-02", "acceptedDate": "2012-05-01 17:31:52", "calendarYear": "2012", "period": "Q1", "revenue": 160759000, "costOfRevenue": 50316000, "grossProfit": 110443000, "grossProfitRatio": 0.6870097475, "researchAndDevelopmentExpenses": 13365000, "generalAndAdministrativeExpenses": 28178000, "sellingAndMarketingExpenses": 28326000, "sellingGeneralAndAdministrativeExpenses": 56504000, "otherExpenses": 10175000, "operatingExpenses": 80044000, "costAndExpenses": 130360000, "interestIncome": 934000, "interestExpense": 65000, "depreciationAndAmortization": 10175000, "ebitda": 40574000, "ebitdaratio": 0.2523902239, "operatingIncome": 30399000, "operatingIncomeRatio": 0.1890967224, "totalOtherIncomeExpensesNet": 659000, "incomeBeforeTax": 31058000, "incomeBeforeTaxRatio": 0.1931960264, "incomeTaxExpense": 11511000, "netIncome": 20137000, "netIncomeRatio": 0.1252620382, "eps": 0.4, "epsdiluted": 0.4, "weightedAverageShsOut": 49938000, "weightedAverageShsOutDil": 50758000, "link": "https://www.sec.gov/Archives/edgar/data/1289419/000128941912000119/0001289419-12-000119-index.htm", "finalLink": "https://www.sec.gov/Archives/edgar/data/1289419/000128941912000119/morn_10qx03312012.htm"}, {"date": "2011-12-31", "symbol": "MORN", "reportedCurrency": "USD", "cik": "0001289419", "fillingDate": "2012-03-16", "acceptedDate": "2012-03-16 10:23:40", "calendarYear": "2011", "period": "Q4", "revenue": 158571000, "costOfRevenue": 48203000, "grossProfit": 110368000, "grossProfitRatio": 0.6960162955, "researchAndDevelopmentExpenses": 14006000, "generalAndAdministrativeExpenses": 24829000, "sellingAndMarketingExpenses": 26197000, "sellingGeneralAndAdministrativeExpenses": 51026000, "otherExpenses": 11201000, "operatingExpenses": 76233000, "costAndExpenses": 124436000, "interestIncome": 1355000, "interestExpense": 136000, "depreciationAndAmortization": 11201000, "ebitda": 45050000, "ebitdaratio": 0.2840998669, "operatingIncome": 34135000, "operatingIncomeRatio": 0.2152663476, "totalOtherIncomeExpensesNet": 1505000, "incomeBeforeTax": 35640000, "incomeBeforeTaxRatio": 0.2247573642, "incomeTaxExpense": 8073000, "netIncome": 27955000, "netIncomeRatio": 0.1762932693, "eps": 0.56, "epsdiluted": 0.55, "weightedAverageShsOut": 49883000, "weightedAverageShsOutDil": 50732000, "link": "https://www.sec.gov/Archives/edgar/data/1289419/000128941912000074/0001289419-12-000074-index.htm", "finalLink": "https://www.sec.gov/Archives/edgar/data/1289419/000128941912000074/morn_10kx12312011a.htm"}, {"date": "2011-09-30", "symbol": "MORN", "reportedCurrency": "USD", "cik": "0001289419", "fillingDate": "2011-11-01", "acceptedDate": "2011-11-01 16:46:34", "calendarYear": "2011", "period": "Q3", "revenue": 160051000, "costOfRevenue": 48074000, "grossProfit": 111977000, "grossProfitRatio": 0.6996332419, "researchAndDevelopmentExpenses": 13482000, "generalAndAdministrativeExpenses": 26431000, "sellingAndMarketingExpenses": 27253000, "sellingGeneralAndAdministrativeExpenses": 53684000, "otherExpenses": 10947000, "operatingExpenses": 78113000, "costAndExpenses": 126187000, "interestIncome": 938000, "interestExpense": 141000, "depreciationAndAmortization": 10947000, "ebitda": 44373000, "ebitdaratio": 0.2772428788, "operatingIncome": 33864000, "operatingIncomeRatio": 0.2115825581, "totalOtherIncomeExpensesNet": -579000, "incomeBeforeTax": 33285000, "incomeBeforeTaxRatio": 0.2079649612, "incomeTaxExpense": 12343000, "netIncome": 21380000, "netIncomeRatio": 0.1335824206, "eps": 0.42, "epsdiluted": 0.42, "weightedAverageShsOut": 50278000, "weightedAverageShsOutDil": 51123000, "link": "https://www.sec.gov/Archives/edgar/data/1289419/000128941911000346/0001289419-11-000346-index.htm", "finalLink": "https://www.sec.gov/Archives/edgar/data/1289419/000128941911000346/morn_10qx9302011.htm"}, {"date": "2011-06-30", "symbol": "MORN", "reportedCurrency": "USD", "cik": "0001289419", "fillingDate": "2011-08-02", "acceptedDate": "2011-08-02 17:04:45", "calendarYear": "2011", "period": "Q2", "revenue": 161011000, "costOfRevenue": 45186000, "grossProfit": 115825000, "grossProfitRatio": 0.719360789, "researchAndDevelopmentExpenses": 13681000, "generalAndAdministrativeExpenses": 26207000, "sellingAndMarketingExpenses": 26767000, "sellingGeneralAndAdministrativeExpenses": 52974000, "otherExpenses": 10563000, "operatingExpenses": 77218000, "costAndExpenses": 122404000, "interestIncome": 810000, "interestExpense": 989000, "depreciationAndAmortization": 10563000, "ebitda": 48982000, "ebitdaratio": 0.30421524, "operatingIncome": 38607000, "operatingIncomeRatio": 0.2397786487, "totalOtherIncomeExpensesNet": 9000, "incomeBeforeTax": 38616000, "incomeBeforeTaxRatio": 0.2398345455, "incomeTaxExpense": -12724000, "netIncome": 26485000, "netIncomeRatio": 0.164491867, "eps": 0.53, "epsdiluted": 0.52, "weightedAverageShsOut": 50165000, "weightedAverageShsOutDil": 51142000, "link": "https://www.sec.gov/Archives/edgar/data/1289419/000128941911000257/0001289419-11-000257-index.htm", "finalLink": "https://www.sec.gov/Archives/edgar/data/1289419/000128941911000257/morn_10qx6302011.htm"}, {"date": "2011-03-31", "symbol": "MORN", "reportedCurrency": "USD", "cik": "0001289419", "fillingDate": "2011-05-04", "acceptedDate": "2011-05-04 16:16:19", "calendarYear": "2011", "period": "Q1", "revenue": 151767000, "costOfRevenue": 40669000, "grossProfit": 111098000, "grossProfitRatio": 0.7320300197, "researchAndDevelopmentExpenses": 11988000, "generalAndAdministrativeExpenses": 30617000, "sellingAndMarketingExpenses": 26482000, "sellingGeneralAndAdministrativeExpenses": 57099000, "otherExpenses": 10202000, "operatingExpenses": 79289000, "costAndExpenses": 119958000, "interestIncome": 524000, "interestExpense": 0, "depreciationAndAmortization": 10202000, "ebitda": 41761000, "ebitdaratio": 0.2751652204, "operatingIncome": 31809000, "operatingIncomeRatio": 0.2095910178, "totalOtherIncomeExpensesNet": 774000, "incomeBeforeTax": 32583000, "incomeBeforeTaxRatio": 0.2146909407, "incomeTaxExpense": -10518000, "netIncome": 22537000, "netIncomeRatio": 0.1484973677, "eps": 0.45, "epsdiluted": 0.44, "weightedAverageShsOut": 49800000, "weightedAverageShsOutDil": 50953000, "link": "https://www.sec.gov/Archives/edgar/data/1289419/000110465911025754/0001104659-11-025754-index.htm", "finalLink": "https://www.sec.gov/Archives/edgar/data/1289419/000110465911025754/a11-8338_110q.htm"}, {"date": "2010-12-31", "symbol": "MORN", "reportedCurrency": "USD", "cik": "0001289419", "fillingDate": "2011-02-28", "acceptedDate": "2011-02-28 16:53:04", "calendarYear": "2010", "period": "Q4", "revenue": 151153000, "costOfRevenue": 42301000, "grossProfit": 108852000, "grossProfitRatio": 0.7201444894, "researchAndDevelopmentExpenses": 13753000, "generalAndAdministrativeExpenses": 25632000, "sellingAndMarketingExpenses": 25596000, "sellingGeneralAndAdministrativeExpenses": 51228000, "otherExpenses": -61000, "operatingExpenses": 76563000, "costAndExpenses": 118864000, "interestIncome": 0, "interestExpense": 0, "depreciationAndAmortization": 11582000, "ebitda": 43871000, "ebitdaratio": 0.2902423372, "operatingIncome": 32289000, "operatingIncomeRatio": 0.2136179897, "totalOtherIncomeExpensesNet": 684000, "incomeBeforeTax": 32973000, "incomeBeforeTaxRatio": 0.2181432059, "incomeTaxExpense": 5729000, "netIncome": 27393000, "netIncomeRatio": 0.1812269687, "eps": 0.55, "epsdiluted": 0.54, "weightedAverageShsOut": 49523000, "weightedAverageShsOutDil": 50761000, "link": "https://www.sec.gov/Archives/edgar/data/1289419/000110465911010974/0001104659-11-010974-index.htm", "finalLink": "https://www.sec.gov/Archives/edgar/data/1289419/000110465911010974/a10-23801_110k.htm"}, {"date": "2010-09-30", "symbol": "MORN", "reportedCurrency": "USD", "cik": "0001289419", "fillingDate": "2010-11-03", "acceptedDate": "2010-11-03 16:37:46", "calendarYear": "2010", "period": "Q3", "revenue": 139817000, "costOfRevenue": 40713000, "grossProfit": 99104000, "grossProfitRatio": 0.7088122331, "researchAndDevelopmentExpenses": 12703000, "generalAndAdministrativeExpenses": 23462000, "sellingAndMarketingExpenses": 22881000, "sellingGeneralAndAdministrativeExpenses": 46343000, "otherExpenses": 9897000, "operatingExpenses": 68943000, "costAndExpenses": 109656000, "interestIncome": 602000, "interestExpense": 90000, "depreciationAndAmortization": 9897000, "ebitda": 34364000, "ebitdaratio": 0.2457784104, "operatingIncome": 30161000, "operatingIncomeRatio": 0.2157176881, "totalOtherIncomeExpensesNet": 6206000, "incomeBeforeTax": 36367000, "incomeBeforeTaxRatio": 0.2601042792, "incomeTaxExpense": 15807000, "netIncome": 20787000, "netIncomeRatio": 0.1486729082, "eps": 0.5, "epsdiluted": 0.49, "weightedAverageShsOut": 49401000, "weightedAverageShsOutDil": 50544000, "link": "https://www.sec.gov/Archives/edgar/data/1289419/000110465910055619/0001104659-10-055619-index.htm", "finalLink": "https://www.sec.gov/Archives/edgar/data/1289419/000110465910055619/a10-17243_110q.htm"}]