[{"date": "2025-06-30", "symbol": "NICE", "reportedCurrency": "USD", "cik": "0001003935", "fillingDate": "2025-08-14", "acceptedDate": "2025-08-14 08:24:56", "calendarYear": "2025", "period": "Q2", "revenue": 726712000, "costOfRevenue": 241601000, "grossProfit": 485111000, "grossProfitRatio": 0.6675423001, "researchAndDevelopmentExpenses": 89762000, "generalAndAdministrativeExpenses": 64958000, "sellingAndMarketingExpenses": 169799000, "sellingGeneralAndAdministrativeExpenses": 234757000, "otherExpenses": 0, "operatingExpenses": 324519000, "costAndExpenses": 566120000, "interestIncome": 0, "interestExpense": 0, "depreciationAndAmortization": 44612000, "ebitda": 205204000, "ebitdaratio": 0.2823732097, "operatingIncome": 160592000, "operatingIncomeRatio": 0.220984379, "totalOtherIncomeExpensesNet": 14820000, "incomeBeforeTax": 175412000, "incomeBeforeTaxRatio": 0.2413776021, "incomeTaxExpense": -11992000, "netIncome": 187404000, "netIncomeRatio": 0.257879325, "eps": 3.01, "epsdiluted": 2.96, "weightedAverageShsOut": 62160000, "weightedAverageShsOutDil": 63210000, "link": "https://www.sec.gov/Archives/edgar/data/1003935/000117891325002902/0001178913-25-002902-index.htm", "finalLink": "https://www.sec.gov/Archives/edgar/data/1003935/000117891325002902/exhibit_99-1.htm"}, {"date": "2025-03-31", "symbol": "NICE", "reportedCurrency": "USD", "cik": "0001003935", "fillingDate": "2025-05-15", "acceptedDate": "2025-05-15 07:51:59", "calendarYear": "2025", "period": "Q1", "revenue": 700192000, "costOfRevenue": 232080000, "grossProfit": 468112000, "grossProfitRatio": 0.6685480554, "researchAndDevelopmentExpenses": 89102000, "generalAndAdministrativeExpenses": 69407000, "sellingAndMarketingExpenses": 161434000, "sellingGeneralAndAdministrativeExpenses": 230841000, "otherExpenses": 0, "operatingExpenses": 319943000, "costAndExpenses": 552023000, "interestIncome": 15850000, "interestExpense": 0, "depreciationAndAmortization": 43441000, "ebitda": 191610000, "ebitdaratio": 0.2736535122, "operatingIncome": 148169000, "operatingIncomeRatio": 0.2116119579, "totalOtherIncomeExpensesNet": 15850000, "incomeBeforeTax": 164019000, "incomeBeforeTaxRatio": 0.2342486061, "incomeTaxExpense": 34729000, "netIncome": 129290000, "netIncomeRatio": 0.1846493533, "eps": 2.04, "epsdiluted": 2.01, "weightedAverageShsOut": 63354000, "weightedAverageShsOutDil": 64368000, "link": "https://www.sec.gov/Archives/edgar/data/1003935/000117891325001805/0001178913-25-001805-index.htm", "finalLink": "https://www.sec.gov/Archives/edgar/data/1003935/000117891325001805/exhibit_99-1.htm"}, {"date": "2024-12-31", "symbol": "NICE", "reportedCurrency": "USD", "cik": "0001003935", "fillingDate": "2025-03-19", "acceptedDate": "2025-03-19 16:43:34", "calendarYear": "2024", "period": "Q4", "revenue": 721600000, "costOfRevenue": 232386000, "grossProfit": 489214000, "grossProfitRatio": 0.6779573171, "researchAndDevelopmentExpenses": 94753000, "generalAndAdministrativeExpenses": 64910000, "sellingAndMarketingExpenses": 176802000, "sellingGeneralAndAdministrativeExpenses": 242373000, "otherExpenses": -2224000, "operatingExpenses": 334902000, "costAndExpenses": 567288000, "interestIncome": 23049000, "interestExpense": 6111000, "depreciationAndAmortization": 48776000, "ebitda": 200472000, "ebitdaratio": 0.2778159645, "operatingIncome": 154312000, "operatingIncomeRatio": 0.2138470067, "totalOtherIncomeExpensesNet": 16938000, "incomeBeforeTax": 171250000, "incomeBeforeTaxRatio": 0.2373198448, "incomeTaxExpense": 71741000, "netIncome": 99509000, "netIncomeRatio": 0.1379004989, "eps": 1.56, "epsdiluted": 1.54, "weightedAverageShsOut": 63720000, "weightedAverageShsOutDil": 64802000, "link": "https://www.sec.gov/Archives/edgar/data/1003935/000100393525000004/0001003935-25-000004-index.htm", "finalLink": "https://www.sec.gov/Archives/edgar/data/1003935/000100393525000004/nice-20241231.htm"}, {"date": "2024-09-30", "symbol": "NICE", "reportedCurrency": "USD", "cik": "0001003935", "fillingDate": "2024-11-14", "acceptedDate": "2024-11-14 07:48:05", "calendarYear": "2024", "period": "Q3", "revenue": 689963000, "costOfRevenue": 229686000, "grossProfit": 460277000, "grossProfitRatio": 0.6671038882, "researchAndDevelopmentExpenses": 91500000, "generalAndAdministrativeExpenses": 74620000, "sellingAndMarketingExpenses": 152778000, "sellingGeneralAndAdministrativeExpenses": 227398000, "otherExpenses": 0, "operatingExpenses": 318898000, "costAndExpenses": 548584000, "interestIncome": 12280000, "interestExpense": 0, "depreciationAndAmortization": 52964000, "ebitda": 194343000, "ebitdaratio": 0.2816716259, "operatingIncome": 141379000, "operatingIncomeRatio": 0.2049080893, "totalOtherIncomeExpensesNet": 12280000, "incomeBeforeTax": 153659000, "incomeBeforeTaxRatio": 0.2227061451, "incomeTaxExpense": 32738000, "netIncome": 120921000, "netIncomeRatio": 0.1752572239, "eps": 1.91, "epsdiluted": 1.86, "weightedAverageShsOut": 63397000, "weightedAverageShsOutDil": 64838000, "link": "https://www.sec.gov/Archives/edgar/data/1003935/000117891324003684/0001178913-24-003684-index.htm", "finalLink": "https://www.sec.gov/Archives/edgar/data/1003935/000117891324003684/exhibit_99-1.htm"}, {"date": "2024-06-30", "symbol": "NICE", "reportedCurrency": "USD", "cik": "0001003935", "fillingDate": "2024-08-15", "acceptedDate": "2024-08-15 08:06:38", "calendarYear": "2024", "period": "Q2", "revenue": 664400000, "costOfRevenue": 224783000, "grossProfit": 439617000, "grossProfitRatio": 0.6616751957, "researchAndDevelopmentExpenses": 86522000, "generalAndAdministrativeExpenses": 66626000, "sellingAndMarketingExpenses": 157645000, "sellingGeneralAndAdministrativeExpenses": 224271000, "otherExpenses": 0, "operatingExpenses": 310793000, "costAndExpenses": 535576000, "interestIncome": 15645000, "interestExpense": 0, "depreciationAndAmortization": 51520000, "ebitda": 180344000, "ebitdaratio": 0.2714388922, "operatingIncome": 128824000, "operatingIncomeRatio": 0.1938952438, "totalOtherIncomeExpensesNet": 15645000, "incomeBeforeTax": 144469000, "incomeBeforeTaxRatio": 0.2174428055, "incomeTaxExpense": 28684000, "netIncome": 115785000, "netIncomeRatio": 0.1742700181, "eps": 1.82, "epsdiluted": 1.76, "weightedAverageShsOut": 63534000, "weightedAverageShsOutDil": 65856000, "link": "https://www.sec.gov/Archives/edgar/data/1003935/000117891324002645/0001178913-24-002645-index.htm", "finalLink": "https://www.sec.gov/Archives/edgar/data/1003935/000117891324002645/exhibit_99-1.htm"}, {"date": "2024-03-31", "symbol": "NICE", "reportedCurrency": "USD", "cik": "0001003935", "fillingDate": "2024-05-16", "acceptedDate": "2024-05-16 07:38:25", "calendarYear": "2024", "period": "Q1", "revenue": 659309000, "costOfRevenue": 222669000, "grossProfit": 436640000, "grossProfitRatio": 0.6622691333, "researchAndDevelopmentExpenses": 87832000, "generalAndAdministrativeExpenses": 72354000, "sellingAndMarketingExpenses": 155015000, "sellingGeneralAndAdministrativeExpenses": 225849000, "otherExpenses": 0, "operatingExpenses": 313681000, "costAndExpenses": 536350000, "interestIncome": 14009000, "interestExpense": 0, "depreciationAndAmortization": 51760000, "ebitda": 174719000, "ebitdaratio": 0.2650032079, "operatingIncome": 122959000, "operatingIncomeRatio": 0.1864967716, "totalOtherIncomeExpensesNet": 12489000, "incomeBeforeTax": 135448000, "incomeBeforeTaxRatio": 0.2054393312, "incomeTaxExpense": 29075000, "netIncome": 106373000, "netIncomeRatio": 0.1613401303, "eps": 1.68, "epsdiluted": 1.6, "weightedAverageShsOut": 63278000, "weightedAverageShsOutDil": 66528000, "link": "https://www.sec.gov/Archives/edgar/data/1003935/000117891324001763/0001178913-24-001763-index.htm", "finalLink": "https://www.sec.gov/Archives/edgar/data/1003935/000117891324001763/exhibit_99-1.htm"}, {"date": "2023-12-31", "symbol": "NICE", "reportedCurrency": "USD", "cik": "0001003935", "fillingDate": "2024-02-22", "acceptedDate": "2024-02-22 08:14:02", "calendarYear": "2023", "period": "Q4", "revenue": 623192000, "costOfRevenue": 200878000, "grossProfit": 422314000, "grossProfitRatio": 0.6776627428, "researchAndDevelopmentExpenses": 81119000, "generalAndAdministrativeExpenses": 64030000, "sellingAndMarketingExpenses": 154500000, "sellingGeneralAndAdministrativeExpenses": 218530000, "otherExpenses": 0, "operatingExpenses": 286115000, "costAndExpenses": 486993000, "interestIncome": 8965000, "interestExpense": 2635000, "depreciationAndAmortization": 41212000, "ebitda": 159153000, "ebitdaratio": 0.2553835736, "operatingIncome": 136199000, "operatingIncomeRatio": 0.2185506232, "totalOtherIncomeExpensesNet": -2635000, "incomeBeforeTax": 120030000, "incomeBeforeTaxRatio": 0.1926051682, "incomeTaxExpense": 38378000, "netIncome": 81652000, "netIncomeRatio": 0.1310222211, "eps": 1.29, "epsdiluted": 1.24, "weightedAverageShsOut": 63283000, "weightedAverageShsOutDil": 65748999, "link": "https://www.sec.gov/Archives/edgar/data/1003935/000117891324000690/0001178913-24-000690-index.htm", "finalLink": "https://www.sec.gov/Archives/edgar/data/1003935/000117891324000690/exhibit_99-1.htm"}, {"date": "2023-09-30", "symbol": "NICE", "reportedCurrency": "USD", "cik": "0001003935", "fillingDate": "2023-11-16", "acceptedDate": "2023-11-16 07:26:50", "calendarYear": "2023", "period": "Q3", "revenue": 601344000, "costOfRevenue": 190986000, "grossProfit": 410358000, "grossProfitRatio": 0.6824014208, "researchAndDevelopmentExpenses": 84848000, "generalAndAdministrativeExpenses": 67713000, "sellingAndMarketingExpenses": 144171000, "sellingGeneralAndAdministrativeExpenses": 211884000, "otherExpenses": 0, "operatingExpenses": 296732000, "costAndExpenses": 487718000, "interestIncome": 7037000, "interestExpense": 0, "depreciationAndAmortization": 42269000, "ebitda": 155895000, "ebitdaratio": 0.2592442928, "operatingIncome": 113626000, "operatingIncomeRatio": 0.188953411, "totalOtherIncomeExpensesNet": 7037000, "incomeBeforeTax": 120663000, "incomeBeforeTaxRatio": 0.2006555316, "incomeTaxExpense": 28310000, "netIncome": 92353000, "netIncomeRatio": 0.1535776527, "eps": 1.46, "epsdiluted": 1.39, "weightedAverageShsOut": 63422000, "weightedAverageShsOutDil": 66223000, "link": "https://www.sec.gov/Archives/edgar/data/1003935/000117891323003720/0001178913-23-003720-index.htm", "finalLink": "https://www.sec.gov/Archives/edgar/data/1003935/000117891323003720/exhibit_99-1.htm"}, {"date": "2023-06-30", "symbol": "NICE", "reportedCurrency": "USD", "cik": "0001003935", "fillingDate": "2023-08-17", "acceptedDate": "2023-08-17 07:11:35", "calendarYear": "2023", "period": "Q2", "revenue": 581113000, "costOfRevenue": 189713000, "grossProfit": 391400000, "grossProfitRatio": 0.6735350956, "researchAndDevelopmentExpenses": 78640000, "generalAndAdministrativeExpenses": 55367000, "sellingAndMarketingExpenses": 151964000, "sellingGeneralAndAdministrativeExpenses": 207331000, "otherExpenses": 0, "operatingExpenses": 285971000, "costAndExpenses": 475684000, "interestIncome": 9387000, "interestExpense": 37000, "depreciationAndAmortization": 42033000, "ebitda": 147462000, "ebitdaratio": 0.253757875, "operatingIncome": 105429000, "operatingIncomeRatio": 0.1814259877, "totalOtherIncomeExpensesNet": 9350000, "incomeBeforeTax": 114779000, "incomeBeforeTaxRatio": 0.1975158016, "incomeTaxExpense": 27424000, "netIncome": 87355000, "netIncomeRatio": 0.1503236032, "eps": 1.37, "epsdiluted": 1.31, "weightedAverageShsOut": 63723000, "weightedAverageShsOutDil": 66435000, "link": "https://www.sec.gov/Archives/edgar/data/1003935/000117891323002919/0001178913-23-002919-index.htm", "finalLink": "https://www.sec.gov/Archives/edgar/data/1003935/000117891323002919/exhibit_99-1.htm"}, {"date": "2023-03-31", "symbol": "NICE", "reportedCurrency": "USD", "cik": "0001003935", "fillingDate": "2023-05-11", "acceptedDate": "2023-05-11 07:26:31", "calendarYear": "2023", "period": "Q1", "revenue": 571860000, "costOfRevenue": 186596000, "grossProfit": 385264000, "grossProfitRatio": 0.673703354, "researchAndDevelopmentExpenses": 78102000, "generalAndAdministrativeExpenses": 65176000, "sellingAndMarketingExpenses": 148479000, "sellingGeneralAndAdministrativeExpenses": 213655000, "otherExpenses": 0, "operatingExpenses": 291757000, "costAndExpenses": 478353000, "interestIncome": 8721000, "interestExpense": 0, "depreciationAndAmortization": 41846000, "ebitda": 135353000, "ebitdaratio": 0.2366890498, "operatingIncome": 93507000, "operatingIncomeRatio": 0.1635137971, "totalOtherIncomeExpensesNet": 8721000, "incomeBeforeTax": 102228000, "incomeBeforeTaxRatio": 0.1787640332, "incomeTaxExpense": 25286000, "netIncome": 76942000, "netIncomeRatio": 0.1345469171, "eps": 1.2, "epsdiluted": 1.15, "weightedAverageShsOut": 63941000, "weightedAverageShsOutDil": 66662000, "link": "https://www.sec.gov/Archives/edgar/data/1003935/000117891323001816/0001178913-23-001816-index.htm", "finalLink": "https://www.sec.gov/Archives/edgar/data/1003935/000117891323001816/exhibit_99-1.htm"}, {"date": "2022-12-31", "symbol": "NICE", "reportedCurrency": "USD", "cik": "0001003935", "fillingDate": "2023-02-23", "acceptedDate": "2023-02-23 07:41:30", "calendarYear": "2022", "period": "Q4", "revenue": 568560000, "costOfRevenue": 180980000, "grossProfit": 387580000, "grossProfitRatio": 0.6816870691, "researchAndDevelopmentExpenses": 81964000, "generalAndAdministrativeExpenses": 69594000, "sellingAndMarketingExpenses": 148198000, "sellingGeneralAndAdministrativeExpenses": 217792000, "otherExpenses": 0, "operatingExpenses": 299756000, "costAndExpenses": 480736000, "interestIncome": 9127000, "interestExpense": 9127000, "depreciationAndAmortization": 47469000, "ebitda": 135341000, "ebitdaratio": 0.2380417194, "operatingIncome": 87824000, "operatingIncomeRatio": 0.1544674265, "totalOtherIncomeExpensesNet": 9127000, "incomeBeforeTax": 96951000, "incomeBeforeTaxRatio": 0.1705202617, "incomeTaxExpense": 25765000, "netIncome": 71186000, "netIncomeRatio": 0.1252040242, "eps": 1.11, "epsdiluted": 1.07, "weightedAverageShsOut": 63961000, "weightedAverageShsOutDil": 66285000, "link": "https://www.sec.gov/Archives/edgar/data/1003935/000117891323000717/0001178913-23-000717-index.htm", "finalLink": "https://www.sec.gov/Archives/edgar/data/1003935/000117891323000717/exhibit_99-1.htm"}, {"date": "2022-09-30", "symbol": "NICE", "reportedCurrency": "USD", "cik": "0001003935", "fillingDate": "2022-11-10", "acceptedDate": "2022-11-10 08:05:35", "calendarYear": "2022", "period": "Q3", "revenue": 554724000, "costOfRevenue": 170782000, "grossProfit": 383942000, "grossProfitRatio": 0.6921315826, "researchAndDevelopmentExpenses": 74048000, "generalAndAdministrativeExpenses": 60991000, "sellingAndMarketingExpenses": 158608000, "sellingGeneralAndAdministrativeExpenses": 219599000, "otherExpenses": 0, "operatingExpenses": 293647000, "costAndExpenses": 464429000, "interestIncome": 596000, "interestExpense": 0, "depreciationAndAmortization": 42594000, "ebitda": 132889000, "ebitdaratio": 0.2395587716, "operatingIncome": 90295000, "operatingIncomeRatio": 0.1627746411, "totalOtherIncomeExpensesNet": 596000, "incomeBeforeTax": 90891000, "incomeBeforeTaxRatio": 0.1638490493, "incomeTaxExpense": 19645000, "netIncome": 71246000, "netIncomeRatio": 0.1284350416, "eps": 1.12, "epsdiluted": 1.07, "weightedAverageShsOut": 63739000, "weightedAverageShsOutDil": 66446000, "link": "https://www.sec.gov/Archives/edgar/data/1003935/000117891322003925/0001178913-22-003925-index.htm", "finalLink": "https://www.sec.gov/Archives/edgar/data/1003935/000117891322003925/exhibit_99-1.htm"}, {"date": "2022-06-30", "symbol": "NICE", "reportedCurrency": "USD", "cik": "0001003935", "fillingDate": "2022-08-18", "acceptedDate": "2022-08-18 08:26:04", "calendarYear": "2022", "period": "Q2", "revenue": 530581000, "costOfRevenue": 164924000, "grossProfit": 365657000, "grossProfitRatio": 0.6891633888, "researchAndDevelopmentExpenses": 73482000, "generalAndAdministrativeExpenses": 57075000, "sellingAndMarketingExpenses": 150410000, "sellingGeneralAndAdministrativeExpenses": 207485000, "otherExpenses": 0, "operatingExpenses": 280967000, "costAndExpenses": 445891000, "interestIncome": 0, "interestExpense": 50000, "depreciationAndAmortization": 42202000, "ebitda": 126892000, "ebitdaratio": 0.239156698, "operatingIncome": 84690000, "operatingIncomeRatio": 0.1596174759, "totalOtherIncomeExpensesNet": -50000, "incomeBeforeTax": 84640000, "incomeBeforeTaxRatio": 0.1595232396, "incomeTaxExpense": 19068000, "netIncome": 65572000, "netIncomeRatio": 0.1235852773, "eps": 1.03, "epsdiluted": 0.99, "weightedAverageShsOut": 63806000, "weightedAverageShsOutDil": 66274000, "link": "https://www.sec.gov/Archives/edgar/data/1003935/000117891322003180/0001178913-22-003180-index.htm", "finalLink": "https://www.sec.gov/Archives/edgar/data/1003935/000117891322003180/exhibit_99-1.htm"}, {"date": "2022-03-31", "symbol": "NICE", "reportedCurrency": "USD", "cik": "0001003935", "fillingDate": "2022-05-12", "acceptedDate": "2022-05-12 07:34:53", "calendarYear": "2022", "period": "Q1", "revenue": 527429000, "costOfRevenue": 167002000, "grossProfit": 360427000, "grossProfitRatio": 0.6833659128, "researchAndDevelopmentExpenses": 76578000, "generalAndAdministrativeExpenses": 58867000, "sellingAndMarketingExpenses": 152618000, "sellingGeneralAndAdministrativeExpenses": 211485000, "otherExpenses": 0, "operatingExpenses": 288063000, "costAndExpenses": 455065000, "interestIncome": 0, "interestExpense": 0, "depreciationAndAmortization": 44281000, "ebitda": 116645000, "ebitdaratio": 0.2211577293, "operatingIncome": 72364000, "operatingIncomeRatio": 0.1372014053, "totalOtherIncomeExpensesNet": 486000, "incomeBeforeTax": 72850000, "incomeBeforeTaxRatio": 0.1381228563, "incomeTaxExpense": 14909000, "netIncome": 57941000, "netIncomeRatio": 0.1098555445, "eps": 0.91, "epsdiluted": 0.87, "weightedAverageShsOut": 63736000, "weightedAverageShsOutDil": 66853000, "link": "https://www.sec.gov/Archives/edgar/data/1003935/000117891322001913/0001178913-22-001913-index.htm", "finalLink": "https://www.sec.gov/Archives/edgar/data/1003935/000117891322001913/exhibit_99-1.htm"}, {"date": "2021-12-31", "symbol": "NICE", "reportedCurrency": "USD", "cik": "0001003935", "fillingDate": "2022-02-17", "acceptedDate": "2022-02-17 07:53:15", "calendarYear": "2021", "period": "Q4", "revenue": 515473000, "costOfRevenue": 165245000, "grossProfit": 350228000, "grossProfitRatio": 0.6794303484, "researchAndDevelopmentExpenses": 75332000, "generalAndAdministrativeExpenses": 60167000, "sellingAndMarketingExpenses": 149662000, "sellingGeneralAndAdministrativeExpenses": 209829000, "otherExpenses": 0, "operatingExpenses": 285161000, "costAndExpenses": 450406000, "interestIncome": 0, "interestExpense": 7934000, "depreciationAndAmortization": 47350000, "ebitda": 115538000, "ebitdaratio": 0.2241397707, "operatingIncome": 65067000, "operatingIncomeRatio": 0.1262277559, "totalOtherIncomeExpensesNet": -7696000, "incomeBeforeTax": 57371000, "incomeBeforeTaxRatio": 0.1112977789, "incomeTaxExpense": 6210000, "netIncome": 55145000, "netIncomeRatio": 0.106979415, "eps": 0.81, "epsdiluted": 0.76, "weightedAverageShsOut": 63382000, "weightedAverageShsOutDil": 67245000, "link": "https://www.sec.gov/Archives/edgar/data/1003935/000117891322000714/0001178913-22-000714-index.htm", "finalLink": "https://www.sec.gov/Archives/edgar/data/1003935/000117891322000714/exhibit_99-1.htm"}, {"date": "2021-09-30", "symbol": "NICE", "reportedCurrency": "USD", "cik": "0001003935", "fillingDate": "2021-11-12", "acceptedDate": "2021-11-12 06:10:38", "calendarYear": "2021", "period": "Q3", "revenue": 490404000, "costOfRevenue": 160843000, "grossProfit": 329561000, "grossProfitRatio": 0.6720193963, "researchAndDevelopmentExpenses": 74482000, "generalAndAdministrativeExpenses": 59134000, "sellingAndMarketingExpenses": 131776000, "sellingGeneralAndAdministrativeExpenses": 190910000, "otherExpenses": 0, "operatingExpenses": 265392000, "costAndExpenses": 426235000, "interestIncome": 0, "interestExpense": 0, "depreciationAndAmortization": 45907000, "ebitda": 110076000, "ebitdaratio": 0.2244598331, "operatingIncome": 64169000, "operatingIncomeRatio": 0.130849259, "totalOtherIncomeExpensesNet": -3138000, "incomeBeforeTax": 61031000, "incomeBeforeTaxRatio": 0.1244504531, "incomeTaxExpense": 13803000, "netIncome": 50653000, "netIncomeRatio": 0.1032883092, "eps": 0.8, "epsdiluted": 0.75, "weightedAverageShsOut": 63182000, "weightedAverageShsOutDil": 67101000, "link": "https://www.sec.gov/Archives/edgar/data/1003935/000117891321003489/0001178913-21-003489-index.htm", "finalLink": "https://www.sec.gov/Archives/edgar/data/1003935/000117891321003489/exhibit_99-1.htm"}, {"date": "2021-06-30", "symbol": "NICE", "reportedCurrency": "USD", "cik": "0001003935", "fillingDate": "2021-08-05", "acceptedDate": "2021-08-05 06:35:20", "calendarYear": "2021", "period": "Q2", "revenue": 456031000, "costOfRevenue": 150507000, "grossProfit": 305524000, "grossProfitRatio": 0.6699632262, "researchAndDevelopmentExpenses": 62218000, "generalAndAdministrativeExpenses": 53133000, "sellingAndMarketingExpenses": 126195000, "sellingGeneralAndAdministrativeExpenses": 179328000, "otherExpenses": 0, "operatingExpenses": 241546000, "costAndExpenses": 392053000, "interestIncome": 0, "interestExpense": 0, "depreciationAndAmortization": 45911000, "ebitda": 109889000, "ebitdaratio": 0.2409682675, "operatingIncome": 63978000, "operatingIncomeRatio": 0.1402930941, "totalOtherIncomeExpensesNet": -9062000, "incomeBeforeTax": 54916000, "incomeBeforeTaxRatio": 0.120421638, "incomeTaxExpense": 10515000, "netIncome": 45197000, "netIncomeRatio": 0.0991094904, "eps": 0.72, "epsdiluted": 0.68, "weightedAverageShsOut": 63108000, "weightedAverageShsOutDil": 66512000, "link": "https://www.sec.gov/Archives/edgar/data/1003935/000117891321002541/0001178913-21-002541-index.htm", "finalLink": "https://www.sec.gov/Archives/edgar/data/1003935/000117891321002541/exhibit_99-1.htm"}, {"date": "2021-03-31", "symbol": "NICE", "reportedCurrency": "USD", "cik": "0001003935", "fillingDate": "2021-05-13", "acceptedDate": "2021-05-13 06:40:13", "calendarYear": "2021", "period": "Q1", "revenue": 455021000, "costOfRevenue": 147862000, "grossProfit": 307159000, "grossProfitRatio": 0.6750435694, "researchAndDevelopmentExpenses": 59155000, "generalAndAdministrativeExpenses": 52972000, "sellingAndMarketingExpenses": 128559000, "sellingGeneralAndAdministrativeExpenses": 181531000, "otherExpenses": 0, "operatingExpenses": 240686000, "costAndExpenses": 388548000, "interestIncome": 0, "interestExpense": 0, "depreciationAndAmortization": 44924000, "ebitda": 111397000, "ebitdaratio": 0.2448172722, "operatingIncome": 66473000, "operatingIncomeRatio": 0.146087763, "totalOtherIncomeExpensesNet": -3394000, "incomeBeforeTax": 63079000, "incomeBeforeTaxRatio": 0.1386287666, "incomeTaxExpense": 10868000, "netIncome": 52211000, "netIncomeRatio": 0.1147441547, "eps": 0.83, "epsdiluted": 0.78, "weightedAverageShsOut": 63085000, "weightedAverageShsOutDil": 66723000, "link": "https://www.sec.gov/Archives/edgar/data/1003935/000117891321001726/0001178913-21-001726-index.htm", "finalLink": "https://www.sec.gov/Archives/edgar/data/1003935/000117891321001726/exhibit_99-1.htm"}, {"date": "2020-12-31", "symbol": "NICE", "reportedCurrency": "USD", "cik": "0001003935", "fillingDate": "2021-02-18", "acceptedDate": "2021-02-18 06:35:25", "calendarYear": "2020", "period": "Q4", "revenue": 434581000, "costOfRevenue": 146055000, "grossProfit": 288526000, "grossProfitRatio": 0.6639176586, "researchAndDevelopmentExpenses": 56163000, "generalAndAdministrativeExpenses": 45421000, "sellingAndMarketingExpenses": 112104000, "sellingGeneralAndAdministrativeExpenses": 157525000, "otherExpenses": 9715000, "operatingExpenses": 223403000, "costAndExpenses": 369458000, "interestIncome": 0, "interestExpense": 0, "depreciationAndAmortization": 46893000, "ebitda": 112016000, "ebitdaratio": 0.2577563216, "operatingIncome": 65123000, "operatingIncomeRatio": 0.1498523866, "totalOtherIncomeExpensesNet": -2600000, "incomeBeforeTax": 62523000, "incomeBeforeTaxRatio": 0.1438696123, "incomeTaxExpense": 7549000, "netIncome": 54923000, "netIncomeRatio": 0.1263815031, "eps": 0.87, "epsdiluted": 0.83, "weightedAverageShsOut": 62967000, "weightedAverageShsOutDil": 66600000, "link": "https://www.sec.gov/Archives/edgar/data/1003935/000117891321000659/0001178913-21-000659-index.htm", "finalLink": "https://www.sec.gov/Archives/edgar/data/1003935/000117891321000659/exhibit_99-1.htm"}, {"date": "2020-09-30", "symbol": "NICE", "reportedCurrency": "USD", "cik": "0001003935", "fillingDate": "2020-11-12", "acceptedDate": "2020-11-12 06:49:14", "calendarYear": "2020", "period": "Q3", "revenue": 409827000, "costOfRevenue": 140079000, "grossProfit": 269748000, "grossProfitRatio": 0.6581996794, "researchAndDevelopmentExpenses": 55482000, "generalAndAdministrativeExpenses": 45801000, "sellingAndMarketingExpenses": 97011000, "sellingGeneralAndAdministrativeExpenses": 142812000, "otherExpenses": 9496000, "operatingExpenses": 207790000, "costAndExpenses": 347869000, "interestIncome": 0, "interestExpense": 0, "depreciationAndAmortization": 45482000, "ebitda": 107440000, "ebitdaratio": 0.262159399, "operatingIncome": 61958000, "operatingIncomeRatio": 0.1511808641, "totalOtherIncomeExpensesNet": -1032000, "incomeBeforeTax": 60926000, "incomeBeforeTaxRatio": 0.1486627284, "incomeTaxExpense": 10273000, "netIncome": 50765000, "netIncomeRatio": 0.12386934, "eps": 0.81, "epsdiluted": 0.76, "weightedAverageShsOut": 62756000, "weightedAverageShsOutDil": 66253000, "link": "https://www.sec.gov/Archives/edgar/data/1003935/000117891320003101/0001178913-20-003101-index.htm", "finalLink": "https://www.sec.gov/Archives/edgar/data/1003935/000117891320003101/exhibit_99-1.htm"}, {"date": "2020-06-30", "symbol": "NICE", "reportedCurrency": "USD", "cik": "0001003935", "fillingDate": "2020-08-06", "acceptedDate": "2020-08-06 07:04:20", "calendarYear": "2020", "period": "Q2", "revenue": 393180000, "costOfRevenue": 135733000, "grossProfit": 257447000, "grossProfitRatio": 0.654781525, "researchAndDevelopmentExpenses": 53756000, "generalAndAdministrativeExpenses": 40398000, "sellingAndMarketingExpenses": 97505000, "sellingGeneralAndAdministrativeExpenses": 137903000, "otherExpenses": 9650000, "operatingExpenses": 201309000, "costAndExpenses": 337042000, "interestIncome": 0, "interestExpense": 0, "depreciationAndAmortization": 45601000, "ebitda": 101739000, "ebitdaratio": 0.2587593469, "operatingIncome": 56138000, "operatingIncomeRatio": 0.1427793886, "totalOtherIncomeExpensesNet": 423000, "incomeBeforeTax": 56561000, "incomeBeforeTaxRatio": 0.1438552317, "incomeTaxExpense": 11956000, "netIncome": 44787000, "netIncomeRatio": 0.1139096597, "eps": 0.71, "epsdiluted": 0.68, "weightedAverageShsOut": 62638000, "weightedAverageShsOutDil": 65633000, "link": "https://www.sec.gov/Archives/edgar/data/1003935/000117891320002285/0001178913-20-002285-index.htm", "finalLink": "https://www.sec.gov/Archives/edgar/data/1003935/000117891320002285/exhibit_99-1.htm"}, {"date": "2020-03-31", "symbol": "NICE", "reportedCurrency": "USD", "cik": "0001003935", "fillingDate": "2020-05-14", "acceptedDate": "2020-05-14 07:02:31", "calendarYear": "2020", "period": "Q1", "revenue": 410428000, "costOfRevenue": 140085000, "grossProfit": 270343000, "grossProfitRatio": 0.6586855673, "researchAndDevelopmentExpenses": 52781000, "generalAndAdministrativeExpenses": 49113000, "sellingAndMarketingExpenses": 99816000, "sellingGeneralAndAdministrativeExpenses": 148929000, "otherExpenses": 9805000, "operatingExpenses": 211515000, "costAndExpenses": 351600000, "interestIncome": 0, "interestExpense": 0, "depreciationAndAmortization": 44050000, "ebitda": 102878000, "ebitdaratio": 0.2506602863, "operatingIncome": 58828000, "operatingIncomeRatio": 0.1433333008, "totalOtherIncomeExpensesNet": -1650000, "incomeBeforeTax": 57178000, "incomeBeforeTaxRatio": 0.1393131073, "incomeTaxExpense": 11064000, "netIncome": 46198000, "netIncomeRatio": 0.1125605466, "eps": 0.74, "epsdiluted": 0.71, "weightedAverageShsOut": 62477000, "weightedAverageShsOutDil": 65335000, "link": "https://www.sec.gov/Archives/edgar/data/1003935/000117891320001460/0001178913-20-001460-index.htm", "finalLink": "https://www.sec.gov/Archives/edgar/data/1003935/000117891320001460/exhibit_99-1.htm"}, {"date": "2019-12-31", "symbol": "NICE", "reportedCurrency": "USD", "cik": "0001003935", "fillingDate": "2020-02-13", "acceptedDate": "2020-02-13 07:08:40", "calendarYear": "2019", "period": "Q4", "revenue": 430208000, "costOfRevenue": 137282000, "grossProfit": 292926000, "grossProfitRatio": 0.6808938932, "researchAndDevelopmentExpenses": 52165000, "generalAndAdministrativeExpenses": 46841000, "sellingAndMarketingExpenses": 106221000, "sellingGeneralAndAdministrativeExpenses": 153062000, "otherExpenses": 10107000, "operatingExpenses": 215334000, "costAndExpenses": 352616000, "interestIncome": 0, "interestExpense": 0, "depreciationAndAmortization": 44486000, "ebitda": 122078000, "ebitdaratio": 0.2837650625, "operatingIncome": 77592000, "operatingIncomeRatio": 0.1803592681, "totalOtherIncomeExpensesNet": -554000, "incomeBeforeTax": 77038000, "incomeBeforeTaxRatio": 0.1790715189, "incomeTaxExpense": 15295000, "netIncome": 61743000, "netIncomeRatio": 0.143518949, "eps": 0.99, "epsdiluted": 0.95, "weightedAverageShsOut": 62357000, "weightedAverageShsOutDil": 65161000, "link": "https://www.sec.gov/Archives/edgar/data/1003935/000117891320000426/0001178913-20-000426-index.htm", "finalLink": "https://www.sec.gov/Archives/edgar/data/1003935/000117891320000426/exhibit_99-1.htm"}, {"date": "2019-09-30", "symbol": "NICE", "reportedCurrency": "USD", "cik": "0001003935", "fillingDate": "2019-11-14", "acceptedDate": "2019-11-14 08:02:41", "calendarYear": "2019", "period": "Q3", "revenue": 386263000, "costOfRevenue": 132671000, "grossProfit": 253592000, "grossProfitRatio": 0.6565267706, "researchAndDevelopmentExpenses": 48531000, "generalAndAdministrativeExpenses": 42438000, "sellingAndMarketingExpenses": 96138000, "sellingGeneralAndAdministrativeExpenses": 138576000, "otherExpenses": 10780000, "operatingExpenses": 197887000, "costAndExpenses": 330558000, "interestIncome": 0, "interestExpense": 0, "depreciationAndAmortization": 43924000, "ebitda": 99629000, "ebitdaratio": 0.2579304774, "operatingIncome": 55705000, "operatingIncomeRatio": 0.1442152109, "totalOtherIncomeExpensesNet": 252000, "incomeBeforeTax": 55957000, "incomeBeforeTaxRatio": 0.1448676161, "incomeTaxExpense": 10918000, "netIncome": 45039000, "netIncomeRatio": 0.1166019008, "eps": 0.72, "epsdiluted": 0.69, "weightedAverageShsOut": 62160000, "weightedAverageShsOutDil": 65066000, "link": "https://www.sec.gov/Archives/edgar/data/1003935/000117891319002738/0001178913-19-002738-index.htm", "finalLink": "https://www.sec.gov/Archives/edgar/data/1003935/000117891319002738/exhibit_99-1.htm"}, {"date": "2019-06-30", "symbol": "NICE", "reportedCurrency": "USD", "cik": "0001003935", "fillingDate": "2019-08-08", "acceptedDate": "2019-08-08 08:07:21", "calendarYear": "2019", "period": "Q2", "revenue": 380414000, "costOfRevenue": 130765000, "grossProfit": 249649000, "grossProfitRatio": 0.6562560789, "researchAndDevelopmentExpenses": 46456000, "generalAndAdministrativeExpenses": 44029000, "sellingAndMarketingExpenses": 94878000, "sellingGeneralAndAdministrativeExpenses": 138907000, "otherExpenses": 10795000, "operatingExpenses": 196158000, "costAndExpenses": 326923000, "interestIncome": 0, "interestExpense": 0, "depreciationAndAmortization": 43012000, "ebitda": 96503000, "ebitdaratio": 0.2536788867, "operatingIncome": 53491000, "operatingIncomeRatio": 0.1406125958, "totalOtherIncomeExpensesNet": -724000, "incomeBeforeTax": 52767000, "incomeBeforeTaxRatio": 0.1387094061, "incomeTaxExpense": 10709000, "netIncome": 42058000, "netIncomeRatio": 0.1105584968, "eps": 0.68, "epsdiluted": 0.65, "weightedAverageShsOut": 62116000, "weightedAverageShsOutDil": 64650000, "link": "https://www.sec.gov/Archives/edgar/data/1003935/000117891319002104/0001178913-19-002104-index.htm", "finalLink": "https://www.sec.gov/Archives/edgar/data/1003935/000117891319002104/exhibit_99-1.htm"}, {"date": "2019-03-31", "symbol": "NICE", "reportedCurrency": "USD", "cik": "0001003935", "fillingDate": "2019-05-16", "acceptedDate": "2019-05-16 08:19:46", "calendarYear": "2019", "period": "Q1", "revenue": 377027000, "costOfRevenue": 131050000, "grossProfit": 245977000, "grossProfitRatio": 0.6524121615, "researchAndDevelopmentExpenses": 46566000, "generalAndAdministrativeExpenses": 34714000, "sellingAndMarketingExpenses": 102067000, "sellingGeneralAndAdministrativeExpenses": 136781000, "otherExpenses": 10701000, "operatingExpenses": 194048000, "costAndExpenses": 325098000, "interestIncome": 0, "interestExpense": 0, "depreciationAndAmortization": 41808000, "ebitda": 93737000, "ebitdaratio": 0.2486214515, "operatingIncome": 51929000, "operatingIncomeRatio": 0.1377328414, "totalOtherIncomeExpensesNet": -3418000, "incomeBeforeTax": 48511000, "incomeBeforeTaxRatio": 0.1286671777, "incomeTaxExpense": 11447000, "netIncome": 37064000, "netIncomeRatio": 0.0983059569, "eps": 0.6, "epsdiluted": 0.58, "weightedAverageShsOut": 61842000, "weightedAverageShsOutDil": 63759000, "link": "https://www.sec.gov/Archives/edgar/data/1003935/000117891319001527/0001178913-19-001527-index.htm", "finalLink": "https://www.sec.gov/Archives/edgar/data/1003935/000117891319001527/exhibit_99-1.htm"}, {"date": "2018-12-31", "symbol": "NICE", "reportedCurrency": "USD", "cik": "0001003935", "fillingDate": "2019-02-14", "acceptedDate": "2019-02-14 08:07:43", "calendarYear": "2018", "period": "Q4", "revenue": 410829000, "costOfRevenue": 136155000, "grossProfit": 274674000, "grossProfitRatio": 0.6685847396, "researchAndDevelopmentExpenses": 46807000, "generalAndAdministrativeExpenses": 46275000, "sellingAndMarketingExpenses": 100421000, "sellingGeneralAndAdministrativeExpenses": 146696000, "otherExpenses": 10764000, "operatingExpenses": 204267000, "costAndExpenses": 340422000, "interestIncome": 0, "interestExpense": 0, "depreciationAndAmortization": 42859000, "ebitda": 113266000, "ebitdaratio": 0.2757010824, "operatingIncome": 70407000, "operatingIncomeRatio": 0.1713778725, "totalOtherIncomeExpensesNet": -1801000, "incomeBeforeTax": 68578000, "incomeBeforeTaxRatio": 0.1669258986, "incomeTaxExpense": 6284000, "netIncome": 62294000, "netIncomeRatio": 0.1516299969, "eps": 1.01, "epsdiluted": 0.98, "weightedAverageShsOut": 61824000, "weightedAverageShsOutDil": 63760000, "link": "https://www.sec.gov/Archives/edgar/data/1003935/000117891319000478/0001178913-19-000478-index.htm", "finalLink": "https://www.sec.gov/Archives/edgar/data/1003935/000117891319000478/exhibit_99-1.htm"}, {"date": "2018-09-30", "symbol": "NICE", "reportedCurrency": "USD", "cik": "0001003935", "fillingDate": "2018-11-08", "acceptedDate": "2018-11-08 07:20:50", "calendarYear": "2018", "period": "Q3", "revenue": 356206000, "costOfRevenue": 123459000, "grossProfit": 232747000, "grossProfitRatio": 0.6534056136, "researchAndDevelopmentExpenses": 47701000, "generalAndAdministrativeExpenses": 37560000, "sellingAndMarketingExpenses": 90492000, "sellingGeneralAndAdministrativeExpenses": 128052000, "otherExpenses": 10341000, "operatingExpenses": 186094000, "costAndExpenses": 309553000, "interestIncome": 0, "interestExpense": 0, "depreciationAndAmortization": 39426000, "ebitda": 86079000, "ebitdaratio": 0.2416551097, "operatingIncome": 46653000, "operatingIncomeRatio": 0.1309719657, "totalOtherIncomeExpensesNet": -2195000, "incomeBeforeTax": 44458000, "incomeBeforeTaxRatio": 0.1248098011, "incomeTaxExpense": 5175000, "netIncome": 39283000, "netIncomeRatio": 0.1102816909, "eps": 0.64, "epsdiluted": 0.62, "weightedAverageShsOut": 61448000, "weightedAverageShsOutDil": 63660000, "link": "https://www.sec.gov/Archives/edgar/data/1003935/000117891318002856/0001178913-18-002856-index.htm", "finalLink": "https://www.sec.gov/Archives/edgar/data/1003935/000117891318002856/exhibit_99-1.htm"}, {"date": "2018-06-30", "symbol": "NICE", "reportedCurrency": "USD", "cik": "0001003935", "fillingDate": "2018-08-09", "acceptedDate": "2018-08-09 07:06:11", "calendarYear": "2018", "period": "Q2", "revenue": 342042000, "costOfRevenue": 118686000, "grossProfit": 223356000, "grossProfitRatio": 0.6530075254, "researchAndDevelopmentExpenses": 43455000, "generalAndAdministrativeExpenses": 33116000, "sellingAndMarketingExpenses": 89820000, "sellingGeneralAndAdministrativeExpenses": 122936000, "otherExpenses": 10586000, "operatingExpenses": 176977000, "costAndExpenses": 295663000, "interestIncome": 0, "interestExpense": 0, "depreciationAndAmortization": 36920000, "ebitda": 83299000, "ebitdaratio": 0.2435344197, "operatingIncome": 46379000, "operatingIncomeRatio": 0.1355944592, "totalOtherIncomeExpensesNet": -2937000, "incomeBeforeTax": 43442000, "incomeBeforeTaxRatio": 0.1270077944, "incomeTaxExpense": 9207000, "netIncome": 34235000, "netIncomeRatio": 0.1000900474, "eps": 0.56, "epsdiluted": 0.54, "weightedAverageShsOut": 61212000, "weightedAverageShsOutDil": 63031000, "link": "https://www.sec.gov/Archives/edgar/data/1003935/000117891318002344/0001178913-18-002344-index.htm", "finalLink": "https://www.sec.gov/Archives/edgar/data/1003935/000117891318002344/exhibit_99-1.htm"}, {"date": "2018-03-31", "symbol": "NICE", "reportedCurrency": "USD", "cik": "0001003935", "fillingDate": "2018-05-10", "acceptedDate": "2018-05-10 07:00:29", "calendarYear": "2018", "period": "Q1", "revenue": 335442000, "costOfRevenue": 118515000, "grossProfit": 216927000, "grossProfitRatio": 0.6466900388, "researchAndDevelopmentExpenses": 45867000, "generalAndAdministrativeExpenses": 36372000, "sellingAndMarketingExpenses": 89926000, "sellingGeneralAndAdministrativeExpenses": 126298000, "otherExpenses": 10585000, "operatingExpenses": 182750000, "costAndExpenses": 301265000, "interestIncome": 0, "interestExpense": 0, "depreciationAndAmortization": 37937000, "ebitda": 72114000, "ebitdaratio": 0.2149820237, "operatingIncome": 34177000, "operatingIncomeRatio": 0.1018864662, "totalOtherIncomeExpensesNet": -3968000, "incomeBeforeTax": 30209000, "incomeBeforeTaxRatio": 0.0900572975, "incomeTaxExpense": 6683000, "netIncome": 23526000, "netIncomeRatio": 0.0701343302, "eps": 0.39, "epsdiluted": 0.37, "weightedAverageShsOut": 61054000, "weightedAverageShsOutDil": 62776000, "link": "https://www.sec.gov/Archives/edgar/data/1003935/000117891318001564/0001178913-18-001564-index.htm", "finalLink": "https://www.sec.gov/Archives/edgar/data/1003935/000117891318001564/exhibit_99-1.htm"}, {"date": "2017-12-31", "symbol": "NICE", "reportedCurrency": "USD", "cik": "0001003935", "fillingDate": "2018-02-15", "acceptedDate": "2018-02-15 06:54:30", "calendarYear": "2017", "period": "Q4", "revenue": 392235000, "costOfRevenue": 123961000, "grossProfit": 268274000, "grossProfitRatio": 0.6839624205, "researchAndDevelopmentExpenses": 50132000, "generalAndAdministrativeExpenses": 37313000, "sellingAndMarketingExpenses": 107070000, "sellingGeneralAndAdministrativeExpenses": 144383000, "otherExpenses": 10583000, "operatingExpenses": 205098000, "costAndExpenses": 329059000, "interestIncome": 0, "interestExpense": 0, "depreciationAndAmortization": 40992000, "ebitda": 104168000, "ebitdaratio": 0.2655754841, "operatingIncome": 63176000, "operatingIncomeRatio": 0.1610667075, "totalOtherIncomeExpensesNet": -3698000, "incomeBeforeTax": 59478000, "incomeBeforeTaxRatio": 0.151638686, "incomeTaxExpense": -19910000, "netIncome": 79388000, "netIncomeRatio": 0.202399072, "eps": 1.3, "epsdiluted": 1.27, "weightedAverageShsOut": 60861000, "weightedAverageShsOutDil": 62534000, "link": "https://www.sec.gov/Archives/edgar/data/1003935/000117891318000579/0001178913-18-000579-index.htm", "finalLink": "https://www.sec.gov/Archives/edgar/data/1003935/000117891318000579/exhibit_99-1.htm"}, {"date": "2017-09-30", "symbol": "NICE", "reportedCurrency": "USD", "cik": "0001003935", "fillingDate": "2017-11-02", "acceptedDate": "2017-11-02 07:00:29", "calendarYear": "2017", "period": "Q3", "revenue": 322755000, "costOfRevenue": 115374000, "grossProfit": 207381000, "grossProfitRatio": 0.6425338105, "researchAndDevelopmentExpenses": 45135000, "generalAndAdministrativeExpenses": 31197000, "sellingAndMarketingExpenses": 87363000, "sellingGeneralAndAdministrativeExpenses": 118560000, "otherExpenses": 10566000, "operatingExpenses": 174261000, "costAndExpenses": 289635000, "interestIncome": 0, "interestExpense": 0, "depreciationAndAmortization": 39153000, "ebitda": 72273000, "ebitdaratio": 0.2239252684, "operatingIncome": 33120000, "operatingIncomeRatio": 0.1026165358, "totalOtherIncomeExpensesNet": -4335000, "incomeBeforeTax": 28785000, "incomeBeforeTaxRatio": 0.0891852953, "incomeTaxExpense": 2612000, "netIncome": 26173000, "netIncomeRatio": 0.0810924695, "eps": 0.43, "epsdiluted": 0.42, "weightedAverageShsOut": 60502000, "weightedAverageShsOutDil": 62220000, "link": "https://www.sec.gov/Archives/edgar/data/1003935/000117891317002970/0001178913-17-002970-index.htm", "finalLink": "https://www.sec.gov/Archives/edgar/data/1003935/000117891317002970/exhibit_99-1.htm"}, {"date": "2017-06-30", "symbol": "NICE", "reportedCurrency": "USD", "cik": "0001003935", "fillingDate": "2017-08-03", "acceptedDate": "2017-08-03 06:33:20", "calendarYear": "2017", "period": "Q2", "revenue": 311540000, "costOfRevenue": 113604000, "grossProfit": 197936000, "grossProfitRatio": 0.6353469859, "researchAndDevelopmentExpenses": 42886000, "generalAndAdministrativeExpenses": 31334000, "sellingAndMarketingExpenses": 87694000, "sellingGeneralAndAdministrativeExpenses": 119028000, "otherExpenses": 10188000, "operatingExpenses": 172102000, "costAndExpenses": 285706000, "interestIncome": 0, "interestExpense": 0, "depreciationAndAmortization": 37013000, "ebitda": 62847000, "ebitdaratio": 0.2017301149, "operatingIncome": 25834000, "operatingIncomeRatio": 0.0829235411, "totalOtherIncomeExpensesNet": -3388000, "incomeBeforeTax": 22446000, "incomeBeforeTaxRatio": 0.0720485331, "incomeTaxExpense": 2005000, "netIncome": 20441000, "netIncomeRatio": 0.0656127624, "eps": 0.34, "epsdiluted": 0.33, "weightedAverageShsOut": 60277000, "weightedAverageShsOutDil": 61962000, "link": "https://www.sec.gov/Archives/edgar/data/1003935/000117891317002249/0001178913-17-002249-index.htm", "finalLink": "https://www.sec.gov/Archives/edgar/data/1003935/000117891317002249/exhibit_99-1.htm"}, {"date": "2017-03-31", "symbol": "NICE", "reportedCurrency": "USD", "cik": "0001003935", "fillingDate": "2017-05-04", "acceptedDate": "2017-05-04 06:34:36", "calendarYear": "2017", "period": "Q1", "revenue": 305622000, "costOfRevenue": 115734000, "grossProfit": 189888000, "grossProfitRatio": 0.6213165283, "researchAndDevelopmentExpenses": 42954000, "generalAndAdministrativeExpenses": 29227000, "sellingAndMarketingExpenses": 79201000, "sellingGeneralAndAdministrativeExpenses": 108428000, "otherExpenses": 10565000, "operatingExpenses": 161947000, "costAndExpenses": 277681000, "interestIncome": 0, "interestExpense": 0, "depreciationAndAmortization": 39143000, "ebitda": 67084000, "ebitdaratio": 0.2194999051, "operatingIncome": 27941000, "operatingIncomeRatio": 0.0914233923, "totalOtherIncomeExpensesNet": -8990000, "incomeBeforeTax": 18951000, "incomeBeforeTaxRatio": 0.0620079706, "incomeTaxExpense": 1662000, "netIncome": 17289000, "netIncomeRatio": 0.0565698804, "eps": 0.29, "epsdiluted": 0.28, "weightedAverageShsOut": 60127000, "weightedAverageShsOutDil": 61751000, "link": "https://www.sec.gov/Archives/edgar/data/1003935/000117891317001273/0001178913-17-001273-index.htm", "finalLink": "https://www.sec.gov/Archives/edgar/data/1003935/000117891317001273/exhibit_99-1.htm"}, {"date": "2016-12-31", "symbol": "NICE", "reportedCurrency": "USD", "cik": "0001003935", "fillingDate": "2017-02-16", "acceptedDate": "2017-02-16 07:04:44", "calendarYear": "2016", "period": "Q4", "revenue": 323860000, "costOfRevenue": 102762000, "grossProfit": 221098000, "grossProfitRatio": 0.6826962268, "researchAndDevelopmentExpenses": 40882000, "generalAndAdministrativeExpenses": 44342000, "sellingAndMarketingExpenses": 91983000, "sellingGeneralAndAdministrativeExpenses": 136325000, "otherExpenses": 6775000, "operatingExpenses": 183982000, "costAndExpenses": 286744000, "interestIncome": 0, "interestExpense": 0, "depreciationAndAmortization": 27469000, "ebitda": 64585000, "ebitdaratio": 0.19942259, "operatingIncome": 37116000, "operatingIncomeRatio": 0.1146050763, "totalOtherIncomeExpensesNet": -1360000, "incomeBeforeTax": 35756000, "incomeBeforeTaxRatio": 0.1104057309, "incomeTaxExpense": 5765000, "netIncome": 26101000, "netIncomeRatio": 0.0805934663, "eps": 0.44, "epsdiluted": 0.43, "weightedAverageShsOut": 59977000, "weightedAverageShsOutDil": 61349000, "link": "https://www.sec.gov/Archives/edgar/data/1003935/000117891317000542/0001178913-17-000542-index.htm", "finalLink": "https://www.sec.gov/Archives/edgar/data/1003935/000117891317000542/exhibit_99-1.htm"}, {"date": "2016-09-30", "symbol": "NICE", "reportedCurrency": "USD", "cik": "0001003935", "fillingDate": "2016-11-10", "acceptedDate": "2016-11-10 06:40:35", "calendarYear": "2016", "period": "Q3", "revenue": 237187000, "costOfRevenue": 78064000, "grossProfit": 159123000, "grossProfitRatio": 0.6708757225, "researchAndDevelopmentExpenses": 33606000, "generalAndAdministrativeExpenses": 24456000, "sellingAndMarketingExpenses": 61878000, "sellingGeneralAndAdministrativeExpenses": 86334000, "otherExpenses": 3155000, "operatingExpenses": 123095000, "costAndExpenses": 201159000, "interestIncome": 0, "interestExpense": 0, "depreciationAndAmortization": 16932000, "ebitda": 52960000, "ebitdaratio": 0.2232837381, "operatingIncome": 36028000, "operatingIncomeRatio": 0.1518970264, "totalOtherIncomeExpensesNet": 4968000, "incomeBeforeTax": 40996000, "incomeBeforeTaxRatio": 0.1728425251, "incomeTaxExpense": 8554000, "netIncome": 30299000, "netIncomeRatio": 0.1277430888, "eps": 0.51, "epsdiluted": 0.5, "weightedAverageShsOut": 59765000, "weightedAverageShsOutDil": 61119000, "link": "https://www.sec.gov/Archives/edgar/data/1003935/000117891316006837/0001178913-16-006837-index.htm", "finalLink": "https://www.sec.gov/Archives/edgar/data/1003935/000117891316006837/exhibit_99-1.htm"}, {"date": "2016-06-30", "symbol": "NICE", "reportedCurrency": "USD", "cik": "0001003935", "fillingDate": "2016-07-28", "acceptedDate": "2016-07-28 06:41:20", "calendarYear": "2016", "period": "Q2", "revenue": 228528000, "costOfRevenue": 82438000, "grossProfit": 146090000, "grossProfitRatio": 0.6392652104, "researchAndDevelopmentExpenses": 34519000, "generalAndAdministrativeExpenses": 24579000, "sellingAndMarketingExpenses": 58705000, "sellingGeneralAndAdministrativeExpenses": 83284000, "otherExpenses": 4750000, "operatingExpenses": 122553000, "costAndExpenses": 204991000, "interestIncome": 0, "interestExpense": 0, "depreciationAndAmortization": 20484000, "ebitda": 44021000, "ebitdaratio": 0.1926284744, "operatingIncome": 23537000, "operatingIncomeRatio": 0.1029939438, "totalOtherIncomeExpensesNet": 2933000, "incomeBeforeTax": 26470000, "incomeBeforeTaxRatio": 0.1158282574, "incomeTaxExpense": 1090000, "netIncome": 25380000, "netIncomeRatio": 0.1110586011, "eps": 0.43, "epsdiluted": 0.42, "weightedAverageShsOut": 59490000, "weightedAverageShsOutDil": 60817000, "link": "https://www.sec.gov/Archives/edgar/data/1003935/000117891316005974/0001178913-16-005974-index.htm", "finalLink": "https://www.sec.gov/Archives/edgar/data/1003935/000117891316005974/exhibit_99-1.htm"}, {"date": "2016-03-31", "symbol": "NICE", "reportedCurrency": "USD", "cik": "0001003935", "fillingDate": "2016-05-05", "acceptedDate": "2016-05-05 06:58:50", "calendarYear": "2016", "period": "Q1", "revenue": 225967000, "costOfRevenue": 74469000, "grossProfit": 151498000, "grossProfitRatio": 0.6704430293, "researchAndDevelopmentExpenses": 32521000, "generalAndAdministrativeExpenses": 23192000, "sellingAndMarketingExpenses": 55783000, "sellingGeneralAndAdministrativeExpenses": 78975000, "otherExpenses": 2507000, "operatingExpenses": 114003000, "costAndExpenses": 188472000, "interestIncome": 0, "interestExpense": 0, "depreciationAndAmortization": 12916000, "ebitda": 50411000, "ebitdaratio": 0.2230900972, "operatingIncome": 37495000, "operatingIncomeRatio": 0.1659313086, "totalOtherIncomeExpensesNet": 3765000, "incomeBeforeTax": 41260000, "incomeBeforeTaxRatio": 0.1825930335, "incomeTaxExpense": 6003000, "netIncome": 35140000, "netIncomeRatio": 0.1555094328, "eps": 0.59, "epsdiluted": 0.58, "weightedAverageShsOut": 59433000, "weightedAverageShsOutDil": 60851000, "link": "https://www.sec.gov/Archives/edgar/data/1003935/000117891316005272/0001178913-16-005272-index.htm", "finalLink": "https://www.sec.gov/Archives/edgar/data/1003935/000117891316005272/exhibit_99-1.htm"}, {"date": "2015-12-31", "symbol": "NICE", "reportedCurrency": "USD", "cik": "0001003935", "fillingDate": "2016-02-11", "acceptedDate": "2016-02-11 06:54:00", "calendarYear": "2015", "period": "Q4", "revenue": 273558000, "costOfRevenue": 82041000, "grossProfit": 191517000, "grossProfitRatio": 0.700096506, "researchAndDevelopmentExpenses": 35566000, "generalAndAdministrativeExpenses": 26062000, "sellingAndMarketingExpenses": 63599000, "sellingGeneralAndAdministrativeExpenses": 89661000, "otherExpenses": 2560000, "operatingExpenses": 127787000, "costAndExpenses": 209828000, "interestIncome": 0, "interestExpense": 0, "depreciationAndAmortization": 13294000, "ebitda": 76624000, "ebitdaratio": 0.2801014776, "operatingIncome": 63730000, "operatingIncomeRatio": 0.232967049, "totalOtherIncomeExpensesNet": 1188000, "incomeBeforeTax": 64918000, "incomeBeforeTaxRatio": 0.237309821, "incomeTaxExpense": 8034000, "netIncome": 57393000, "netIncomeRatio": 0.2098019433, "eps": 0.96, "epsdiluted": 0.94, "weightedAverageShsOut": 59651000, "weightedAverageShsOutDil": 61092000, "link": "https://www.sec.gov/Archives/edgar/data/1003935/000117891316004242/0001178913-16-004242-index.htm", "finalLink": "https://www.sec.gov/Archives/edgar/data/1003935/000117891316004242/exhibit_99-1.htm"}, {"date": "2015-09-30", "symbol": "NICE", "reportedCurrency": "USD", "cik": "0001003935", "fillingDate": "2015-10-29", "acceptedDate": "2015-10-29 06:39:15", "calendarYear": "2015", "period": "Q3", "revenue": 221085000, "costOfRevenue": 74579000, "grossProfit": 146506000, "grossProfitRatio": 0.6626682045, "researchAndDevelopmentExpenses": 32361000, "generalAndAdministrativeExpenses": 21331000, "sellingAndMarketingExpenses": 51921000, "sellingGeneralAndAdministrativeExpenses": 73252000, "otherExpenses": 3091000, "operatingExpenses": 108704000, "costAndExpenses": 183283000, "interestIncome": 0, "interestExpense": 0, "depreciationAndAmortization": 14339000, "ebitda": 52141000, "ebitdaratio": 0.2358414185, "operatingIncome": 37802000, "operatingIncomeRatio": 0.1709840107, "totalOtherIncomeExpensesNet": 1505000, "incomeBeforeTax": 39307000, "incomeBeforeTaxRatio": 0.1777913472, "incomeTaxExpense": 9855000, "netIncome": 142944000, "netIncomeRatio": 0.6465567542, "eps": 2.4, "epsdiluted": 2.33, "weightedAverageShsOut": 59671000, "weightedAverageShsOutDil": 61418000, "link": "https://www.sec.gov/Archives/edgar/data/1003935/000117891315003201/0001178913-15-003201-index.htm", "finalLink": "https://www.sec.gov/Archives/edgar/data/1003935/000117891315003201/exhibit_99-1.htm"}, {"date": "2015-06-30", "symbol": "NICE", "reportedCurrency": "USD", "cik": "0001003935", "fillingDate": "2015-07-30", "acceptedDate": "2015-07-30 06:15:40", "calendarYear": "2015", "period": "Q2", "revenue": 234731000, "costOfRevenue": 80983000, "grossProfit": 153748000, "grossProfitRatio": 0.6549965705, "researchAndDevelopmentExpenses": 33197000, "generalAndAdministrativeExpenses": 22154000, "sellingAndMarketingExpenses": 59406000, "sellingGeneralAndAdministrativeExpenses": 81560000, "otherExpenses": 3703000, "operatingExpenses": 118460000, "costAndExpenses": 199443000, "interestIncome": 0, "interestExpense": 0, "depreciationAndAmortization": 15255000, "ebitda": 50543000, "ebitdaratio": 0.2153230719, "operatingIncome": 35288000, "operatingIncomeRatio": 0.1503337863, "totalOtherIncomeExpensesNet": 4597000, "incomeBeforeTax": 35962000, "incomeBeforeTaxRatio": 0.1532051582, "incomeTaxExpense": 7200000, "netIncome": 29257000, "netIncomeRatio": 0.124640546, "eps": 0.49, "epsdiluted": 0.48, "weightedAverageShsOut": 59510000, "weightedAverageShsOutDil": 61408000, "link": "https://www.sec.gov/Archives/edgar/data/1003935/000117891315002397/0001178913-15-002397-index.htm", "finalLink": "https://www.sec.gov/Archives/edgar/data/1003935/000117891315002397/exhibit_99-1.htm"}, {"date": "2015-03-31", "symbol": "NICE", "reportedCurrency": "USD", "cik": "0001003935", "fillingDate": "2015-05-07", "acceptedDate": "2015-05-07 06:42:37", "calendarYear": "2015", "period": "Q1", "revenue": 245989000, "costOfRevenue": 87064000, "grossProfit": 158925000, "grossProfitRatio": 0.6460654745, "researchAndDevelopmentExpenses": 36931000, "generalAndAdministrativeExpenses": 21670000, "sellingAndMarketingExpenses": 62225000, "sellingGeneralAndAdministrativeExpenses": 83895000, "otherExpenses": 3734000, "operatingExpenses": 124560000, "costAndExpenses": 211624000, "interestIncome": 0, "interestExpense": 0, "depreciationAndAmortization": 15076000, "ebitda": 49441000, "ebitdaratio": 0.2009886621, "operatingIncome": 34365000, "operatingIncomeRatio": 0.1397013688, "totalOtherIncomeExpensesNet": 2855000, "incomeBeforeTax": 36064000, "incomeBeforeTaxRatio": 0.1466081817, "incomeTaxExpense": 6827000, "netIncome": 29237000, "netIncomeRatio": 0.1188549081, "eps": 0.49, "epsdiluted": 0.48, "weightedAverageShsOut": 59371000, "weightedAverageShsOutDil": 61203000, "link": "https://www.sec.gov/Archives/edgar/data/1003935/000117891315001502/0001178913-15-001502-index.htm", "finalLink": "https://www.sec.gov/Archives/edgar/data/1003935/000117891315001502/exhibit_99-1.htm"}, {"date": "2014-12-31", "symbol": "NICE", "reportedCurrency": "USD", "cik": "0001003935", "fillingDate": "2015-02-05", "acceptedDate": "2015-02-05 07:17:56", "calendarYear": "2014", "period": "Q4", "revenue": 294117000, "costOfRevenue": 95769000, "grossProfit": 198348000, "grossProfitRatio": 0.6743846836, "researchAndDevelopmentExpenses": 38068000, "generalAndAdministrativeExpenses": 20435000, "sellingAndMarketingExpenses": 78016000, "sellingGeneralAndAdministrativeExpenses": 98451000, "otherExpenses": 3926000, "operatingExpenses": 140445000, "costAndExpenses": 236214000, "interestIncome": 0, "interestExpense": 0, "depreciationAndAmortization": 16146000, "ebitda": 71770000, "ebitdaratio": 0.2440185368, "operatingIncome": 57903000, "operatingIncomeRatio": 0.1968706331, "totalOtherIncomeExpensesNet": 1075000, "incomeBeforeTax": 58978000, "incomeBeforeTaxRatio": 0.2005256412, "incomeTaxExpense": 8903000, "netIncome": 50075000, "netIncomeRatio": 0.1702553746, "eps": 0.85, "epsdiluted": 0.83, "weightedAverageShsOut": 58951000, "weightedAverageShsOutDil": 60551000, "link": "https://www.sec.gov/Archives/edgar/data/1003935/000117891315000274/0001178913-15-000274-index.htm", "finalLink": "https://www.sec.gov/Archives/edgar/data/1003935/000117891315000274/exhibit_99-1.htm"}, {"date": "2014-09-30", "symbol": "NICE", "reportedCurrency": "USD", "cik": "0001003935", "fillingDate": "2014-11-05", "acceptedDate": "2014-11-05 07:11:50", "calendarYear": "2014", "period": "Q3", "revenue": 249941000, "costOfRevenue": 96082000, "grossProfit": 153859000, "grossProfitRatio": 0.6155812772, "researchAndDevelopmentExpenses": 36929000, "generalAndAdministrativeExpenses": 23224000, "sellingAndMarketingExpenses": 62045000, "sellingGeneralAndAdministrativeExpenses": 85269000, "otherExpenses": 4544000, "operatingExpenses": 126742000, "costAndExpenses": 222824000, "interestIncome": 0, "interestExpense": 0, "depreciationAndAmortization": 17123000, "ebitda": 36626000, "ebitdaratio": 0.1465385831, "operatingIncome": 24941000, "operatingIncomeRatio": 0.0997875499, "totalOtherIncomeExpensesNet": 8437000, "incomeBeforeTax": 25764000, "incomeBeforeTaxRatio": 0.103080327, "incomeTaxExpense": -1128000, "netIncome": 26892000, "netIncomeRatio": 0.107593392, "eps": 0.46, "epsdiluted": 0.44, "weightedAverageShsOut": 58939000, "weightedAverageShsOutDil": 60475000, "link": "https://www.sec.gov/Archives/edgar/data/1003935/000117891314003346/0001178913-14-003346-index.htm", "finalLink": "https://www.sec.gov/Archives/edgar/data/1003935/000117891314003346/exhibit_99-1.htm"}, {"date": "2014-06-30", "symbol": "NICE", "reportedCurrency": "USD", "cik": "0001003935", "fillingDate": "2014-07-30", "acceptedDate": "2014-07-30 07:34:37", "calendarYear": "2014", "period": "Q2", "revenue": 239008000, "costOfRevenue": 94066000, "grossProfit": 144942000, "grossProfitRatio": 0.6064315839, "researchAndDevelopmentExpenses": 37035000, "generalAndAdministrativeExpenses": 23041000, "sellingAndMarketingExpenses": 64209000, "sellingGeneralAndAdministrativeExpenses": 87250000, "otherExpenses": 5400000, "operatingExpenses": 129685000, "costAndExpenses": 223751000, "interestIncome": 0, "interestExpense": 0, "depreciationAndAmortization": 19395000, "ebitda": 38803000, "ebitdaratio": 0.1623502142, "operatingIncome": 12197000, "operatingIncomeRatio": 0.0510317646, "totalOtherIncomeExpensesNet": 474000, "incomeBeforeTax": 12671000, "incomeBeforeTaxRatio": 0.0530149618, "incomeTaxExpense": 2279000, "netIncome": 10392000, "netIncomeRatio": 0.0434797162, "eps": 0.17, "epsdiluted": 0.17, "weightedAverageShsOut": 59676000, "weightedAverageShsOutDil": 61210000, "link": "https://www.sec.gov/Archives/edgar/data/1003935/000117891314002469/0001178913-14-002469-index.htm", "finalLink": "https://www.sec.gov/Archives/edgar/data/1003935/000117891314002469/exhibit_99-1.htm"}, {"date": "2014-03-31", "symbol": "NICE", "reportedCurrency": "USD", "cik": "0001003935", "fillingDate": "2014-05-08", "acceptedDate": "2014-05-08 07:20:57", "calendarYear": "2014", "period": "Q1", "revenue": 228574000, "costOfRevenue": 89666000, "grossProfit": 138908000, "grossProfitRatio": 0.6077156632, "researchAndDevelopmentExpenses": 36529000, "generalAndAdministrativeExpenses": 18903000, "sellingAndMarketingExpenses": 59937000, "sellingGeneralAndAdministrativeExpenses": 78840000, "otherExpenses": 6439000, "operatingExpenses": 121808000, "costAndExpenses": 211474000, "interestIncome": 0, "interestExpense": 0, "depreciationAndAmortization": 20685000, "ebitda": 38565000, "ebitdaratio": 0.1687199769, "operatingIncome": 16784000, "operatingIncomeRatio": 0.0734291739, "totalOtherIncomeExpensesNet": 828000, "incomeBeforeTax": 17612000, "incomeBeforeTaxRatio": 0.0770516332, "incomeTaxExpense": 1896000, "netIncome": 15716000, "netIncomeRatio": 0.0687567265, "eps": 0.26, "epsdiluted": 0.26, "weightedAverageShsOut": 59896000, "weightedAverageShsOutDil": 61360000, "link": "https://www.sec.gov/Archives/edgar/data/1003935/000117891314001569/0001178913-14-001569-index.htm", "finalLink": "https://www.sec.gov/Archives/edgar/data/1003935/000117891314001569/exhibit_99-1.htm"}, {"date": "2013-12-31", "symbol": "NICE", "reportedCurrency": "USD", "cik": "0001003935", "fillingDate": "2014-02-05", "acceptedDate": "2014-02-05 06:23:04", "calendarYear": "2013", "period": "Q4", "revenue": 270219000, "costOfRevenue": 102534000, "grossProfit": 167685000, "grossProfitRatio": 0.6205522188, "researchAndDevelopmentExpenses": 38966000, "generalAndAdministrativeExpenses": 23838000, "sellingAndMarketingExpenses": 71839000, "sellingGeneralAndAdministrativeExpenses": 95677000, "otherExpenses": 6705000, "operatingExpenses": 141348000, "costAndExpenses": 243882000, "interestIncome": 0, "interestExpense": 0, "depreciationAndAmortization": 22182000, "ebitda": 51967000, "ebitdaratio": 0.192314382, "operatingIncome": 26021000, "operatingIncomeRatio": 0.0962959673, "totalOtherIncomeExpensesNet": 917000, "incomeBeforeTax": 26938000, "incomeBeforeTaxRatio": 0.0996895111, "incomeTaxExpense": 2722000, "netIncome": 24216000, "netIncomeRatio": 0.0896162002, "eps": 0.4, "epsdiluted": 0.39, "weightedAverageShsOut": 60315000, "weightedAverageShsOutDil": 61757000, "link": "https://www.sec.gov/Archives/edgar/data/1003935/000117891314000380/0001178913-14-000380-index.htm", "finalLink": "https://www.sec.gov/Archives/edgar/data/1003935/000117891314000380/exhibit_99-1.htm"}, {"date": "2013-09-30", "symbol": "NICE", "reportedCurrency": "USD", "cik": "0001003935", "fillingDate": "2013-10-30", "acceptedDate": "2013-10-30 07:47:51", "calendarYear": "2013", "period": "Q3", "revenue": 229863000, "costOfRevenue": 90562000, "grossProfit": 139301000, "grossProfitRatio": 0.6060174974, "researchAndDevelopmentExpenses": 34536000, "generalAndAdministrativeExpenses": 22865000, "sellingAndMarketingExpenses": 58277000, "sellingGeneralAndAdministrativeExpenses": 81142000, "otherExpenses": 7591000, "operatingExpenses": 123269000, "costAndExpenses": 213831000, "interestIncome": 0, "interestExpense": 0, "depreciationAndAmortization": 22937000, "ebitda": 40244000, "ebitdaratio": 0.1750781988, "operatingIncome": 15821000, "operatingIncomeRatio": 0.068827954, "totalOtherIncomeExpensesNet": 806000, "incomeBeforeTax": 16627000, "incomeBeforeTaxRatio": 0.0723343905, "incomeTaxExpense": 20335000, "netIncome": -3708000, "netIncomeRatio": -0.0161313478, "eps": -0.0613, "epsdiluted": -0.0613, "weightedAverageShsOut": 60497000, "weightedAverageShsOutDil": 60497000, "link": "https://www.sec.gov/Archives/edgar/data/1003935/000117891313002971/0001178913-13-002971-index.htm", "finalLink": "https://www.sec.gov/Archives/edgar/data/1003935/000117891313002971/exhibit_99-1.htm"}, {"date": "2013-06-30", "symbol": "NICE", "reportedCurrency": "USD", "cik": "0001003935", "fillingDate": "2013-08-07", "acceptedDate": "2013-08-07 07:07:44", "calendarYear": "2013", "period": "Q2", "revenue": 224874000, "costOfRevenue": 86010000, "grossProfit": 138864000, "grossProfitRatio": 0.6175191441, "researchAndDevelopmentExpenses": 31438000, "generalAndAdministrativeExpenses": 20101000, "sellingAndMarketingExpenses": 59871000, "sellingGeneralAndAdministrativeExpenses": 79972000, "otherExpenses": 8121000, "operatingExpenses": 119531000, "costAndExpenses": 205541000, "interestIncome": 1013000, "interestExpense": 0, "depreciationAndAmortization": 23268000, "ebitda": 42852000, "ebitdaratio": 0.190560047, "operatingIncome": 19333000, "operatingIncomeRatio": 0.0859725891, "totalOtherIncomeExpensesNet": 1013000, "incomeBeforeTax": 20346000, "incomeBeforeTaxRatio": 0.090477334, "incomeTaxExpense": 3380000, "netIncome": 16966000, "netIncomeRatio": 0.0754466946, "eps": 0.28, "epsdiluted": 0.27, "weightedAverageShsOut": 60382000, "weightedAverageShsOutDil": 61784000, "link": "https://www.sec.gov/Archives/edgar/data/1003935/000117891313002295/0001178913-13-002295-index.htm", "finalLink": "https://www.sec.gov/Archives/edgar/data/1003935/000117891313002295/exhibit_99-1.htm"}, {"date": "2013-03-31", "symbol": "NICE", "reportedCurrency": "USD", "cik": "0001003935", "fillingDate": "2013-05-08", "acceptedDate": "2013-05-08 06:46:10", "calendarYear": "2013", "period": "Q1", "revenue": 224327000, "costOfRevenue": 85841000, "grossProfit": 138486000, "grossProfitRatio": 0.6173398655, "researchAndDevelopmentExpenses": 31623000, "generalAndAdministrativeExpenses": 21500000, "sellingAndMarketingExpenses": 58631000, "sellingGeneralAndAdministrativeExpenses": 80131000, "otherExpenses": 8154000, "operatingExpenses": 119908000, "costAndExpenses": 205749000, "interestIncome": 1191000, "interestExpense": 0, "depreciationAndAmortization": 23102000, "ebitda": 41819000, "ebitdaratio": 0.1864198246, "operatingIncome": 18578000, "operatingIncomeRatio": 0.0828166025, "totalOtherIncomeExpensesNet": 1191000, "incomeBeforeTax": 19769000, "incomeBeforeTaxRatio": 0.0881258163, "incomeTaxExpense": 1968000, "netIncome": 17801000, "netIncomeRatio": 0.0793529089, "eps": 0.29, "epsdiluted": 0.29, "weightedAverageShsOut": 60360000, "weightedAverageShsOutDil": 61800000, "link": "https://www.sec.gov/Archives/edgar/data/1003935/000117891313001346/0001178913-13-001346-index.htm", "finalLink": "https://www.sec.gov/Archives/edgar/data/1003935/000117891313001346/exhibit_99-1.htm"}, {"date": "2012-12-31", "symbol": "NICE", "reportedCurrency": "USD", "cik": "0001003935", "fillingDate": "2013-02-13", "acceptedDate": "2013-02-13 07:06:12", "calendarYear": "2012", "period": "Q4", "revenue": 237685000, "costOfRevenue": 88712000, "grossProfit": 148973000, "grossProfitRatio": 0.6267665187, "researchAndDevelopmentExpenses": 32477000, "generalAndAdministrativeExpenses": 24485000, "sellingAndMarketingExpenses": 65049000, "sellingGeneralAndAdministrativeExpenses": 89534000, "otherExpenses": 8226000, "operatingExpenses": 130237000, "costAndExpenses": 218949000, "interestIncome": 711000, "interestExpense": 954000, "depreciationAndAmortization": 23641000, "ebitda": 48483000, "ebitdaratio": 0.2039800576, "operatingIncome": 18736000, "operatingIncomeRatio": 0.078827019, "totalOtherIncomeExpensesNet": 2133000, "incomeBeforeTax": 20869000, "incomeBeforeTaxRatio": 0.0878010813, "incomeTaxExpense": -11261000, "netIncome": 32130000, "netIncomeRatio": 0.1351789133, "eps": 0.53, "epsdiluted": 0.52, "weightedAverageShsOut": 60303000, "weightedAverageShsOutDil": 61483000, "link": "https://www.sec.gov/Archives/edgar/data/1003935/000117891313000364/0001178913-13-000364-index.htm", "finalLink": "https://www.sec.gov/Archives/edgar/data/1003935/000117891313000364/exhibit_99-1.htm"}, {"date": "2012-09-30", "symbol": "NICE", "reportedCurrency": "USD", "cik": "0001003935", "fillingDate": "2012-10-31", "acceptedDate": "2012-10-31 07:22:39", "calendarYear": "2012", "period": "Q3", "revenue": 218859000, "costOfRevenue": 88328000, "grossProfit": 130531000, "grossProfitRatio": 0.5964159573, "researchAndDevelopmentExpenses": 30094000, "generalAndAdministrativeExpenses": 22186000, "sellingAndMarketingExpenses": 54892000, "sellingGeneralAndAdministrativeExpenses": 77078000, "otherExpenses": 8225000, "operatingExpenses": 115397000, "costAndExpenses": 203725000, "interestIncome": 1617000, "interestExpense": 0, "depreciationAndAmortization": 24753000, "ebitda": 39887000, "ebitdaratio": 0.182249759, "operatingIncome": 13250000, "operatingIncomeRatio": 0.0605412617, "totalOtherIncomeExpensesNet": -221000, "incomeBeforeTax": 14867000, "incomeBeforeTaxRatio": 0.0679295802, "incomeTaxExpense": -1910000, "netIncome": 16777000, "netIncomeRatio": 0.0766566602, "eps": 0.28, "epsdiluted": 0.27, "weightedAverageShsOut": 60766000, "weightedAverageShsOutDil": 61971000, "link": "https://www.sec.gov/Archives/edgar/data/1003935/000117891312003007/0001178913-12-003007-index.htm", "finalLink": "https://www.sec.gov/Archives/edgar/data/1003935/000117891312003007/exhibit_99-1.htm"}, {"date": "2012-06-30", "symbol": "NICE", "reportedCurrency": "USD", "cik": "0001003935", "fillingDate": "2012-08-01", "acceptedDate": "2012-08-01 06:50:36", "calendarYear": "2012", "period": "Q2", "revenue": 212106000, "costOfRevenue": 86598000, "grossProfit": 125508000, "grossProfitRatio": 0.5917230064, "researchAndDevelopmentExpenses": 28594000, "generalAndAdministrativeExpenses": 22617000, "sellingAndMarketingExpenses": 57043000, "sellingGeneralAndAdministrativeExpenses": 79660000, "otherExpenses": 8236000, "operatingExpenses": 116490000, "costAndExpenses": 203088000, "interestIncome": 1115000, "interestExpense": -150000, "depreciationAndAmortization": 24654000, "ebitda": 33672000, "ebitdaratio": 0.1587508133, "operatingIncome": 9018000, "operatingIncomeRatio": 0.0425164776, "totalOtherIncomeExpensesNet": 1265000, "incomeBeforeTax": 10133000, "incomeBeforeTaxRatio": 0.0477732832, "incomeTaxExpense": -1047000, "netIncome": 11180000, "netIncomeRatio": 0.0527094943, "eps": 0.18, "epsdiluted": 0.18, "weightedAverageShsOut": 61163000, "weightedAverageShsOutDil": 62743000, "link": "https://www.sec.gov/Archives/edgar/data/1003935/000117891312002094/0001178913-12-002094-index.htm", "finalLink": "https://www.sec.gov/Archives/edgar/data/1003935/000117891312002094/exhibit_99-1.htm"}, {"date": "2012-03-31", "symbol": "NICE", "reportedCurrency": "USD", "cik": "0001003935", "fillingDate": "2012-05-09", "acceptedDate": "2012-05-09 07:35:47", "calendarYear": "2012", "period": "Q1", "revenue": 210361000, "costOfRevenue": 87585000, "grossProfit": 122776000, "grossProfitRatio": 0.5836443067, "researchAndDevelopmentExpenses": 30222000, "generalAndAdministrativeExpenses": 26846000, "sellingAndMarketingExpenses": 53178000, "sellingGeneralAndAdministrativeExpenses": 80024000, "otherExpenses": 7903000, "operatingExpenses": 118149000, "costAndExpenses": 205734000, "interestIncome": 0, "interestExpense": 0, "depreciationAndAmortization": 22811000, "ebitda": 27438000, "ebitdaratio": 0.1304329225, "operatingIncome": 4627000, "operatingIncomeRatio": 0.021995522, "totalOtherIncomeExpensesNet": 3403000, "incomeBeforeTax": 8030000, "incomeBeforeTaxRatio": 0.0381724749, "incomeTaxExpense": 223000, "netIncome": 7807000, "netIncomeRatio": 0.0371123925, "eps": 0.13, "epsdiluted": 0.12, "weightedAverageShsOut": 61425000, "weightedAverageShsOutDil": 62884000, "link": "https://www.sec.gov/Archives/edgar/data/1003935/000117891312001368/0001178913-12-001368-index.htm", "finalLink": "https://www.sec.gov/Archives/edgar/data/1003935/000117891312001368/exhibit_99-1.htm"}, {"date": "2011-12-31", "symbol": "NICE", "reportedCurrency": "USD", "cik": "0001003935", "fillingDate": "2012-02-15", "acceptedDate": "2012-02-15 07:10:58", "calendarYear": "2011", "period": "Q4", "revenue": 213622000, "costOfRevenue": 81645000, "grossProfit": 131977000, "grossProfitRatio": 0.6178062185, "researchAndDevelopmentExpenses": 29307000, "generalAndAdministrativeExpenses": 27032000, "sellingAndMarketingExpenses": 54103000, "sellingGeneralAndAdministrativeExpenses": 81135000, "otherExpenses": 6415000, "operatingExpenses": 116857000, "costAndExpenses": 198502000, "interestIncome": 0, "interestExpense": 0, "depreciationAndAmortization": 18050000, "ebitda": 43956000, "ebitdaratio": 0.2057653238, "operatingIncome": 15120000, "operatingIncomeRatio": 0.0707792269, "totalOtherIncomeExpensesNet": 2402000, "incomeBeforeTax": 17522000, "incomeBeforeTaxRatio": 0.0820233871, "incomeTaxExpense": 2277000, "netIncome": 15245000, "netIncomeRatio": 0.0713643726, "eps": 0.25, "epsdiluted": 0.25, "weightedAverageShsOut": 61721000, "weightedAverageShsOutDil": 62000000, "link": "https://www.sec.gov/Archives/edgar/data/1003935/000117891312000442/0001178913-12-000442-index.htm", "finalLink": "https://www.sec.gov/Archives/edgar/data/1003935/000117891312000442/exhibit_99-1.htm"}, {"date": "2011-09-30", "symbol": "NICE", "reportedCurrency": "USD", "cik": "0001003935", "fillingDate": "2011-11-03", "acceptedDate": "2011-11-03 08:00:47", "calendarYear": "2011", "period": "Q3", "revenue": 199461000, "costOfRevenue": 77659000, "grossProfit": 121802000, "grossProfitRatio": 0.6106557172, "researchAndDevelopmentExpenses": 27065000, "generalAndAdministrativeExpenses": 22528000, "sellingAndMarketingExpenses": 45963000, "sellingGeneralAndAdministrativeExpenses": 68491000, "otherExpenses": 5818000, "operatingExpenses": 101374000, "costAndExpenses": 179033000, "interestIncome": 2075000, "interestExpense": 0, "depreciationAndAmortization": 16080000, "ebitda": 36508000, "ebitdaratio": 0.1830332747, "operatingIncome": 20428000, "operatingIncomeRatio": 0.1024160112, "totalOtherIncomeExpensesNet": 2075000, "incomeBeforeTax": 22503000, "incomeBeforeTaxRatio": 0.1128190473, "incomeTaxExpense": 4181000, "netIncome": 18322000, "netIncomeRatio": 0.0918575561, "eps": 0.29, "epsdiluted": 0.29, "weightedAverageShsOut": 62824000, "weightedAverageShsOutDil": 64002000, "link": "https://www.sec.gov/Archives/edgar/data/1003935/000117891311002940/0001178913-11-002940-index.htm", "finalLink": "https://www.sec.gov/Archives/edgar/data/1003935/000117891311002940/exhibit_99-1.htm"}, {"date": "2011-06-30", "symbol": "NICE", "reportedCurrency": "USD", "cik": "0001003935", "fillingDate": "2011-07-27", "acceptedDate": "2011-07-27 07:21:18", "calendarYear": "2011", "period": "Q2", "revenue": 195451000, "costOfRevenue": 76800000, "grossProfit": 118651000, "grossProfitRatio": 0.6070626397, "researchAndDevelopmentExpenses": 26853000, "generalAndAdministrativeExpenses": 22013000, "sellingAndMarketingExpenses": 48608000, "sellingGeneralAndAdministrativeExpenses": 70621000, "otherExpenses": 6047000, "operatingExpenses": 103521000, "costAndExpenses": 180321000, "interestIncome": 2560000, "interestExpense": 0, "depreciationAndAmortization": 17201000, "ebitda": 32331000, "ebitdaratio": 0.1654174192, "operatingIncome": 15130000, "operatingIncomeRatio": 0.0774107065, "totalOtherIncomeExpensesNet": 2560000, "incomeBeforeTax": 17690000, "incomeBeforeTaxRatio": 0.0905086185, "incomeTaxExpense": 2141000, "netIncome": 15549000, "netIncomeRatio": 0.0795544663, "eps": 0.24, "epsdiluted": 0.24, "weightedAverageShsOut": 63596000, "weightedAverageShsOutDil": 65052000, "link": "https://www.sec.gov/Archives/edgar/data/1003935/000117891311002119/0001178913-11-002119-index.htm", "finalLink": "https://www.sec.gov/Archives/edgar/data/1003935/000117891311002119/exhibit_99-1.htm"}, {"date": "2011-03-31", "symbol": "NICE", "reportedCurrency": "USD", "cik": "0001003935", "fillingDate": "2011-05-04", "acceptedDate": "2011-05-04 06:38:08", "calendarYear": "2011", "period": "Q1", "revenue": 185297000, "costOfRevenue": 71201000, "grossProfit": 114096000, "grossProfitRatio": 0.6157466122, "researchAndDevelopmentExpenses": 25901000, "generalAndAdministrativeExpenses": 24077000, "sellingAndMarketingExpenses": 50371000, "sellingGeneralAndAdministrativeExpenses": 74448000, "otherExpenses": 5397000, "operatingExpenses": 105746000, "costAndExpenses": 176947000, "interestIncome": 0, "interestExpense": 0, "depreciationAndAmortization": 15627000, "ebitda": 23977000, "ebitdaratio": 0.1293976697, "operatingIncome": 8350000, "operatingIncomeRatio": 0.0450627911, "totalOtherIncomeExpensesNet": 2819000, "incomeBeforeTax": 11169000, "incomeBeforeTaxRatio": 0.0602762052, "incomeTaxExpense": 3022000, "netIncome": 8147000, "netIncomeRatio": 0.0439672526, "eps": 0.13, "epsdiluted": 0.13, "weightedAverageShsOut": 63560000, "weightedAverageShsOutDil": 64935000, "link": "https://www.sec.gov/Archives/edgar/data/1003935/000117891311001251/0001178913-11-001251-index.htm", "finalLink": "https://www.sec.gov/Archives/edgar/data/1003935/000117891311001251/exhibit_99-1.htm"}, {"date": "2010-12-31", "symbol": "NICE", "reportedCurrency": "USD", "cik": "0001003935", "fillingDate": "2011-02-15", "acceptedDate": "2011-02-15 07:30:37", "calendarYear": "2010", "period": "Q4", "revenue": 186145000, "costOfRevenue": 70215000, "grossProfit": 115930000, "grossProfitRatio": 0.6227940584, "researchAndDevelopmentExpenses": 26136000, "generalAndAdministrativeExpenses": 17776000, "sellingAndMarketingExpenses": 49822000, "sellingGeneralAndAdministrativeExpenses": 67598000, "otherExpenses": 5030000, "operatingExpenses": 98764000, "costAndExpenses": 168979000, "interestIncome": 0, "interestExpense": 0, "depreciationAndAmortization": 15018000, "ebitda": 45068000, "ebitdaratio": 0.2421123318, "operatingIncome": 17166000, "operatingIncomeRatio": 0.0922184319, "totalOtherIncomeExpensesNet": 1927000, "incomeBeforeTax": 19093000, "incomeBeforeTaxRatio": 0.1025705767, "incomeTaxExpense": 1711000, "netIncome": 17382000, "netIncomeRatio": 0.0933788176, "eps": 0.28, "epsdiluted": 0.28, "weightedAverageShsOut": 63000000, "weightedAverageShsOutDil": 63000000, "link": "https://www.sec.gov/Archives/edgar/data/1003935/000117891311000518/0001178913-11-000518-index.htm", "finalLink": "https://www.sec.gov/Archives/edgar/data/1003935/000117891311000518/exhibit_99-1.htm"}, {"date": "2010-09-30", "symbol": "NICE", "reportedCurrency": "USD", "cik": "0001003935", "fillingDate": "2010-10-27", "acceptedDate": "2010-10-27 07:27:35", "calendarYear": "2010", "period": "Q3", "revenue": 174856000, "costOfRevenue": 67005000, "grossProfit": 107851000, "grossProfitRatio": 0.616798966, "researchAndDevelopmentExpenses": 25481000, "generalAndAdministrativeExpenses": 20717000, "sellingAndMarketingExpenses": 44050000, "sellingGeneralAndAdministrativeExpenses": 64767000, "otherExpenses": 4968000, "operatingExpenses": 95216000, "costAndExpenses": 162221000, "interestIncome": 0, "interestExpense": 0, "depreciationAndAmortization": 14650000, "ebitda": 27382000, "ebitdaratio": 0.1565974287, "operatingIncome": 12635000, "operatingIncomeRatio": 0.0722594592, "totalOtherIncomeExpensesNet": 3377000, "incomeBeforeTax": 16012000, "incomeBeforeTaxRatio": 0.0915724939, "incomeTaxExpense": 3474000, "netIncome": 12538000, "netIncomeRatio": 0.071704717, "eps": 0.2, "epsdiluted": 0.2, "weightedAverageShsOut": 62711000, "weightedAverageShsOutDil": 63720000, "link": "https://www.sec.gov/Archives/edgar/data/1003935/000117891310002785/0001178913-10-002785-index.htm", "finalLink": "https://www.sec.gov/Archives/edgar/data/1003935/000117891310002785/exhibit_99-1.htm"}]