[{"date": "2024-12-31", "symbol": "CCEP", "reportedCurrency": "EUR", "cik": "0001650107", "fillingDate": "2025-03-21", "acceptedDate": "2025-03-21 06:32:04", "calendarYear": "2024", "period": "Q4", "revenue": 10610000000, "costOfRevenue": 6835000000, "grossProfit": 3775000000, "grossProfitRatio": 0.3557964185, "researchAndDevelopmentExpenses": 0, "generalAndAdministrativeExpenses": 872000000, "sellingAndMarketingExpenses": 1729000000, "sellingGeneralAndAdministrativeExpenses": 2361000000, "otherExpenses": 424000000, "operatingExpenses": 2785000000, "costAndExpenses": 9620000000, "interestIncome": 0, "interestExpense": 0, "depreciationAndAmortization": 513000000, "ebitda": 1687000000, "ebitdaratio": 0.1590009425, "operatingIncome": 990000000, "operatingIncomeRatio": 0.0933081998, "totalOtherIncomeExpensesNet": -99000000, "incomeBeforeTax": 891000000, "incomeBeforeTaxRatio": 0.0839773798, "incomeTaxExpense": 258000000, "netIncome": 621000000, "netIncomeRatio": 0.058529689, "eps": 1.35, "epsdiluted": 1.34, "weightedAverageShsOut": 460000000, "weightedAverageShsOutDil": 462000000, "link": "https://www.sec.gov/Archives/edgar/data/1650107/000165010725000039/0001650107-25-000039-index.htm", "finalLink": "https://www.sec.gov/Archives/edgar/data/1650107/000165010725000039/cce-20241231.htm"}, {"date": "2024-06-30", "symbol": "CCEP", "reportedCurrency": "EUR", "cik": "0001650107", "fillingDate": "2024-06-30", "acceptedDate": "2024-06-28 20:00:00", "calendarYear": "2024", "period": "Q2", "revenue": 9828000000, "costOfRevenue": 6320000000, "grossProfit": 3508000000, "grossProfitRatio": 0.3569393569, "researchAndDevelopmentExpenses": 0, "generalAndAdministrativeExpenses": 733000000, "sellingAndMarketingExpenses": 1610000000, "sellingGeneralAndAdministrativeExpenses": 2343000000, "otherExpenses": 23000000, "operatingExpenses": 2366000000, "costAndExpenses": 8686000000, "interestIncome": 43172756, "interestExpense": 130172756, "depreciationAndAmortization": 420000000, "ebitda": 1585000000, "ebitdaratio": 0.1612739113, "operatingIncome": 1142000000, "operatingIncomeRatio": 0.1161986162, "totalOtherIncomeExpensesNet": -97000000, "incomeBeforeTax": 1045000000, "incomeBeforeTaxRatio": 0.1063288563, "incomeTaxExpense": 234000000, "netIncome": 797000000, "netIncomeRatio": 0.0810948311, "eps": 1.73, "epsdiluted": 1.73, "weightedAverageShsOut": 460000000, "weightedAverageShsOutDil": 460000000, "link": null, "finalLink": null}, {"date": "2023-12-31", "symbol": "CCEP", "reportedCurrency": "EUR", "cik": "0001650107", "fillingDate": "2024-03-15", "acceptedDate": "2024-03-15 07:01:27", "calendarYear": "2023", "period": "Q4", "revenue": 9325000000, "costOfRevenue": 5875000000, "grossProfit": 3450000000, "grossProfitRatio": 0.3699731903, "researchAndDevelopmentExpenses": 0, "generalAndAdministrativeExpenses": 582000000, "sellingAndMarketingExpenses": 1656000000, "sellingGeneralAndAdministrativeExpenses": 2238000000, "otherExpenses": 0, "operatingExpenses": 2297000000, "costAndExpenses": 8172000000, "interestIncome": 51000000, "interestExpense": 0, "depreciationAndAmortization": 406690776, "ebitda": 1328000000, "ebitdaratio": 0.1424128686, "operatingIncome": 1177000000, "operatingIncomeRatio": 0.1262198391, "totalOtherIncomeExpensesNet": -75000000, "incomeBeforeTax": 1102000000, "incomeBeforeTaxRatio": 0.1181769437, "incomeTaxExpense": 287000000, "netIncome": 815000000, "netIncomeRatio": 0.0873994638, "eps": 1.77, "epsdiluted": 1.77, "weightedAverageShsOut": 460000000, "weightedAverageShsOutDil": 460000000, "link": "https://www.sec.gov/Archives/edgar/data/1650107/000165010724000025/0001650107-24-000025-index.htm", "finalLink": "https://www.sec.gov/Archives/edgar/data/1650107/000165010724000025/cce-20231231.htm"}, {"date": "2023-06-30", "symbol": "CCEP", "reportedCurrency": "EUR", "cik": "0001650107", "fillingDate": "2023-06-30", "acceptedDate": "2023-06-30 00:00:00", "calendarYear": "2023", "period": "Q2", "revenue": 8977000000, "costOfRevenue": 5701000000, "grossProfit": 3276000000, "grossProfitRatio": 0.3649326055, "researchAndDevelopmentExpenses": 0, "generalAndAdministrativeExpenses": 631000000, "sellingAndMarketingExpenses": 1522000000, "sellingGeneralAndAdministrativeExpenses": 2153000000, "otherExpenses": 0, "operatingExpenses": 2112000000, "costAndExpenses": 7813000000, "interestIncome": 63000000, "interestExpense": 0, "depreciationAndAmortization": 373490731, "ebitda": 1518000000, "ebitdaratio": 0.1690988081, "operatingIncome": 1176000000, "operatingIncomeRatio": 0.1310014481, "totalOtherIncomeExpensesNet": -75000000, "incomeBeforeTax": 1101000000, "incomeBeforeTaxRatio": 0.122646764, "incomeTaxExpense": 247000000, "netIncome": 854000000, "netIncomeRatio": 0.095132004, "eps": 1.86, "epsdiluted": 1.86, "weightedAverageShsOut": 459000000, "weightedAverageShsOutDil": 459000000, "link": null, "finalLink": null}, {"date": "2022-12-31", "symbol": "CCEP", "reportedCurrency": "EUR", "cik": "0001650107", "fillingDate": "2023-03-17", "acceptedDate": "2023-03-17 07:47:13", "calendarYear": "2022", "period": "Q4", "revenue": 9040000000, "costOfRevenue": 5788000000, "grossProfit": 3252000000, "grossProfitRatio": 0.3597345133, "researchAndDevelopmentExpenses": 83000000, "generalAndAdministrativeExpenses": 489000000, "sellingAndMarketingExpenses": 1573000000, "sellingGeneralAndAdministrativeExpenses": 2062000000, "otherExpenses": 0, "operatingExpenses": 2147000000, "costAndExpenses": 7935000000, "interestIncome": 46000000, "interestExpense": 0, "depreciationAndAmortization": 147000000, "ebitda": 1337000000, "ebitdaratio": 0.1478982301, "operatingIncome": 1190000000, "operatingIncomeRatio": 0.1316371681, "totalOtherIncomeExpensesNet": -60000000, "incomeBeforeTax": 1059000000, "incomeBeforeTaxRatio": 0.1171460177, "incomeTaxExpense": 213000000, "netIncome": 841000000, "netIncomeRatio": 0.0930309735, "eps": 1.83, "epsdiluted": 1.84, "weightedAverageShsOut": 458000000, "weightedAverageShsOutDil": 458000000, "link": "https://www.sec.gov/Archives/edgar/data/1650107/000165010723000019/0001650107-23-000019-index.htm", "finalLink": "https://www.sec.gov/Archives/edgar/data/1650107/000165010723000019/cce-20221231.htm"}, {"date": "2022-07-01", "symbol": "CCEP", "reportedCurrency": "EUR", "cik": "0001650107", "fillingDate": "2022-07-01", "acceptedDate": "2022-06-30 20:00:00", "calendarYear": "2022", "period": "Q2", "revenue": 8629896451, "costOfRevenue": 5576080436, "grossProfit": 3053816015, "grossProfitRatio": 0.3538647343, "researchAndDevelopmentExpenses": 0, "generalAndAdministrativeExpenses": 615000000, "sellingAndMarketingExpenses": 1410000000, "sellingGeneralAndAdministrativeExpenses": 1958402830, "otherExpenses": 0, "operatingExpenses": 1958402830, "costAndExpenses": 7534483266, "interestIncome": 63000000, "interestExpense": 0, "depreciationAndAmortization": 402311597, "ebitda": 1341000000, "ebitdaratio": 0.1553900452, "operatingIncome": 1095413187, "operatingIncomeRatio": 0.1269323674, "totalOtherIncomeExpensesNet": -197413187, "incomeBeforeTax": 935947706, "incomeBeforeTaxRatio": 0.1084541062, "incomeTaxExpense": 232423539, "netIncome": 695186103, "netIncomeRatio": 0.0805555556, "eps": 1.52, "epsdiluted": 1.52, "weightedAverageShsOut": 457000000, "weightedAverageShsOutDil": 458000000, "link": null, "finalLink": null}, {"date": "2021-12-31", "symbol": "CCEP", "reportedCurrency": "EUR", "cik": "0001650107", "fillingDate": "2022-03-15", "acceptedDate": "2022-03-15 13:53:13", "calendarYear": "2021", "period": "Q4", "revenue": 8010335348, "costOfRevenue": 4986931528, "grossProfit": 3023403820, "grossProfitRatio": 0.3774378585, "researchAndDevelopmentExpenses": 75000000, "generalAndAdministrativeExpenses": 409000000, "sellingAndMarketingExpenses": 1418000000, "sellingGeneralAndAdministrativeExpenses": 1890010290, "otherExpenses": 0, "operatingExpenses": 1890010290, "costAndExpenses": 6876941819, "interestIncome": 59000000, "interestExpense": 0, "depreciationAndAmortization": 449273110, "ebitda": 1370000000, "ebitdaratio": 0.1710290444, "operatingIncome": 1133393528, "operatingIncomeRatio": 0.1414913956, "totalOtherIncomeExpensesNet": -49463242, "incomeBeforeTax": 946536758, "incomeBeforeTaxRatio": 0.1181644359, "incomeTaxExpense": 188898921, "netIncome": 753553535, "netIncomeRatio": 0.0940726577, "eps": 1.65, "epsdiluted": 1.65, "weightedAverageShsOut": 456235032, "weightedAverageShsOutDil": 456235032, "link": "https://www.sec.gov/Archives/edgar/data/1650107/000165010722000021/0001650107-22-000021-index.htm", "finalLink": "https://www.sec.gov/Archives/edgar/data/1650107/000165010722000021/cce-20211231.htm"}, {"date": "2021-06-30", "symbol": "CCEP", "reportedCurrency": "EUR", "cik": "0001650107", "fillingDate": "2021-07-02", "acceptedDate": "2021-07-02 00:00:00", "calendarYear": "2021", "period": "Q2", "revenue": 6013613434, "costOfRevenue": 3944719052, "grossProfit": 2068894382, "grossProfitRatio": 0.344035147, "researchAndDevelopmentExpenses": 0, "generalAndAdministrativeExpenses": 525000000, "sellingAndMarketingExpenses": 1033000000, "sellingGeneralAndAdministrativeExpenses": 1447006679, "otherExpenses": 0, "operatingExpenses": 1447006679, "costAndExpenses": 5391725732, "interestIncome": 61000000, "interestExpense": 0, "depreciationAndAmortization": 347525480, "ebitda": 911000000, "ebitdaratio": 0.1514896177, "operatingIncome": 621887699, "operatingIncomeRatio": 0.1034133148, "totalOtherIncomeExpensesNet": -159536548, "incomeBeforeTax": 462351151, "incomeBeforeTaxRatio": 0.0768840824, "incomeTaxExpense": 212376682, "netIncome": 247942155, "netIncomeRatio": 0.0412301452, "eps": 0.54, "epsdiluted": 0.54, "weightedAverageShsOut": 455000000, "weightedAverageShsOutDil": 457000000, "link": null, "finalLink": null}, {"date": "2020-12-31", "symbol": "CCEP", "reportedCurrency": "EUR", "cik": "0001650107", "fillingDate": "2021-03-12", "acceptedDate": "2021-03-12 11:37:01", "calendarYear": "2020", "period": "Q4", "revenue": 5565029802, "costOfRevenue": 3603909055, "grossProfit": 1961120747, "grossProfitRatio": 0.3524007628, "researchAndDevelopmentExpenses": 54000000, "generalAndAdministrativeExpenses": 543000000, "sellingAndMarketingExpenses": 978000000, "sellingGeneralAndAdministrativeExpenses": 1186511814, "otherExpenses": 0, "operatingExpenses": 1186511814, "costAndExpenses": 4790420869, "interestIncome": 44000000, "interestExpense": 0, "depreciationAndAmortization": 381034281, "ebitda": 1155643213, "ebitdaratio": 0.2076616396, "operatingIncome": 774608932, "operatingIncomeRatio": 0.1391922343, "totalOtherIncomeExpensesNet": -290608932, "incomeBeforeTax": 466887575, "incomeBeforeTaxRatio": 0.0838966891, "incomeTaxExpense": 108040100, "netIncome": 358847475, "netIncomeRatio": 0.0644825792, "eps": 0.79, "epsdiluted": 0.79, "weightedAverageShsOut": 454645510, "weightedAverageShsOutDil": 455662281, "link": "https://www.sec.gov/Archives/edgar/data/1650107/000165010721000022/0001650107-21-000022-index.htm", "finalLink": "https://www.sec.gov/Archives/edgar/data/1650107/000165010721000022/cce-20201231.htm"}, {"date": "2020-06-26", "symbol": "CCEP", "reportedCurrency": "EUR", "cik": "0001650107", "fillingDate": "2020-06-26", "acceptedDate": "2020-06-25 20:00:00", "calendarYear": "2020", "period": "Q2", "revenue": 4743630044, "costOfRevenue": 3135287420, "grossProfit": 1608342624, "grossProfitRatio": 0.3390531321, "researchAndDevelopmentExpenses": 0, "generalAndAdministrativeExpenses": 440000000, "sellingAndMarketingExpenses": 961000000, "sellingGeneralAndAdministrativeExpenses": 1223909509, "otherExpenses": 0, "operatingExpenses": 1223909509, "costAndExpenses": 4359196929, "interestIncome": 55000000, "interestExpense": 0, "depreciationAndAmortization": 325591311, "ebitda": 600000000, "ebitdaratio": 0.1264854119, "operatingIncome": 384433119, "operatingIncomeRatio": 0.081041969, "totalOtherIncomeExpensesNet": -177506111, "incomeBeforeTax": 206927008, "incomeBeforeTaxRatio": 0.0436220797, "incomeTaxExpense": 83359221, "netIncome": 123567786, "netIncomeRatio": 0.0260492038, "eps": 0.27, "epsdiluted": 0.27, "weightedAverageShsOut": 455000000, "weightedAverageShsOutDil": 457000000, "link": null, "finalLink": null}, {"date": "2019-12-31", "symbol": "CCEP", "reportedCurrency": "EUR", "cik": "0001650107", "fillingDate": "2020-03-16", "acceptedDate": "2020-03-16 06:09:34", "calendarYear": "2019", "period": "Q4", "revenue": 6143045803, "costOfRevenue": 3812345561, "grossProfit": 2330700242, "grossProfitRatio": 0.3794046661, "researchAndDevelopmentExpenses": 44000000, "generalAndAdministrativeExpenses": 406000000, "sellingAndMarketingExpenses": 1157000000, "sellingGeneralAndAdministrativeExpenses": 1413444167, "otherExpenses": 0, "operatingExpenses": 1413444167, "costAndExpenses": 5225789728, "interestIncome": 39000000, "interestExpense": 0, "depreciationAndAmortization": 321237310, "ebitda": 1238493388, "ebitdaratio": 0.2016090109, "operatingIncome": 917256076, "operatingIncomeRatio": 0.1493161707, "totalOtherIncomeExpensesNet": -141256076, "incomeBeforeTax": 767015855, "incomeBeforeTaxRatio": 0.1248592115, "incomeTaxExpense": 191753963, "netIncome": 575261891, "netIncomeRatio": 0.0936444086, "eps": 1.25, "epsdiluted": 1.24, "weightedAverageShsOut": 460886200, "weightedAverageShsOutDil": 463885430, "link": "https://www.sec.gov/Archives/edgar/data/1650107/000165010720000024/0001650107-20-000024-index.htm", "finalLink": "https://www.sec.gov/Archives/edgar/data/1650107/000165010720000024/ccep2019annualreportfinal4.htm"}, {"date": "2019-06-28", "symbol": "CCEP", "reportedCurrency": "EUR", "cik": "0001650107", "fillingDate": "2019-06-28", "acceptedDate": "2019-06-27 20:00:00", "calendarYear": "2019", "period": "Q2", "revenue": 6553251250, "costOfRevenue": 4087593290, "grossProfit": 2465657960, "grossProfitRatio": 0.3762495693, "researchAndDevelopmentExpenses": 0, "generalAndAdministrativeExpenses": 381000000, "sellingAndMarketingExpenses": 1101000000, "sellingGeneralAndAdministrativeExpenses": 1482000000, "otherExpenses": 0, "operatingExpenses": 1618546887, "costAndExpenses": 5706140178, "interestIncome": 49000000, "interestExpense": 0, "depreciationAndAmortization": 354657168, "ebitda": 1201768240, "ebitdaratio": 0.1833850396, "operatingIncome": 847111070, "operatingIncomeRatio": 0.1292657702, "totalOtherIncomeExpensesNet": 39788408, "incomeBeforeTax": 765788408, "incomeBeforeTaxRatio": 0.1168562564, "incomeTaxExpense": 192011842, "netIncome": 573776565, "netIncomeRatio": 0.087556015, "eps": 1.22, "epsdiluted": 1.21, "weightedAverageShsOut": 472000000, "weightedAverageShsOutDil": 475000000, "link": null, "finalLink": null}, {"date": "2018-12-31", "symbol": "CCEP", "reportedCurrency": "EUR", "cik": "0001650107", "fillingDate": "2019-03-14", "acceptedDate": "2019-03-14 08:18:07", "calendarYear": "2018", "period": "Q4", "revenue": 6083000000, "costOfRevenue": 3720000000, "grossProfit": 2363000000, "grossProfitRatio": 0.3884596416, "researchAndDevelopmentExpenses": 43000000, "generalAndAdministrativeExpenses": 561000000, "sellingAndMarketingExpenses": 1108000000, "sellingGeneralAndAdministrativeExpenses": 1670000000, "otherExpenses": 0, "operatingExpenses": 1676000000, "costAndExpenses": 5396000000, "interestIncome": 42000000, "interestExpense": 31000000, "depreciationAndAmortization": 201000000, "ebitda": 894000000, "ebitdaratio": 0.1469669571, "operatingIncome": 693000000, "operatingIncomeRatio": 0.1139240506, "totalOtherIncomeExpensesNet": -48000000, "incomeBeforeTax": 645000000, "incomeBeforeTaxRatio": 0.1060332073, "incomeTaxExpense": 153000000, "netIncome": 492000000, "netIncomeRatio": 0.0808811442, "eps": 1.01, "epsdiluted": 1.01, "weightedAverageShsOut": 486970567, "weightedAverageShsOutDil": 487000000, "link": "https://www.sec.gov/Archives/edgar/data/1650107/000165010719000025/0001650107-19-000025-index.htm", "finalLink": "https://www.sec.gov/Archives/edgar/data/1650107/000165010719000025/final2018ccepannualreportd.htm"}, {"date": "2018-06-29", "symbol": "CCEP", "reportedCurrency": "EUR", "cik": "0001650107", "fillingDate": "2018-06-29", "acceptedDate": "2018-06-28 20:00:00", "calendarYear": "2018", "period": "Q2", "revenue": 5435000000, "costOfRevenue": 3316000000, "grossProfit": 2119000000, "grossProfitRatio": 0.3898804048, "researchAndDevelopmentExpenses": 0, "generalAndAdministrativeExpenses": 419000000, "sellingAndMarketingExpenses": 1070000000, "sellingGeneralAndAdministrativeExpenses": 1489000000, "otherExpenses": 0, "operatingExpenses": 1514000000, "costAndExpenses": 4830000000, "interestIncome": 45000000, "interestExpense": 34000000, "depreciationAndAmortization": 253000000, "ebitda": 883000000, "ebitdaratio": 0.1624655014, "operatingIncome": 630000000, "operatingIncomeRatio": 0.1159153634, "totalOtherIncomeExpensesNet": -70000000, "incomeBeforeTax": 560000000, "incomeBeforeTaxRatio": 0.1030358786, "incomeTaxExpense": 143000000, "netIncome": 417000000, "netIncomeRatio": 0.076724931, "eps": 0.85, "epsdiluted": 0.85, "weightedAverageShsOut": 489000000, "weightedAverageShsOutDil": 489000000, "link": null, "finalLink": null}, {"date": "2017-12-31", "symbol": "CCEP", "reportedCurrency": "EUR", "cik": "0001650107", "fillingDate": "2018-03-15", "acceptedDate": "2018-03-15 08:49:34", "calendarYear": "2017", "period": "Q4", "revenue": 5626000000, "costOfRevenue": 3390000000, "grossProfit": 2236000000, "grossProfitRatio": 0.397440455, "researchAndDevelopmentExpenses": 38000000, "generalAndAdministrativeExpenses": 473000000, "sellingAndMarketingExpenses": 1077000000, "sellingGeneralAndAdministrativeExpenses": 1553000000, "otherExpenses": 0, "operatingExpenses": 1619000000, "costAndExpenses": 5009000000, "interestIncome": 42000000, "interestExpense": 25000000, "depreciationAndAmortization": 170000000, "ebitda": 853000000, "ebitdaratio": 0.1516174902, "operatingIncome": 683000000, "operatingIncomeRatio": 0.1214006399, "totalOtherIncomeExpensesNet": -20000000, "incomeBeforeTax": 575000000, "incomeBeforeTaxRatio": 0.1022040526, "incomeTaxExpense": 332000000, "netIncome": 243000000, "netIncomeRatio": 0.0431923214, "eps": 0.5, "epsdiluted": 0.5, "weightedAverageShsOut": 485188764, "weightedAverageShsOutDil": 490000000, "link": "https://www.sec.gov/Archives/edgar/data/1650107/000165010718000022/0001650107-18-000022-index.htm", "finalLink": "https://www.sec.gov/Archives/edgar/data/1650107/000165010718000022/a2017ccepannualreport.htm"}, {"date": "2017-06-30", "symbol": "CCEP", "reportedCurrency": "EUR", "cik": "0001650107", "fillingDate": "2017-06-30", "acceptedDate": "2017-06-29 20:00:00", "calendarYear": "2017", "period": "Q2", "revenue": 5436000000, "costOfRevenue": 3316000000, "grossProfit": 2120000000, "grossProfitRatio": 0.3899926416, "researchAndDevelopmentExpenses": 0, "generalAndAdministrativeExpenses": 433000000, "sellingAndMarketingExpenses": 1047000000, "sellingGeneralAndAdministrativeExpenses": 1480000000, "otherExpenses": 0, "operatingExpenses": 1485000000, "costAndExpenses": 4801000000, "interestIncome": 51000000, "interestExpense": 38000000, "depreciationAndAmortization": 249000000, "ebitda": 889000000, "ebitdaratio": 0.1635393672, "operatingIncome": 640000000, "operatingIncomeRatio": 0.1177336277, "totalOtherIncomeExpensesNet": -56000000, "incomeBeforeTax": 584000000, "incomeBeforeTaxRatio": 0.1074319352, "incomeTaxExpense": 139000000, "netIncome": 445000000, "netIncomeRatio": 0.081861663, "eps": 0.91, "epsdiluted": 0.91, "weightedAverageShsOut": 488000000, "weightedAverageShsOutDil": 488000000, "link": null, "finalLink": null}, {"date": "2016-12-31", "symbol": "CCEP", "reportedCurrency": "EUR", "cik": "0001650107", "fillingDate": "2017-04-12", "acceptedDate": "2017-04-12 08:57:41", "calendarYear": "2016", "period": "Q4", "revenue": 5588000000, "costOfRevenue": 3381000000, "grossProfit": 2207000000, "grossProfitRatio": 0.3949534717, "researchAndDevelopmentExpenses": 33000000, "generalAndAdministrativeExpenses": 634000000, "sellingAndMarketingExpenses": 1062000000, "sellingGeneralAndAdministrativeExpenses": 1696000000, "otherExpenses": 0, "operatingExpenses": 1667000000, "costAndExpenses": 5048000000, "interestIncome": 70000000, "interestExpense": 34000000, "depreciationAndAmortization": 182000000, "ebitda": 693000000, "ebitdaratio": 0.124015748, "operatingIncome": 511000000, "operatingIncomeRatio": 0.0914459556, "totalOtherIncomeExpensesNet": -41000000, "incomeBeforeTax": 470000000, "incomeBeforeTaxRatio": 0.0841088046, "incomeTaxExpense": 131000000, "netIncome": 339000000, "netIncomeRatio": 0.0606657122, "eps": 0.69, "epsdiluted": 0.7, "weightedAverageShsOut": 487000000, "weightedAverageShsOutDil": 487000000, "link": "https://www.sec.gov/Archives/edgar/data/1650107/000165010717000030/0001650107-17-000030-index.htm", "finalLink": "https://www.sec.gov/Archives/edgar/data/1650107/000165010717000030/a2016ccepannualfinancialre.htm"}, {"date": "2016-07-01", "symbol": "CCEP", "reportedCurrency": "EUR", "cik": "0001650107", "fillingDate": "2016-07-01", "acceptedDate": "2016-06-30 20:00:00", "calendarYear": "2016", "period": "Q2", "revenue": 3545000000, "costOfRevenue": 2190000000, "grossProfit": 1355000000, "grossProfitRatio": 0.3822284908, "researchAndDevelopmentExpenses": 0, "generalAndAdministrativeExpenses": 449000000, "sellingAndMarketingExpenses": 553000000, "sellingGeneralAndAdministrativeExpenses": 1002000000, "otherExpenses": 0, "operatingExpenses": 1050000000, "costAndExpenses": 3240000000, "interestIncome": 5000000, "interestExpense": 44000000, "depreciationAndAmortization": 133000000, "ebitda": 486000000, "ebitdaratio": 0.1370944993, "operatingIncome": 353000000, "operatingIncomeRatio": 0.0995768688, "totalOtherIncomeExpensesNet": -104000000, "incomeBeforeTax": 249000000, "incomeBeforeTaxRatio": 0.0702397743, "incomeTaxExpense": 39000000, "netIncome": 210000000, "netIncomeRatio": 0.0592383639, "eps": 0.74, "epsdiluted": 0.74, "weightedAverageShsOut": 283000000, "weightedAverageShsOutDil": 283000000, "link": null, "finalLink": null}, {"date": "2015-12-31", "symbol": "CCEP", "reportedCurrency": "EUR", "cik": "0001650107", "fillingDate": "2015-12-31", "acceptedDate": "2015-12-30 19:00:00", "calendarYear": "2015", "period": "Q4", "revenue": 3130000000, "costOfRevenue": 1946000000, "grossProfit": 1184000000, "grossProfitRatio": 0.3782747604, "researchAndDevelopmentExpenses": 25000000, "generalAndAdministrativeExpenses": 299000000, "sellingAndMarketingExpenses": 435000000, "sellingGeneralAndAdministrativeExpenses": 734000000, "otherExpenses": 0, "operatingExpenses": 818000000, "costAndExpenses": 2764000000, "interestIncome": 48000000, "interestExpense": 24361680, "depreciationAndAmortization": 104000000, "ebitda": 554000000, "ebitdaratio": 0.1769968051, "operatingIncome": 450000000, "operatingIncomeRatio": 0.1437699681, "totalOtherIncomeExpensesNet": -132000000, "incomeBeforeTax": 318000000, "incomeBeforeTaxRatio": 0.1015974441, "incomeTaxExpense": 42000000, "netIncome": 276000000, "netIncomeRatio": 0.0881789137, "eps": 1.19, "epsdiluted": 1.18, "weightedAverageShsOut": 231615518, "weightedAverageShsOutDil": 233000000, "link": null, "finalLink": null}, {"date": "2015-07-03", "symbol": "CCEP", "reportedCurrency": "EUR", "cik": "0001650107", "fillingDate": "2015-07-03", "acceptedDate": "2015-07-02 20:00:00", "calendarYear": "2015", "period": "Q2", "revenue": 3199000000, "costOfRevenue": 2022000000, "grossProfit": 1177000000, "grossProfitRatio": 0.3679274773, "researchAndDevelopmentExpenses": 0, "generalAndAdministrativeExpenses": 295000000, "sellingAndMarketingExpenses": 465000000, "sellingGeneralAndAdministrativeExpenses": 760000000, "otherExpenses": 0, "operatingExpenses": 796000000, "costAndExpenses": 2818000000, "interestIncome": 55000000, "interestExpense": 27638980, "depreciationAndAmortization": 112000000, "ebitda": 529000000, "ebitdaratio": 0.1653641763, "operatingIncome": 417000000, "operatingIncomeRatio": 0.1303532354, "totalOtherIncomeExpensesNet": -91000000, "incomeBeforeTax": 326000000, "incomeBeforeTaxRatio": 0.1019068459, "incomeTaxExpense": 89000000, "netIncome": 237000000, "netIncomeRatio": 0.0740856518, "eps": 1, "epsdiluted": 1, "weightedAverageShsOut": 237000000, "weightedAverageShsOutDil": 237000000, "link": null, "finalLink": null}, {"date": "2014-12-31", "symbol": "CCEP", "reportedCurrency": "EUR", "cik": "0001650107", "fillingDate": "2014-12-31", "acceptedDate": "2014-12-30 19:00:00", "calendarYear": "2014", "period": "Q4", "revenue": 3354995150, "costOfRevenue": 2134771600, "grossProfit": 1220223550, "grossProfitRatio": 0.3637035213, "researchAndDevelopmentExpenses": 0, "generalAndAdministrativeExpenses": 340373800, "sellingAndMarketingExpenses": 248671150, "sellingGeneralAndAdministrativeExpenses": 589044950, "otherExpenses": 0, "operatingExpenses": 779885600, "costAndExpenses": 2914657200, "interestIncome": 50395150, "interestExpense": 27721720, "depreciationAndAmortization": 127227100, "ebitda": 589044950, "ebitdaratio": 0.1755725191, "operatingIncome": 461817850, "operatingIncomeRatio": 0.1376508249, "totalOtherIncomeExpensesNet": -56178200, "incomeBeforeTax": 389942800, "incomeBeforeTaxRatio": 0.1162275302, "incomeTaxExpense": 100790300, "netIncome": 289152500, "netIncomeRatio": 0.0861856686, "eps": 1.17, "epsdiluted": 1.17, "weightedAverageShsOut": 247000000, "weightedAverageShsOutDil": 247000000, "link": null, "finalLink": null}, {"date": "2014-06-27", "symbol": "CCEP", "reportedCurrency": "EUR", "cik": "0001650107", "fillingDate": "2014-06-27", "acceptedDate": "2014-06-26 20:00:00", "calendarYear": "2014", "period": "Q2", "revenue": 3083110650, "costOfRevenue": 1985719850, "grossProfit": 1097390800, "grossProfitRatio": 0.355936236, "researchAndDevelopmentExpenses": 0, "generalAndAdministrativeExpenses": 0, "sellingAndMarketingExpenses": 0, "sellingGeneralAndAdministrativeExpenses": 700540250, "otherExpenses": 0, "operatingExpenses": 746020349, "costAndExpenses": 2731740199, "interestIncome": 42545900, "interestExpense": 21989400, "depreciationAndAmortization": 108565400, "ebitda": 505415950, "ebitdaratio": 0.1639305258, "operatingIncome": 396850550, "operatingIncomeRatio": 0.1287175827, "totalOtherIncomeExpensesNet": -88026000, "incomeBeforeTax": 308824550, "incomeBeforeTaxRatio": 0.1001665477, "incomeTaxExpense": 79223400, "netIncome": 229601150, "netIncomeRatio": 0.0744706162, "eps": 0.89, "epsdiluted": 0.89, "weightedAverageShsOut": 256557377, "weightedAverageShsOutDil": 257000000, "link": null, "finalLink": null}, {"date": "2013-12-31", "symbol": "CCEP", "reportedCurrency": "EUR", "cik": "0001650107", "fillingDate": "2013-12-31", "acceptedDate": "2013-12-30 19:00:00", "calendarYear": "2013", "period": "Q4", "revenue": 3054186900, "costOfRevenue": 1983115650, "grossProfit": 1071071250, "grossProfitRatio": 0.3506894912, "researchAndDevelopmentExpenses": 0, "generalAndAdministrativeExpenses": 335481300, "sellingAndMarketingExpenses": 199691250, "sellingGeneralAndAdministrativeExpenses": 535172550, "otherExpenses": 0, "operatingExpenses": 686937899, "costAndExpenses": 2670053549, "interestIncome": 39212100, "interestExpense": 19010290, "depreciationAndAmortization": 104565600, "ebitda": 503221950, "ebitdaratio": 0.164764622, "operatingIncome": 398656350, "operatingIncomeRatio": 0.1305278174, "totalOtherIncomeExpensesNet": -40664400, "incomeBeforeTax": 344921250, "incomeBeforeTaxRatio": 0.1129339039, "incomeTaxExpense": 37033650, "netIncome": 307887600, "netIncomeRatio": 0.100808369, "eps": 1.16, "epsdiluted": 1.16, "weightedAverageShsOut": 265000000, "weightedAverageShsOutDil": 265000000, "link": null, "finalLink": null}, {"date": "2013-06-28", "symbol": "CCEP", "reportedCurrency": "EUR", "cik": "0001650107", "fillingDate": "2013-06-28", "acceptedDate": "2013-06-27 20:00:00", "calendarYear": "2013", "period": "Q2", "revenue": 3081615500, "costOfRevenue": 2014665750, "grossProfit": 1066949750, "grossProfitRatio": 0.346230654, "researchAndDevelopmentExpenses": 0, "generalAndAdministrativeExpenses": 0, "sellingAndMarketingExpenses": 0, "sellingGeneralAndAdministrativeExpenses": 693863500, "otherExpenses": 0, "operatingExpenses": 775404000, "costAndExpenses": 2790069750, "interestIncome": 37693250, "interestExpense": 18447360, "depreciationAndAmortization": 122310750, "ebitda": 495397000, "ebitdaratio": 0.1607588617, "operatingIncome": 373086250, "operatingIncomeRatio": 0.1210683974, "totalOtherIncomeExpensesNet": -119233750, "incomeBeforeTax": 253852500, "incomeBeforeTaxRatio": 0.0823764353, "incomeTaxExpense": 66924750, "netIncome": 186927750, "netIncomeRatio": 0.0606590115, "eps": 0.67, "epsdiluted": 0.67, "weightedAverageShsOut": 279310344, "weightedAverageShsOutDil": 281000000, "link": null, "finalLink": null}, {"date": "2012-12-31", "symbol": "CCEP", "reportedCurrency": "EUR", "cik": "0001650107", "fillingDate": "2012-12-31", "acceptedDate": "2012-12-31 00:00:00", "calendarYear": "2012", "period": "Q4", "revenue": 3224273400, "costOfRevenue": 2017117900, "grossProfit": 1207155500, "grossProfitRatio": 0.3743961353, "researchAndDevelopmentExpenses": 0, "generalAndAdministrativeExpenses": 730523780, "sellingAndMarketingExpenses": 730523780, "sellingGeneralAndAdministrativeExpenses": 730523780, "otherExpenses": 1557620, "operatingExpenses": 730523780, "costAndExpenses": 2747641680, "interestIncome": 0, "interestExpense": 35825260, "depreciationAndAmortization": 123957640, "ebitda": 602146980, "ebitdaratio": 0.186754318, "operatingIncome": 476631720, "operatingIncomeRatio": 0.147826087, "totalOtherIncomeExpensesNet": 1557620, "incomeBeforeTax": 442364080, "incomeBeforeTaxRatio": 0.1371980676, "incomeTaxExpense": 32710020, "netIncome": 409654060, "netIncomeRatio": 0.1270531401, "eps": 1.4, "epsdiluted": 1.38, "weightedAverageShsOut": 582000000, "weightedAverageShsOutDil": 594000000, "link": null, "finalLink": null}, {"date": "2012-06-30", "symbol": "CCEP", "reportedCurrency": "EUR", "cik": "0001650107", "fillingDate": "2012-06-30", "acceptedDate": "2012-06-30 00:00:00", "calendarYear": "2012", "period": "Q2", "revenue": 2800617680, "costOfRevenue": 1817103120, "grossProfit": 983514560, "grossProfitRatio": 0.3511777302, "researchAndDevelopmentExpenses": 0, "generalAndAdministrativeExpenses": 727141100, "sellingAndMarketingExpenses": 727141100, "sellingGeneralAndAdministrativeExpenses": 727141100, "otherExpenses": 1499260, "operatingExpenses": 727141100, "costAndExpenses": 2544244220, "interestIncome": 0, "interestExpense": 34482980, "depreciationAndAmortization": 128936360, "ebitda": 386809080, "ebitdaratio": 0.1381156317, "operatingIncome": 256373460, "operatingIncomeRatio": 0.0915417559, "totalOtherIncomeExpensesNet": 1499260, "incomeBeforeTax": 223389740, "incomeBeforeTaxRatio": 0.079764454, "incomeTaxExpense": 59970400, "netIncome": 163419340, "netIncomeRatio": 0.0583511777, "eps": 0.54, "epsdiluted": 0.52, "weightedAverageShsOut": 604000000, "weightedAverageShsOutDil": 620000000, "link": null, "finalLink": null}, {"date": "2011-12-31", "symbol": "CCEP", "reportedCurrency": "EUR", "cik": "0001650107", "fillingDate": "2011-12-31", "acceptedDate": "2011-12-31 00:00:00", "calendarYear": "2011", "period": "Q4", "revenue": 3151278400, "costOfRevenue": 1961449920, "grossProfit": 1189828480, "grossProfitRatio": 0.3775700935, "researchAndDevelopmentExpenses": 0, "generalAndAdministrativeExpenses": 703883680, "sellingAndMarketingExpenses": 703883680, "sellingGeneralAndAdministrativeExpenses": 703883680, "otherExpenses": -1472560, "operatingExpenses": 703883680, "costAndExpenses": 2665333600, "interestIncome": 0, "interestExpense": 33868880, "depreciationAndAmortization": 132465460, "ebitda": 616937700, "ebitdaratio": 0.195773785, "operatingIncome": 485944800, "operatingIncomeRatio": 0.1542056075, "totalOtherIncomeExpensesNet": -1472560, "incomeBeforeTax": 450603360, "incomeBeforeTaxRatio": 0.1429906542, "incomeTaxExpense": 32396320, "netIncome": 418207040, "netIncomeRatio": 0.1327102804, "eps": 1.32, "epsdiluted": 1.3, "weightedAverageShsOut": 630000000, "weightedAverageShsOutDil": 648000000, "link": null, "finalLink": null}, {"date": "2011-06-30", "symbol": "CCEP", "reportedCurrency": "EUR", "cik": "0001650107", "fillingDate": "2011-06-30", "acceptedDate": "2011-06-30 00:00:00", "calendarYear": "2011", "period": "Q2", "revenue": 2612062880, "costOfRevenue": 1675743160, "grossProfit": 936319720, "grossProfitRatio": 0.3584598698, "researchAndDevelopmentExpenses": 0, "generalAndAdministrativeExpenses": 704010440, "sellingAndMarketingExpenses": 704010440, "sellingGeneralAndAdministrativeExpenses": 704010440, "otherExpenses": -1416520, "operatingExpenses": 704010440, "costAndExpenses": 2379753600, "interestIncome": 0, "interestExpense": 26913880, "depreciationAndAmortization": 110488560, "ebitda": 341381320, "ebitdaratio": 0.1306941432, "operatingIncome": 232309280, "operatingIncomeRatio": 0.0889370933, "totalOtherIncomeExpensesNet": -1416520, "incomeBeforeTax": 203978880, "incomeBeforeTaxRatio": 0.0780911063, "incomeTaxExpense": 53827760, "netIncome": 150151120, "netIncomeRatio": 0.057483731, "eps": 0.46, "epsdiluted": 0.44, "weightedAverageShsOut": 658000000, "weightedAverageShsOutDil": 676000000, "link": null, "finalLink": null}, {"date": "2010-12-31", "symbol": "CCEP", "reportedCurrency": "EUR", "cik": "0001650107", "fillingDate": "2010-12-31", "acceptedDate": "2010-12-31 00:00:00", "calendarYear": "2010", "period": "Q4", "revenue": 2466968360, "costOfRevenue": 1513054360, "grossProfit": 953914000, "grossProfitRatio": 0.3866745985, "researchAndDevelopmentExpenses": 0, "generalAndAdministrativeExpenses": 595829360, "sellingAndMarketingExpenses": 0, "sellingGeneralAndAdministrativeExpenses": 595829360, "otherExpenses": 0, "operatingExpenses": 595829360, "costAndExpenses": 2108883720, "interestIncome": 0, "interestExpense": 29351200, "depreciationAndAmortization": 69437520, "ebitda": 427522160, "ebitdaratio": 0.1732985988, "operatingIncome": 358084640, "operatingIncomeRatio": 0.1451516954, "totalOtherIncomeExpensesNet": -1431340, "incomeBeforeTax": 328733440, "incomeBeforeTaxRatio": 0.1332540155, "incomeTaxExpense": 23480960, "netIncome": 305252480, "netIncomeRatio": 0.1237358715, "eps": 0.9, "epsdiluted": 0.9, "weightedAverageShsOut": 677573342, "weightedAverageShsOutDil": 677573342, "link": null, "finalLink": null}, {"date": "2010-06-30", "symbol": "CCEP", "reportedCurrency": "EUR", "cik": "0001650107", "fillingDate": "2010-06-30", "acceptedDate": "2010-06-30 00:00:00", "calendarYear": "2010", "period": "Q2", "revenue": 2273852880, "costOfRevenue": 1449053460, "grossProfit": 824799420, "grossProfitRatio": 0.3627320955, "researchAndDevelopmentExpenses": 0, "generalAndAdministrativeExpenses": 572986800, "sellingAndMarketingExpenses": 0, "sellingGeneralAndAdministrativeExpenses": 572986800, "otherExpenses": 0, "operatingExpenses": 572986800, "costAndExpenses": 2022040260, "interestIncome": 0, "interestExpense": 31665060, "depreciationAndAmortization": 101026620, "ebitda": 352839240, "ebitdaratio": 0.1551724138, "operatingIncome": 251812620, "operatingIncomeRatio": 0.1107427056, "totalOtherIncomeExpensesNet": 4523580, "incomeBeforeTax": 220147560, "incomeBeforeTaxRatio": 0.0968169761, "incomeTaxExpense": 39204360, "netIncome": 180943200, "netIncomeRatio": 0.0795755968, "eps": 0.36, "epsdiluted": 0.36, "weightedAverageShsOut": 988000000, "weightedAverageShsOutDil": 1008000000, "link": null, "finalLink": null}, {"date": "2009-12-31", "symbol": "CCEP", "reportedCurrency": "EUR", "cik": "0001650107", "fillingDate": "2009-12-31", "acceptedDate": "2009-12-31 00:00:00", "calendarYear": "2009", "period": "Q4", "revenue": 7553672100, "costOfRevenue": 4652950340, "grossProfit": 2900721760, "grossProfitRatio": 0.384014784, "researchAndDevelopmentExpenses": 0, "generalAndAdministrativeExpenses": 2367829300, "sellingAndMarketingExpenses": 0, "sellingGeneralAndAdministrativeExpenses": 2367829300, "otherExpenses": 0, "operatingExpenses": 2367829300, "costAndExpenses": 7020779640, "interestIncome": 0, "interestExpense": 200314520, "depreciationAndAmortization": 363986140, "ebitda": 380388200, "ebitdaratio": 0.0503580504, "operatingIncome": 532892460, "operatingIncomeRatio": 0.0705474705, "totalOtherIncomeExpensesNet": 55138840, "incomeBeforeTax": 336067740, "incomeBeforeTaxRatio": 0.0444906445, "incomeTaxExpense": 80963360, "netIncome": 201012480, "netIncomeRatio": 0.0266112266, "eps": 0.410229551, "epsdiluted": 0.4036395181, "weightedAverageShsOut": 490000000, "weightedAverageShsOutDil": 498000000, "link": null, "finalLink": null}, {"date": "2009-06-30", "symbol": "CCEP", "reportedCurrency": "EUR", "cik": "0001650107", "fillingDate": "2009-06-30", "acceptedDate": "2009-06-30 00:00:00", "calendarYear": "2009", "period": "Q2", "revenue": 7553672100, "costOfRevenue": 4652950340, "grossProfit": 2900721760, "grossProfitRatio": 0.384014784, "researchAndDevelopmentExpenses": 0, "generalAndAdministrativeExpenses": 2367829300, "sellingAndMarketingExpenses": 0, "sellingGeneralAndAdministrativeExpenses": 2367829300, "otherExpenses": 0, "operatingExpenses": 2367829300, "costAndExpenses": 7020779640, "interestIncome": 0, "interestExpense": 200314520, "depreciationAndAmortization": 363986140, "ebitda": 380388200, "ebitdaratio": 0.0503580504, "operatingIncome": 532892460, "operatingIncomeRatio": 0.0705474705, "totalOtherIncomeExpensesNet": 55138840, "incomeBeforeTax": 336067740, "incomeBeforeTaxRatio": 0.0444906445, "incomeTaxExpense": 80963360, "netIncome": 201012480, "netIncomeRatio": 0.0266112266, "eps": 0.4127566324, "epsdiluted": 0.410229551, "weightedAverageShsOut": 487000000, "weightedAverageShsOutDil": 490000000, "link": null, "finalLink": null}, {"date": "2008-12-31", "symbol": "CCEP", "reportedCurrency": "EUR", "cik": "0001650107", "fillingDate": "2008-12-31", "acceptedDate": "2008-12-31 00:00:00", "calendarYear": "2008", "period": "Q4", "revenue": 3912236480, "costOfRevenue": 2463293600, "grossProfit": 1448942880, "grossProfitRatio": 0.3703617834, "researchAndDevelopmentExpenses": 0, "generalAndAdministrativeExpenses": 0, "sellingAndMarketingExpenses": 0, "sellingGeneralAndAdministrativeExpenses": 1268819070, "otherExpenses": 0, "operatingExpenses": 3001925240, "costAndExpenses": 5465218840, "interestIncome": 0, "interestExpense": 0, "depreciationAndAmortization": 196061510, "ebitda": -1356920850, "ebitdaratio": -0.3468401915, "operatingIncome": -1552982360, "operatingIncomeRatio": -0.396955135, "totalOtherIncomeExpensesNet": -118943340, "incomeBeforeTax": -1671925700, "incomeBeforeTaxRatio": -0.4273580364, "incomeTaxExpense": -603630620, "netIncome": -1068295080, "netIncomeRatio": -0.2730650577, "eps": -2.2, "epsdiluted": -2.2, "weightedAverageShsOut": 485000000, "weightedAverageShsOutDil": 485000000, "link": null, "finalLink": null}, {"date": "2008-06-30", "symbol": "CCEP", "reportedCurrency": "EUR", "cik": "0001650107", "fillingDate": "2008-06-30", "acceptedDate": "2008-06-30 00:00:00", "calendarYear": "2008", "period": "Q2", "revenue": 3771395750, "costOfRevenue": 2370863950, "grossProfit": 1400531800, "grossProfitRatio": 0.3713563606, "researchAndDevelopmentExpenses": 0, "generalAndAdministrativeExpenses": 0, "sellingAndMarketingExpenses": 0, "sellingGeneralAndAdministrativeExpenses": 1085348600, "otherExpenses": 0, "operatingExpenses": 1085348600, "costAndExpenses": 3456212550, "interestIncome": 0, "interestExpense": 94046600, "depreciationAndAmortization": 169608260, "ebitda": -2867207290, "ebitdaratio": -0.7602509734, "operatingIncome": -3039357350, "operatingIncomeRatio": -0.8058972199, "totalOtherIncomeExpensesNet": -91504800, "incomeBeforeTax": -3130862150, "incomeBeforeTaxRatio": -0.8301600674, "incomeTaxExpense": -1119027450, "netIncome": -2011834700, "netIncomeRatio": -0.5334456613, "eps": -4.15, "epsdiluted": -4.15, "weightedAverageShsOut": 485000000, "weightedAverageShsOutDil": 485000000, "link": null, "finalLink": null}, {"date": "2007-12-31", "symbol": "CCEP", "reportedCurrency": "EUR", "cik": "0001650107", "fillingDate": "2007-12-31", "acceptedDate": "2007-12-31 00:00:00", "calendarYear": "2007", "period": "Q4", "revenue": 7575323700, "costOfRevenue": 4653112800, "grossProfit": 2922210900, "grossProfitRatio": 0.3857539315, "researchAndDevelopmentExpenses": 0, "generalAndAdministrativeExpenses": 0, "sellingAndMarketingExpenses": 0, "sellingGeneralAndAdministrativeExpenses": 2291517900, "otherExpenses": 0, "operatingExpenses": 2291517900, "costAndExpenses": 6944630700, "interestIncome": 0, "interestExpense": 0, "depreciationAndAmortization": 327531480, "ebitda": 945610620, "ebitdaratio": 0.1248277509, "operatingIncome": 630693000, "operatingIncomeRatio": 0.0832562442, "totalOtherIncomeExpensesNet": 12613860, "incomeBeforeTax": 426068160, "incomeBeforeTaxRatio": 0.0562442183, "incomeTaxExpense": 50455440, "netIncome": 375612720, "netIncomeRatio": 0.0495837188, "eps": 0.78, "epsdiluted": 0.76, "weightedAverageShsOut": 962000000, "weightedAverageShsOutDil": 976000000, "link": null, "finalLink": null}, {"date": "2007-06-30", "symbol": "CCEP", "reportedCurrency": "EUR", "cik": "0001650107", "fillingDate": "2007-06-30", "acceptedDate": "2007-06-30 00:00:00", "calendarYear": "2007", "period": "Q2", "revenue": 6837347040, "costOfRevenue": 4184450400, "grossProfit": 2652896640, "grossProfitRatio": 0.3880008758, "researchAndDevelopmentExpenses": 0, "generalAndAdministrativeExpenses": 0, "sellingAndMarketingExpenses": 0, "sellingGeneralAndAdministrativeExpenses": 2366946720, "otherExpenses": 0, "operatingExpenses": 2366946720, "costAndExpenses": 6551397120, "interestIncome": 0, "interestExpense": 0, "depreciationAndAmortization": 392245440, "ebitda": 699155040, "ebitdaratio": 0.1022553098, "operatingIncome": 285949920, "operatingIncomeRatio": 0.0418217648, "totalOtherIncomeExpensesNet": -20959680, "incomeBeforeTax": 31439520, "incomeBeforeTaxRatio": 0.0045982045, "incomeTaxExpense": 8982720, "netIncome": 22456800, "netIncomeRatio": 0.0032844318, "eps": 0.047, "epsdiluted": 0.0464, "weightedAverageShsOut": 956000000, "weightedAverageShsOutDil": 966000000, "link": null, "finalLink": null}, {"date": "2006-12-31", "symbol": "CCEP", "reportedCurrency": "EUR", "cik": "0001650107", "fillingDate": "2006-12-31", "acceptedDate": "2006-12-31 00:00:00", "calendarYear": "2006", "period": "Q4", "revenue": 7502646380, "costOfRevenue": 4540836170, "grossProfit": 2961810210, "grossProfitRatio": 0.3947687336, "researchAndDevelopmentExpenses": 0, "generalAndAdministrativeExpenses": 0, "sellingAndMarketingExpenses": 0, "sellingGeneralAndAdministrativeExpenses": 2421198395, "otherExpenses": 3528183485, "operatingExpenses": 3528183485, "costAndExpenses": 8069019655, "interestIncome": 0, "interestExpense": 0, "depreciationAndAmortization": 383391140, "ebitda": -182982135, "ebitdaratio": -0.0243890123, "operatingIncome": -566373275, "operatingIncomeRatio": -0.0754898, "totalOtherIncomeExpensesNet": -236020435, "incomeBeforeTax": -802393710, "incomeBeforeTaxRatio": -0.1069480913, "incomeTaxExpense": -369373875, "netIncome": -433019835, "netIncomeRatio": -0.057715613, "eps": -1, "epsdiluted": -1, "weightedAverageShsOut": 478000000, "weightedAverageShsOutDil": 478000000, "link": null, "finalLink": null}, {"date": "2006-06-30", "symbol": "CCEP", "reportedCurrency": "EUR", "cik": "0001650107", "fillingDate": "2006-06-30", "acceptedDate": "2006-06-30 00:00:00", "calendarYear": "2006", "period": "Q2", "revenue": 7502646380, "costOfRevenue": 4540836170, "grossProfit": 2961810210, "grossProfitRatio": 0.3947687336, "researchAndDevelopmentExpenses": 0, "generalAndAdministrativeExpenses": 0, "sellingAndMarketingExpenses": 0, "sellingGeneralAndAdministrativeExpenses": 2421198395, "otherExpenses": 3528183485, "operatingExpenses": 3528183485, "costAndExpenses": 8069019655, "interestIncome": 0, "interestExpense": 0, "depreciationAndAmortization": 383391140, "ebitda": -182982135, "ebitdaratio": -0.0243890123, "operatingIncome": -566373275, "operatingIncomeRatio": -0.0754898, "totalOtherIncomeExpensesNet": -236020435, "incomeBeforeTax": -802393710, "incomeBeforeTaxRatio": -0.1069480913, "incomeTaxExpense": -369373875, "netIncome": -433019835, "netIncomeRatio": -0.057715613, "eps": -1, "epsdiluted": -1, "weightedAverageShsOut": 474000000, "weightedAverageShsOutDil": 480000000, "link": null, "finalLink": null}, {"date": "2005-12-31", "symbol": "CCEP", "reportedCurrency": "EUR", "cik": "0001650107", "fillingDate": "2005-12-31", "acceptedDate": "2005-12-31 00:00:00", "calendarYear": "2005", "period": "Q4", "revenue": 8140674860, "costOfRevenue": 4844175320, "grossProfit": 3296499540, "grossProfitRatio": 0.4049418011, "researchAndDevelopmentExpenses": 0, "generalAndAdministrativeExpenses": 0, "sellingAndMarketingExpenses": 0, "sellingGeneralAndAdministrativeExpenses": 2589988040, "otherExpenses": 0, "operatingExpenses": 2589988040, "costAndExpenses": 7434163360, "interestIncome": 0, "interestExpense": 0, "depreciationAndAmortization": 442613220, "ebitda": 1152449480, "ebitdaratio": 0.1415668234, "operatingIncome": 706511500, "operatingIncomeRatio": 0.0867878293, "totalOtherIncomeExpensesNet": -3324760, "incomeBeforeTax": 443855460, "incomeBeforeTaxRatio": 0.0545231775, "incomeTaxExpense": 124678500, "netIncome": 319176960, "netIncomeRatio": 0.0392076782, "eps": 0.68, "epsdiluted": 0.68, "weightedAverageShsOut": 944000000, "weightedAverageShsOutDil": 952000000, "link": null, "finalLink": null}, {"date": "2005-06-30", "symbol": "CCEP", "reportedCurrency": "EUR", "cik": "0001650107", "fillingDate": "2005-06-30", "acceptedDate": "2005-06-30 00:00:00", "calendarYear": "2005", "period": "Q2", "revenue": 6484640580, "costOfRevenue": 3884921480, "grossProfit": 2599719100, "grossProfitRatio": 0.4009041161, "researchAndDevelopmentExpenses": 0, "generalAndAdministrativeExpenses": 0, "sellingAndMarketingExpenses": 0, "sellingGeneralAndAdministrativeExpenses": 2260289900, "otherExpenses": 0, "operatingExpenses": 2260289900, "costAndExpenses": 6145211380, "interestIncome": 0, "interestExpense": 0, "depreciationAndAmortization": 405772180, "ebitda": 746744240, "ebitdaratio": 0.1151558411, "operatingIncome": 339429200, "operatingIncomeRatio": 0.0523435641, "totalOtherIncomeExpensesNet": -1542860, "incomeBeforeTax": 95657320, "incomeBeforeTaxRatio": 0.0147513681, "incomeTaxExpense": 24685760, "netIncome": 70971560, "netIncomeRatio": 0.0109445634, "eps": 0.151, "epsdiluted": 0.1494, "weightedAverageShsOut": 940000000, "weightedAverageShsOutDil": 950000000, "link": null, "finalLink": null}, {"date": "2004-12-31", "symbol": "CCEP", "reportedCurrency": "EUR", "cik": "0001650107", "fillingDate": "2004-12-31", "acceptedDate": "2004-12-31 00:00:00", "calendarYear": "2004", "period": "Q4", "revenue": 7511041200, "costOfRevenue": 4440681960, "grossProfit": 3070359240, "grossProfitRatio": 0.4087794433, "researchAndDevelopmentExpenses": 0, "generalAndAdministrativeExpenses": 0, "sellingAndMarketingExpenses": 0, "sellingGeneralAndAdministrativeExpenses": 2348205600, "otherExpenses": 0, "operatingExpenses": 2348205600, "costAndExpenses": 6788887560, "interestIncome": 0, "interestExpense": 0, "depreciationAndAmortization": 406680960, "ebitda": 1125617880, "ebitdaratio": 0.1498617635, "operatingIncome": 722153640, "operatingIncomeRatio": 0.0961456103, "totalOtherIncomeExpensesNet": 3216720, "incomeBeforeTax": 480899640, "incomeBeforeTaxRatio": 0.0640256959, "incomeTaxExpense": 147969120, "netIncome": 332930520, "netIncomeRatio": 0.0443254818, "eps": 0.7, "epsdiluted": 0.7, "weightedAverageShsOut": 938000000, "weightedAverageShsOutDil": 948000000, "link": null, "finalLink": null}, {"date": "2004-06-30", "symbol": "CCEP", "reportedCurrency": "EUR", "cik": "0001650107", "fillingDate": "2004-06-30", "acceptedDate": "2004-06-30 00:00:00", "calendarYear": "2004", "period": "Q2", "revenue": 6882876800, "costOfRevenue": 3993367200, "grossProfit": 2889509600, "grossProfitRatio": 0.4198113208, "researchAndDevelopmentExpenses": 0, "generalAndAdministrativeExpenses": 0, "sellingAndMarketingExpenses": 0, "sellingGeneralAndAdministrativeExpenses": 2396020320, "otherExpenses": 0, "operatingExpenses": 2396020320, "costAndExpenses": 6389387520, "interestIncome": 0, "interestExpense": 0, "depreciationAndAmortization": 422063200, "ebitda": 913929160, "ebitdaratio": 0.1327830189, "operatingIncome": 493489280, "operatingIncomeRatio": 0.0716981132, "totalOtherIncomeExpensesNet": 1623320, "incomeBeforeTax": 241874680, "incomeBeforeTaxRatio": 0.0351415094, "incomeTaxExpense": 73049400, "netIncome": 168825280, "netIncomeRatio": 0.0245283019, "eps": 0.36, "epsdiluted": 0.36, "weightedAverageShsOut": 918000000, "weightedAverageShsOutDil": 934000000, "link": null, "finalLink": null}, {"date": "2003-12-31", "symbol": "CCEP", "reportedCurrency": "EUR", "cik": "0001650107", "fillingDate": "2003-12-31", "acceptedDate": "2003-12-31 00:00:00", "calendarYear": "2003", "period": "Q4", "revenue": 8122123800, "costOfRevenue": 4766214600, "grossProfit": 3355909200, "grossProfitRatio": 0.4131812421, "researchAndDevelopmentExpenses": 0, "generalAndAdministrativeExpenses": 0, "sellingAndMarketingExpenses": 0, "sellingGeneralAndAdministrativeExpenses": 2456882400, "otherExpenses": 0, "operatingExpenses": 2456882400, "costAndExpenses": 7223097000, "interestIncome": 0, "interestExpense": 0, "depreciationAndAmortization": 342786420, "ebitda": 1245244620, "ebitdaratio": 0.1533151489, "operatingIncome": 899026800, "operatingIncomeRatio": 0.1106886354, "totalOtherIncomeExpensesNet": -3431400, "incomeBeforeTax": 638240400, "incomeBeforeTaxRatio": 0.0785804816, "incomeTaxExpense": 193874100, "netIncome": 444366300, "netIncomeRatio": 0.0547106041, "eps": 0.98, "epsdiluted": 0.96, "weightedAverageShsOut": 908771930, "weightedAverageShsOutDil": 925000000, "link": null, "finalLink": null}, {"date": "2003-06-30", "symbol": "CCEP", "reportedCurrency": "EUR", "cik": "0001650107", "fillingDate": "2003-06-30", "acceptedDate": "2003-06-30 00:00:00", "calendarYear": "2003", "period": "Q2", "revenue": 6712443500, "costOfRevenue": 3931914000, "grossProfit": 2780529500, "grossProfitRatio": 0.4142350695, "researchAndDevelopmentExpenses": 0, "generalAndAdministrativeExpenses": 0, "sellingAndMarketingExpenses": 0, "sellingGeneralAndAdministrativeExpenses": 2454700500, "otherExpenses": 0, "operatingExpenses": 2454700500, "costAndExpenses": 6386614500, "interestIncome": 0, "interestExpense": 0, "depreciationAndAmortization": 499726500, "ebitda": 818233500, "ebitdaratio": 0.1218980093, "operatingIncome": 325829000, "operatingIncomeRatio": 0.0485410417, "totalOtherIncomeExpensesNet": 7322000, "incomeBeforeTax": 76881000, "incomeBeforeTaxRatio": 0.0114535042, "incomeTaxExpense": 25627000, "netIncome": 51254000, "netIncomeRatio": 0.0076356695, "eps": 0.1134, "epsdiluted": 0.1114, "weightedAverageShsOut": 904000000, "weightedAverageShsOutDil": 920000000, "link": null, "finalLink": null}, {"date": "2002-12-31", "symbol": "CCEP", "reportedCurrency": "EUR", "cik": "0001650107", "fillingDate": "2002-12-31", "acceptedDate": "2002-12-31 00:00:00", "calendarYear": "2002", "period": "Q4", "revenue": 8765584960, "costOfRevenue": 5160515360, "grossProfit": 3605069600, "grossProfitRatio": 0.4112754159, "researchAndDevelopmentExpenses": 0, "generalAndAdministrativeExpenses": 0, "sellingAndMarketingExpenses": 0, "sellingGeneralAndAdministrativeExpenses": 2711903480, "otherExpenses": 0, "operatingExpenses": 2711903480, "costAndExpenses": 7872418840, "interestIncome": 0, "interestExpense": 0, "depreciationAndAmortization": 536754440, "ebitda": 1425869920, "ebitdaratio": 0.1626668302, "operatingIncome": 893166120, "operatingIncomeRatio": 0.1018946396, "totalOtherIncomeExpensesNet": 4050640, "incomeBeforeTax": 561013640, "incomeBeforeTaxRatio": 0.0640018484, "incomeTaxExpense": 174177520, "netIncome": 386836120, "netIncomeRatio": 0.0441312384, "eps": 0.86, "epsdiluted": 0.84, "weightedAverageShsOut": 900000000, "weightedAverageShsOutDil": 916000000, "link": null, "finalLink": null}, {"date": "2002-06-30", "symbol": "CCEP", "reportedCurrency": "EUR", "cik": "0001650107", "fillingDate": "2002-06-30", "acceptedDate": "2002-06-30 00:00:00", "calendarYear": "2002", "period": "Q2", "revenue": 7953083600, "costOfRevenue": 4733759800, "grossProfit": 3219323800, "grossProfitRatio": 0.4047893826, "researchAndDevelopmentExpenses": 0, "generalAndAdministrativeExpenses": 0, "sellingAndMarketingExpenses": 0, "sellingGeneralAndAdministrativeExpenses": 2806295800, "otherExpenses": 0, "operatingExpenses": 2806295800, "costAndExpenses": 7540055600, "interestIncome": 0, "interestExpense": 0, "depreciationAndAmortization": 571355400, "ebitda": 984383400, "ebitdaratio": 0.1237738027, "operatingIncome": 413028000, "operatingIncomeRatio": 0.0519330641, "totalOtherIncomeExpensesNet": -376314400, "incomeBeforeTax": 36713600, "incomeBeforeTaxRatio": 0.0046162724, "incomeTaxExpense": 13767600, "netIncome": 22946000, "netIncomeRatio": 0.0028851702, "eps": 0.0514, "epsdiluted": 0.0506, "weightedAverageShsOut": 894000000, "weightedAverageShsOutDil": 906000000, "link": null, "finalLink": null}, {"date": "2001-12-31", "symbol": "CCEP", "reportedCurrency": "EUR", "cik": "0001650107", "fillingDate": "2001-12-31", "acceptedDate": "2001-12-31 00:00:00", "calendarYear": "2001", "period": "Q4", "revenue": 9330450000, "costOfRevenue": 5839764000, "grossProfit": 3490686000, "grossProfitRatio": 0.3741176471, "researchAndDevelopmentExpenses": 0, "generalAndAdministrativeExpenses": 0, "sellingAndMarketingExpenses": 0, "sellingGeneralAndAdministrativeExpenses": 3018675000, "otherExpenses": 0, "operatingExpenses": 3018675000, "costAndExpenses": 8858439000, "interestIncome": 0, "interestExpense": 0, "depreciationAndAmortization": 644167800, "ebitda": 1113983400, "ebitdaratio": 0.119392248, "operatingIncome": 472011000, "operatingIncomeRatio": 0.0505882353, "totalOtherIncomeExpensesNet": 2195400, "incomeBeforeTax": 59275800, "incomeBeforeTaxRatio": 0.0063529412, "incomeTaxExpense": 35126400, "netIncome": 24149400, "netIncomeRatio": 0.0025882353, "eps": 0.0546, "epsdiluted": 0.0538, "weightedAverageShsOut": 884000000, "weightedAverageShsOutDil": 898000000, "link": null, "finalLink": null}, {"date": "2001-06-30", "symbol": "CCEP", "reportedCurrency": "EUR", "cik": "0001650107", "fillingDate": "2001-06-30", "acceptedDate": "2001-06-30 00:00:00", "calendarYear": "2001", "period": "Q2", "revenue": 7607289200, "costOfRevenue": 4721450800, "grossProfit": 2885838400, "grossProfitRatio": 0.3793517407, "researchAndDevelopmentExpenses": 0, "generalAndAdministrativeExpenses": 0, "sellingAndMarketingExpenses": 0, "sellingGeneralAndAdministrativeExpenses": 2794514400, "otherExpenses": 0, "operatingExpenses": 2794514400, "costAndExpenses": 7515965200, "interestIncome": 0, "interestExpense": 0, "depreciationAndAmortization": 744290600, "ebitda": 835614600, "ebitdaratio": 0.1098439376, "operatingIncome": 91324000, "operatingIncomeRatio": 0.0120048019, "totalOtherIncomeExpensesNet": -436072100, "incomeBeforeTax": -344748100, "incomeBeforeTaxRatio": -0.0453181273, "incomeTaxExpense": -118721200, "netIncome": -915523100, "netIncomeRatio": -0.1203481393, "eps": -2.2, "epsdiluted": -2.2, "weightedAverageShsOut": 836000000, "weightedAverageShsOutDil": 836000000, "link": null, "finalLink": null}, {"date": "2000-12-31", "symbol": "CCEP", "reportedCurrency": "EUR", "cik": "0001650107", "fillingDate": "2000-12-31", "acceptedDate": "2000-12-31 00:00:00", "calendarYear": "2000", "period": "Q4", "revenue": 8769993760, "costOfRevenue": 5369013760, "grossProfit": 3400980000, "grossProfitRatio": 0.3877973113, "researchAndDevelopmentExpenses": 0, "generalAndAdministrativeExpenses": 0, "sellingAndMarketingExpenses": 0, "sellingGeneralAndAdministrativeExpenses": 2505388600, "otherExpenses": 0, "operatingExpenses": 2505388600, "costAndExpenses": 7874402360, "interestIncome": 0, "interestExpense": 0, "depreciationAndAmortization": 821621020, "ebitda": 1717212420, "ebitdaratio": 0.1958054324, "operatingIncome": 895591400, "operatingIncomeRatio": 0.1021199586, "totalOtherIncomeExpensesNet": -446662040, "incomeBeforeTax": 448929360, "incomeBeforeTaxRatio": 0.0511892451, "incomeTaxExpense": 151910440, "netIncome": 297018920, "netIncomeRatio": 0.0338676319, "eps": 0.7, "epsdiluted": 0.68, "weightedAverageShsOut": 838709678, "weightedAverageShsOutDil": 866666666, "link": null, "finalLink": null}, {"date": "2000-06-30", "symbol": "CCEP", "reportedCurrency": "EUR", "cik": "0001650107", "fillingDate": "2000-06-30", "acceptedDate": "2000-06-30 00:00:00", "calendarYear": "2000", "period": "Q2", "revenue": 6890931800, "costOfRevenue": 4210311200, "grossProfit": 2680620600, "grossProfitRatio": 0.3890069845, "researchAndDevelopmentExpenses": 0, "generalAndAdministrativeExpenses": 0, "sellingAndMarketingExpenses": 0, "sellingGeneralAndAdministrativeExpenses": 2379286200, "otherExpenses": 0, "operatingExpenses": 2379286200, "costAndExpenses": 6589597400, "interestIncome": 0, "interestExpense": 0, "depreciationAndAmortization": 665446800, "ebitda": 964688600, "ebitdaratio": 0.1399939265, "operatingIncome": 301334400, "operatingIncomeRatio": 0.0437291224, "totalOtherIncomeExpensesNet": 2092600, "incomeBeforeTax": -106722600, "incomeBeforeTaxRatio": -0.0154873975, "incomeTaxExpense": -35574200, "netIncome": -71148400, "netIncomeRatio": -0.0103249317, "eps": -0.169, "epsdiluted": -0.169, "weightedAverageShsOut": 842000000, "weightedAverageShsOutDil": 842000000, "link": null, "finalLink": null}, {"date": "1999-12-31", "symbol": "CCEP", "reportedCurrency": "EUR", "cik": "0001650107", "fillingDate": "1999-12-31", "acceptedDate": "1999-12-31 00:00:00", "calendarYear": "1999", "period": "Q4", "revenue": 7166115360, "costOfRevenue": 4414521600, "grossProfit": 2751593760, "grossProfitRatio": 0.383972853, "researchAndDevelopmentExpenses": 0, "generalAndAdministrativeExpenses": 0, "sellingAndMarketingExpenses": 0, "sellingGeneralAndAdministrativeExpenses": 2113732800, "otherExpenses": 0, "operatingExpenses": 2113732800, "costAndExpenses": 6528254400, "interestIncome": 0, "interestExpense": 0, "depreciationAndAmortization": 593762680, "ebitda": 1231623640, "ebitdaratio": 0.1718676826, "operatingIncome": 637860960, "operatingIncomeRatio": 0.0890107022, "totalOtherIncomeExpensesNet": -347924160, "incomeBeforeTax": 289936800, "incomeBeforeTaxRatio": 0.0404594101, "incomeTaxExpense": 95398560, "netIncome": 194538240, "netIncomeRatio": 0.027146959, "eps": 0.46, "epsdiluted": 0.44, "weightedAverageShsOut": 852000000, "weightedAverageShsOutDil": 874000000, "link": null, "finalLink": null}, {"date": "1999-06-30", "symbol": "CCEP", "reportedCurrency": "EUR", "cik": "0001650107", "fillingDate": "1999-06-30", "acceptedDate": "1999-06-30 00:00:00", "calendarYear": "1999", "period": "Q2", "revenue": 6073409720, "costOfRevenue": 3795648840, "grossProfit": 2277760880, "grossProfitRatio": 0.375038238, "researchAndDevelopmentExpenses": 0, "generalAndAdministrativeExpenses": 0, "sellingAndMarketingExpenses": 0, "sellingGeneralAndAdministrativeExpenses": 2101262280, "otherExpenses": 0, "operatingExpenses": 2101262280, "costAndExpenses": 5896911120, "interestIncome": 0, "interestExpense": 0, "depreciationAndAmortization": 598237360, "ebitda": 772878080, "ebitdaratio": 0.1272560416, "operatingIncome": 176498600, "operatingIncomeRatio": 0.0290608749, "totalOtherIncomeExpensesNet": 1857880, "incomeBeforeTax": -169067080, "incomeBeforeTaxRatio": -0.0278372591, "incomeTaxExpense": -55736400, "netIncome": -113330680, "netIncomeRatio": -0.0186601407, "eps": -0.26, "epsdiluted": -0.26, "weightedAverageShsOut": 846000000, "weightedAverageShsOutDil": 846000000, "link": null, "finalLink": null}, {"date": "1998-12-31", "symbol": "CCEP", "reportedCurrency": "EUR", "cik": "0001650107", "fillingDate": "1998-12-31", "acceptedDate": "1998-12-31 00:00:00", "calendarYear": "1998", "period": "Q4", "revenue": 5987298240, "costOfRevenue": 3256696520, "grossProfit": 2730601720, "grossProfitRatio": 0.4560657596, "researchAndDevelopmentExpenses": 0, "generalAndAdministrativeExpenses": 0, "sellingAndMarketingExpenses": 0, "sellingGeneralAndAdministrativeExpenses": 1719142040, "otherExpenses": 0, "operatingExpenses": 2207901080, "costAndExpenses": 5464597600, "interestIncome": 0, "interestExpense": 0, "depreciationAndAmortization": 423562960, "ebitda": 1011459680, "ebitdaratio": 0.1689342404, "operatingIncome": 522700640, "operatingIncomeRatio": 0.0873015873, "totalOtherIncomeExpensesNet": -303777320, "incomeBeforeTax": 218923320, "incomeBeforeTaxRatio": 0.0365646259, "incomeTaxExpense": 22062040, "netIncome": 196861280, "netIncomeRatio": 0.0328798186, "eps": 0.5, "epsdiluted": 0.48, "weightedAverageShsOut": 796000000, "weightedAverageShsOutDil": 820000000, "link": null, "finalLink": null}, {"date": "1998-06-30", "symbol": "CCEP", "reportedCurrency": "EUR", "cik": "0001650107", "fillingDate": "1998-06-30", "acceptedDate": "1998-06-30 00:00:00", "calendarYear": "1998", "period": "Q2", "revenue": 5493065160, "costOfRevenue": 3010229420, "grossProfit": 2482835740, "grossProfitRatio": 0.4519945909, "researchAndDevelopmentExpenses": 0, "generalAndAdministrativeExpenses": 0, "sellingAndMarketingExpenses": 0, "sellingGeneralAndAdministrativeExpenses": 1844020860, "otherExpenses": 0, "operatingExpenses": 2317560960, "costAndExpenses": 5327790380, "interestIncome": 0, "interestExpense": 0, "depreciationAndAmortization": 473540100, "ebitda": 638814880, "ebitdaratio": 0.1162947938, "operatingIncome": 165274780, "operatingIncomeRatio": 0.0300878972, "totalOtherIncomeExpensesNet": -311979360, "incomeBeforeTax": -146704580, "incomeBeforeTaxRatio": -0.0267072346, "incomeTaxExpense": -51996560, "netIncome": -94708020, "netIncomeRatio": -0.0172413793, "eps": -0.24, "epsdiluted": -0.24, "weightedAverageShsOut": 774000000, "weightedAverageShsOutDil": 774000000, "link": null, "finalLink": null}, {"date": "1997-12-31", "symbol": "CCEP", "reportedCurrency": "EUR", "cik": "0001650107", "fillingDate": "1997-12-31", "acceptedDate": "1997-12-31 00:00:00", "calendarYear": "1997", "period": "Q4", "revenue": 5741368080, "costOfRevenue": 3169206320, "grossProfit": 2572161760, "grossProfitRatio": 0.4480050267, "researchAndDevelopmentExpenses": 0, "generalAndAdministrativeExpenses": 0, "sellingAndMarketingExpenses": 0, "sellingGeneralAndAdministrativeExpenses": 1693730640, "otherExpenses": 0, "operatingExpenses": 2162708240, "costAndExpenses": 5331914560, "interestIncome": 0, "interestExpense": 0, "depreciationAndAmortization": 481163800, "ebitda": 890617320, "ebitdaratio": 0.1551228396, "operatingIncome": 409453520, "operatingIncomeRatio": 0.0713163682, "totalOtherIncomeExpensesNet": -257937680, "incomeBeforeTax": 151515840, "incomeBeforeTaxRatio": 0.0263901979, "incomeTaxExpense": -50505280, "netIncome": 202021120, "netIncomeRatio": 0.0351869306, "eps": 0.52, "epsdiluted": 0.5, "weightedAverageShsOut": 772000000, "weightedAverageShsOutDil": 798000000, "link": null, "finalLink": null}, {"date": "1997-06-30", "symbol": "CCEP", "reportedCurrency": "EUR", "cik": "0001650107", "fillingDate": "1997-06-30", "acceptedDate": "1997-06-30 00:00:00", "calendarYear": "1997", "period": "Q2", "revenue": 3691383740, "costOfRevenue": 1939657500, "grossProfit": 1751726240, "grossProfitRatio": 0.4745446053, "researchAndDevelopmentExpenses": 0, "generalAndAdministrativeExpenses": 0, "sellingAndMarketingExpenses": 0, "sellingGeneralAndAdministrativeExpenses": 1279311880, "otherExpenses": 0, "operatingExpenses": 1651726120, "costAndExpenses": 3591383620, "interestIncome": 0, "interestExpense": 0, "depreciationAndAmortization": 372414240, "ebitda": 481035060, "ebitdaratio": 0.1303129379, "operatingIncome": 100000120, "operatingIncomeRatio": 0.0270901448, "totalOtherIncomeExpensesNet": -8620700, "incomeBeforeTax": -93103560, "incomeBeforeTaxRatio": -0.0252218589, "incomeTaxExpense": -36206940, "netIncome": -56896620, "netIncomeRatio": -0.0154133582, "eps": -0.151, "epsdiluted": -0.151, "weightedAverageShsOut": 754000000, "weightedAverageShsOutDil": 754000000, "link": null, "finalLink": null}, {"date": "1996-12-31", "symbol": "CCEP", "reportedCurrency": "EUR", "cik": "0001650107", "fillingDate": "1996-12-31", "acceptedDate": "1996-12-31 00:00:00", "calendarYear": "1996", "period": "Q4", "revenue": 4746566830, "costOfRevenue": 2542514790, "grossProfit": 2204052040, "grossProfitRatio": 0.4643465728, "researchAndDevelopmentExpenses": 0, "generalAndAdministrativeExpenses": 0, "sellingAndMarketingExpenses": 0, "sellingGeneralAndAdministrativeExpenses": 1528795280, "otherExpenses": 2496381290, "operatingExpenses": 1914612290, "costAndExpenses": 4457127080, "interestIncome": 0, "interestExpense": 0, "depreciationAndAmortization": 384931650, "ebitda": 674371400, "ebitdaratio": 0.1420756147, "operatingIncome": 289439750, "operatingIncomeRatio": 0.060978758, "totalOtherIncomeExpensesNet": -214613010, "incomeBeforeTax": 74826740, "incomeBeforeTaxRatio": 0.015764392, "incomeTaxExpense": 30575120, "netIncome": 44251620, "netIncomeRatio": 0.0093228688, "eps": 0.10999999999999999, "epsdiluted": 0.10999999999999999, "weightedAverageShsOut": 375000000, "weightedAverageShsOutDil": 375000000, "link": null, "finalLink": null}, {"date": "1996-06-30", "symbol": "CCEP", "reportedCurrency": "EUR", "cik": "0001650107", "fillingDate": "1996-06-30", "acceptedDate": "1996-06-30 00:00:00", "calendarYear": "1996", "period": "Q2", "revenue": 1617719040, "costOfRevenue": 887498640, "grossProfit": 730220400, "grossProfitRatio": 0.4513888889, "researchAndDevelopmentExpenses": 0, "generalAndAdministrativeExpenses": 0, "sellingAndMarketingExpenses": 0, "sellingGeneralAndAdministrativeExpenses": 463810320, "otherExpenses": 0, "operatingExpenses": 581769000, "costAndExpenses": 1469267640, "interestIncome": 0, "interestExpense": 0, "depreciationAndAmortization": 118844040, "ebitda": 267295440, "ebitdaratio": 0.1652298288, "operatingIncome": 148451400, "operatingIncomeRatio": 0.091765873, "totalOtherIncomeExpensesNet": -67404960, "incomeBeforeTax": 81046440, "incomeBeforeTaxRatio": 0.0500992063, "incomeTaxExpense": 33702480, "netIncome": 47343960, "netIncomeRatio": 0.029265873, "eps": 0.13, "epsdiluted": 0.13, "weightedAverageShsOut": 369000000, "weightedAverageShsOutDil": 369000000, "link": null, "finalLink": null}, {"date": "1995-12-31", "symbol": "CCEP", "reportedCurrency": "EUR", "cik": "0001650107", "fillingDate": "1995-12-31", "acceptedDate": "1995-12-31 00:00:00", "calendarYear": "1995", "period": "Q4", "revenue": 3908645670, "costOfRevenue": 2143874700, "grossProfit": 1764770970, "grossProfitRatio": 0.4515044645, "researchAndDevelopmentExpenses": 0, "generalAndAdministrativeExpenses": 0, "sellingAndMarketingExpenses": 0, "sellingGeneralAndAdministrativeExpenses": 1208253420, "otherExpenses": 2002028970, "operatingExpenses": 1525337050, "costAndExpenses": 3669211750, "interestIncome": 0, "interestExpense": 0, "depreciationAndAmortization": 317524070, "ebitda": 556517550, "ebitdaratio": 0.1423811716, "operatingIncome": 239433920, "operatingIncomeRatio": 0.0612575148, "totalOtherIncomeExpensesNet": -188001130, "incomeBeforeTax": 51432790, "incomeBeforeTaxRatio": 0.0131587241, "incomeTaxExpense": 22066650, "netIncome": 29366140, "netIncomeRatio": 0.0075131241, "eps": 0.08130000000000001, "epsdiluted": 0.08130000000000001, "weightedAverageShsOut": 387000000, "weightedAverageShsOutDil": 387000000, "link": null, "finalLink": null}, {"date": "1995-06-30", "symbol": "CCEP", "reportedCurrency": "EUR", "cik": "0001650107", "fillingDate": "1995-06-30", "acceptedDate": "1995-06-30 00:00:00", "calendarYear": "1995", "period": "Q2", "revenue": 1373684760, "costOfRevenue": 771428880, "grossProfit": 602255880, "grossProfitRatio": 0.4384236453, "researchAndDevelopmentExpenses": 0, "generalAndAdministrativeExpenses": 0, "sellingAndMarketingExpenses": 0, "sellingGeneralAndAdministrativeExpenses": 381203160, "otherExpenses": 0, "operatingExpenses": 476691920, "costAndExpenses": 1248120800, "interestIncome": 0, "interestExpense": 0, "depreciationAndAmortization": 95048320, "ebitda": 221052720, "ebitdaratio": 0.1609195402, "operatingIncome": 125563960, "operatingIncomeRatio": 0.0914066776, "totalOtherIncomeExpensesNet": -63909800, "incomeBeforeTax": 61654160, "incomeBeforeTaxRatio": 0.0448823207, "incomeTaxExpense": 27067680, "netIncome": 34586480, "netIncomeRatio": 0.0251778872, "eps": 0.0887, "epsdiluted": 0.0887, "weightedAverageShsOut": 390000000, "weightedAverageShsOutDil": 390000000, "link": null, "finalLink": null}]