[{"date": "2025-05-30", "symbol": "ADBE", "reportedCurrency": "USD", "cik": "0000796343", "fillingDate": "2025-06-25", "acceptedDate": "2025-06-25 16:02:29", "calendarYear": "2025", "period": "Q2", "revenue": 5873000000, "costOfRevenue": 638000000, "grossProfit": 5235000000, "grossProfitRatio": 0.891367274, "researchAndDevelopmentExpenses": 1082000000, "generalAndAdministrativeExpenses": 377000000, "sellingAndMarketingExpenses": 1626000000, "sellingGeneralAndAdministrativeExpenses": 2003000000, "otherExpenses": 41000000, "operatingExpenses": 3126000000, "costAndExpenses": 3764000000, "interestIncome": 0, "interestExpense": 68000000, "depreciationAndAmortization": 209000000, "ebitda": 2378000000, "ebitdaratio": 0.404903797, "operatingIncome": 2109000000, "operatingIncomeRatio": 0.3591009705, "totalOtherIncomeExpensesNet": -8000000, "incomeBeforeTax": 2101000000, "incomeBeforeTaxRatio": 0.3577388047, "incomeTaxExpense": 410000000, "netIncome": 1691000000, "netIncomeRatio": 0.2879278052, "eps": 3.95, "epsdiluted": 3.95, "weightedAverageShsOut": 432000000, "weightedAverageShsOutDil": 433000000, "link": "https://www.sec.gov/Archives/edgar/data/796343/000079634325000073/0000796343-25-000073-index.htm", "finalLink": "https://www.sec.gov/Archives/edgar/data/796343/000079634325000073/adbe-20250530.htm"}, {"date": "2025-02-28", "symbol": "ADBE", "reportedCurrency": "USD", "cik": "0000796343", "fillingDate": "2025-03-26", "acceptedDate": "2025-03-26 16:03:42", "calendarYear": "2025", "period": "Q1", "revenue": 5714000000, "costOfRevenue": 622000000, "grossProfit": 5092000000, "grossProfitRatio": 0.8911445572, "researchAndDevelopmentExpenses": 1026000000, "generalAndAdministrativeExpenses": 367000000, "sellingAndMarketingExpenses": 1495000000, "sellingGeneralAndAdministrativeExpenses": 1862000000, "otherExpenses": 41000000, "operatingExpenses": 2929000000, "costAndExpenses": 3551000000, "interestIncome": 0, "interestExpense": 62000000, "depreciationAndAmortization": 217000000, "ebitda": 2461000000, "ebitdaratio": 0.4306965348, "operatingIncome": 2163000000, "operatingIncomeRatio": 0.3785439272, "totalOtherIncomeExpensesNet": 19000000, "incomeBeforeTax": 2182000000, "incomeBeforeTaxRatio": 0.3818690935, "incomeTaxExpense": 371000000, "netIncome": 1811000000, "netIncomeRatio": 0.316940847, "eps": 4.15, "epsdiluted": 4.13, "weightedAverageShsOut": 436000000, "weightedAverageShsOutDil": 438000000, "link": "https://www.sec.gov/Archives/edgar/data/796343/000079634325000059/0000796343-25-000059-index.htm", "finalLink": "https://www.sec.gov/Archives/edgar/data/796343/000079634325000059/adbe-20250228.htm"}, {"date": "2024-11-29", "symbol": "ADBE", "reportedCurrency": "USD", "cik": "0000796343", "fillingDate": "2025-01-13", "acceptedDate": "2025-01-13 16:02:17", "calendarYear": "2024", "period": "Q4", "revenue": 5606000000, "costOfRevenue": 616000000, "grossProfit": 4990000000, "grossProfitRatio": 0.890117731, "researchAndDevelopmentExpenses": 999000000, "generalAndAdministrativeExpenses": 456000000, "sellingAndMarketingExpenses": 1536000000, "sellingGeneralAndAdministrativeExpenses": 1992000000, "otherExpenses": 42000000, "operatingExpenses": 3033000000, "costAndExpenses": 3649000000, "interestIncome": 0, "interestExpense": 50000000, "depreciationAndAmortization": 218000000, "ebitda": 2259000000, "ebitdaratio": 0.4029611131, "operatingIncome": 1957000000, "operatingIncomeRatio": 0.3490902604, "totalOtherIncomeExpensesNet": 34000000, "incomeBeforeTax": 1991000000, "incomeBeforeTaxRatio": 0.3551551909, "incomeTaxExpense": 308000000, "netIncome": 1683000000, "netIncomeRatio": 0.3002140564, "eps": 3.81, "epsdiluted": 3.8, "weightedAverageShsOut": 443000000, "weightedAverageShsOutDil": 443000000, "link": "https://www.sec.gov/Archives/edgar/data/796343/000079634325000004/0000796343-25-000004-index.htm", "finalLink": "https://www.sec.gov/Archives/edgar/data/796343/000079634325000004/adbe-20241129.htm"}, {"date": "2024-08-30", "symbol": "ADBE", "reportedCurrency": "USD", "cik": "0000796343", "fillingDate": "2024-09-25", "acceptedDate": "2024-09-25 16:01:59", "calendarYear": "2024", "period": "Q3", "revenue": 5408000000, "costOfRevenue": 554000000, "grossProfit": 4854000000, "grossProfitRatio": 0.8975591716, "researchAndDevelopmentExpenses": 1022000000, "generalAndAdministrativeExpenses": 366000000, "sellingAndMarketingExpenses": 1431000000, "sellingGeneralAndAdministrativeExpenses": 1797000000, "otherExpenses": 43000000, "operatingExpenses": 2862000000, "costAndExpenses": 3416000000, "interestIncome": 0, "interestExpense": 51000000, "depreciationAndAmortization": 213000000, "ebitda": 2306000000, "ebitdaratio": 0.4264053254, "operatingIncome": 1992000000, "operatingIncomeRatio": 0.3683431953, "totalOtherIncomeExpensesNet": 50000000, "incomeBeforeTax": 2042000000, "incomeBeforeTaxRatio": 0.3775887574, "incomeTaxExpense": 358000000, "netIncome": 1684000000, "netIncomeRatio": 0.3113905325, "eps": 3.78, "epsdiluted": 3.76, "weightedAverageShsOut": 445000000, "weightedAverageShsOutDil": 448000000, "link": "https://www.sec.gov/Archives/edgar/data/796343/000079634324000208/0000796343-24-000208-index.htm", "finalLink": "https://www.sec.gov/Archives/edgar/data/796343/000079634324000208/adbe-20240830.htm"}, {"date": "2024-05-31", "symbol": "ADBE", "reportedCurrency": "USD", "cik": "0000796343", "fillingDate": "2024-06-26", "acceptedDate": "2024-06-26 16:03:14", "calendarYear": "2024", "period": "Q2", "revenue": 5309000000, "costOfRevenue": 598000000, "grossProfit": 4711000000, "grossProfitRatio": 0.887361085, "researchAndDevelopmentExpenses": 984000000, "generalAndAdministrativeExpenses": 355000000, "sellingAndMarketingExpenses": 1445000000, "sellingGeneralAndAdministrativeExpenses": 1800000000, "otherExpenses": 42000000, "operatingExpenses": 2826000000, "costAndExpenses": 3424000000, "interestIncome": 0, "interestExpense": 41000000, "depreciationAndAmortization": 214000000, "ebitda": 2185000000, "ebitdaratio": 0.4115652665, "operatingIncome": 1885000000, "operatingIncomeRatio": 0.3550574496, "totalOtherIncomeExpensesNet": 45000000, "incomeBeforeTax": 1930000000, "incomeBeforeTaxRatio": 0.3635336222, "incomeTaxExpense": 357000000, "netIncome": 1573000000, "netIncomeRatio": 0.29628932, "eps": 3.5, "epsdiluted": 3.49, "weightedAverageShsOut": 449000000, "weightedAverageShsOutDil": 451000000, "link": "https://www.sec.gov/Archives/edgar/data/796343/000079634324000150/0000796343-24-000150-index.htm", "finalLink": "https://www.sec.gov/Archives/edgar/data/796343/000079634324000150/adbe-20240531.htm"}, {"date": "2024-03-01", "symbol": "ADBE", "reportedCurrency": "USD", "cik": "0000796343", "fillingDate": "2024-03-27", "acceptedDate": "2024-03-27 08:05:50", "calendarYear": "2024", "period": "Q1", "revenue": 5182000000, "costOfRevenue": 590000000, "grossProfit": 4592000000, "grossProfitRatio": 0.8861443458, "researchAndDevelopmentExpenses": 939000000, "generalAndAdministrativeExpenses": 352000000, "sellingAndMarketingExpenses": 1352000000, "sellingGeneralAndAdministrativeExpenses": 1704000000, "otherExpenses": 1042000000, "operatingExpenses": 3685000000, "costAndExpenses": 4275000000, "interestIncome": 0, "interestExpense": 27000000, "depreciationAndAmortization": 212000000, "ebitda": 1207000000, "ebitdaratio": 0.2329216519, "operatingIncome": 907000000, "operatingIncomeRatio": 0.1750289464, "totalOtherIncomeExpensesNet": 61000000, "incomeBeforeTax": 968000000, "incomeBeforeTaxRatio": 0.1868004631, "incomeTaxExpense": 348000000, "netIncome": 620000000, "netIncomeRatio": 0.1196449247, "eps": 1.37, "epsdiluted": 1.36, "weightedAverageShsOut": 453000000, "weightedAverageShsOutDil": 456000000, "link": "https://www.sec.gov/Archives/edgar/data/796343/000079634324000065/0000796343-24-000065-index.htm", "finalLink": "https://www.sec.gov/Archives/edgar/data/796343/000079634324000065/adbe-20240301.htm"}, {"date": "2023-12-01", "symbol": "ADBE", "reportedCurrency": "USD", "cik": "0000796343", "fillingDate": "2024-01-17", "acceptedDate": "2024-01-16 20:01:55", "calendarYear": "2023", "period": "Q4", "revenue": 5048000000, "costOfRevenue": 634000000, "grossProfit": 4414000000, "grossProfitRatio": 0.8744057052, "researchAndDevelopmentExpenses": 889000000, "generalAndAdministrativeExpenses": 372000000, "sellingAndMarketingExpenses": 1368000000, "sellingGeneralAndAdministrativeExpenses": 1740000000, "otherExpenses": 42000000, "operatingExpenses": 2671000000, "costAndExpenses": 3305000000, "interestIncome": 269000000, "interestExpense": 28000000, "depreciationAndAmortization": 240000000, "ebitda": 2076000000, "ebitdaratio": 0.411251981, "operatingIncome": 1743000000, "operatingIncomeRatio": 0.3452852615, "totalOtherIncomeExpensesNet": 65000000, "incomeBeforeTax": 1808000000, "incomeBeforeTaxRatio": 0.3581616482, "incomeTaxExpense": 325000000, "netIncome": 1483000000, "netIncomeRatio": 0.2937797147, "eps": 3.26, "epsdiluted": 3.23, "weightedAverageShsOut": 455000000, "weightedAverageShsOutDil": 459000000, "link": "https://www.sec.gov/Archives/edgar/data/796343/000079634324000006/0000796343-24-000006-index.htm", "finalLink": "https://www.sec.gov/Archives/edgar/data/796343/000079634324000006/adbe-20231201.htm"}, {"date": "2023-09-01", "symbol": "ADBE", "reportedCurrency": "USD", "cik": "0000796343", "fillingDate": "2023-09-27", "acceptedDate": "2023-09-27 16:05:22", "calendarYear": "2023", "period": "Q3", "revenue": 4890000000, "costOfRevenue": 580000000, "grossProfit": 4310000000, "grossProfitRatio": 0.881390593, "researchAndDevelopmentExpenses": 881000000, "generalAndAdministrativeExpenses": 353000000, "sellingAndMarketingExpenses": 1337000000, "sellingGeneralAndAdministrativeExpenses": 1690000000, "otherExpenses": 42000000, "operatingExpenses": 2613000000, "costAndExpenses": 3193000000, "interestIncome": 0, "interestExpense": 27000000, "depreciationAndAmortization": 236000000, "ebitda": 2006000000, "ebitdaratio": 0.4102249489, "operatingIncome": 1697000000, "operatingIncomeRatio": 0.3470347648, "totalOtherIncomeExpensesNet": 46000000, "incomeBeforeTax": 1743000000, "incomeBeforeTaxRatio": 0.3564417178, "incomeTaxExpense": 340000000, "netIncome": 1403000000, "netIncomeRatio": 0.2869120654, "eps": 3.07, "epsdiluted": 3.05, "weightedAverageShsOut": 456000000, "weightedAverageShsOutDil": 459000000, "link": "https://www.sec.gov/Archives/edgar/data/796343/000079634323000205/0000796343-23-000205-index.htm", "finalLink": "https://www.sec.gov/Archives/edgar/data/796343/000079634323000205/adbe-20230901.htm"}, {"date": "2023-06-02", "symbol": "ADBE", "reportedCurrency": "USD", "cik": "0000796343", "fillingDate": "2023-06-28", "acceptedDate": "2023-06-28 16:25:23", "calendarYear": "2023", "period": "Q2", "revenue": 4816000000, "costOfRevenue": 572000000, "grossProfit": 4244000000, "grossProfitRatio": 0.8812292359, "researchAndDevelopmentExpenses": 876000000, "generalAndAdministrativeExpenses": 357000000, "sellingAndMarketingExpenses": 1345000000, "sellingGeneralAndAdministrativeExpenses": 1702000000, "otherExpenses": 42000000, "operatingExpenses": 2620000000, "costAndExpenses": 3192000000, "interestIncome": 0, "interestExpense": 26000000, "depreciationAndAmortization": 235000000, "ebitda": 1911000000, "ebitdaratio": 0.3968023256, "operatingIncome": 1624000000, "operatingIncomeRatio": 0.3372093023, "totalOtherIncomeExpensesNet": 26000000, "incomeBeforeTax": 1650000000, "incomeBeforeTaxRatio": 0.3426079734, "incomeTaxExpense": 355000000, "netIncome": 1295000000, "netIncomeRatio": 0.2688953488, "eps": 2.83, "epsdiluted": 2.82, "weightedAverageShsOut": 458000000, "weightedAverageShsOutDil": 459000000, "link": "https://www.sec.gov/Archives/edgar/data/796343/000079634323000153/0000796343-23-000153-index.htm", "finalLink": "https://www.sec.gov/Archives/edgar/data/796343/000079634323000153/adbe-20230602.htm"}, {"date": "2023-03-03", "symbol": "ADBE", "reportedCurrency": "USD", "cik": "0000796343", "fillingDate": "2023-03-29", "acceptedDate": "2023-03-29 17:15:50", "calendarYear": "2023", "period": "Q1", "revenue": 4655000000, "costOfRevenue": 568000000, "grossProfit": 4087000000, "grossProfitRatio": 0.877980666, "researchAndDevelopmentExpenses": 827000000, "generalAndAdministrativeExpenses": 331000000, "sellingAndMarketingExpenses": 1301000000, "sellingGeneralAndAdministrativeExpenses": 1632000000, "otherExpenses": 42000000, "operatingExpenses": 2501000000, "costAndExpenses": 3069000000, "interestIncome": 0, "interestExpense": 32000000, "depreciationAndAmortization": 212000000, "ebitda": 1798000000, "ebitdaratio": 0.3862513426, "operatingIncome": 1586000000, "operatingIncomeRatio": 0.3407089151, "totalOtherIncomeExpensesNet": 12000000, "incomeBeforeTax": 1598000000, "incomeBeforeTaxRatio": 0.3432867884, "incomeTaxExpense": 351000000, "netIncome": 1247000000, "netIncomeRatio": 0.2678839957, "eps": 2.71, "epsdiluted": 2.71, "weightedAverageShsOut": 459500000, "weightedAverageShsOutDil": 459500000, "link": "https://www.sec.gov/Archives/edgar/data/796343/000079634323000055/0000796343-23-000055-index.htm", "finalLink": "https://www.sec.gov/Archives/edgar/data/796343/000079634323000055/adbe-20230303.htm"}, {"date": "2022-12-02", "symbol": "ADBE", "reportedCurrency": "USD", "cik": "0000796343", "fillingDate": "2023-01-17", "acceptedDate": "2023-01-17 16:34:00", "calendarYear": "2022", "period": "Q4", "revenue": 4525000000, "costOfRevenue": 568000000, "grossProfit": 3957000000, "grossProfitRatio": 0.8744751381, "researchAndDevelopmentExpenses": 773000000, "generalAndAdministrativeExpenses": 340000000, "sellingAndMarketingExpenses": 1297000000, "sellingGeneralAndAdministrativeExpenses": 1637000000, "otherExpenses": 42000000, "operatingExpenses": 2452000000, "costAndExpenses": 3020000000, "interestIncome": 0, "interestExpense": 28000000, "depreciationAndAmortization": 215000000, "ebitda": 1720000000, "ebitdaratio": 0.3801104972, "operatingIncome": 1505000000, "operatingIncomeRatio": 0.3325966851, "totalOtherIncomeExpensesNet": 12000000, "incomeBeforeTax": 1517000000, "incomeBeforeTaxRatio": 0.3352486188, "incomeTaxExpense": 341000000, "netIncome": 1176000000, "netIncomeRatio": 0.2598895028, "eps": 2.53, "epsdiluted": 2.52, "weightedAverageShsOut": 465307000, "weightedAverageShsOutDil": 466000000, "link": "https://www.sec.gov/Archives/edgar/data/796343/000079634323000007/0000796343-23-000007-index.htm", "finalLink": "https://www.sec.gov/Archives/edgar/data/796343/000079634323000007/adbe-20221202.htm"}, {"date": "2022-09-02", "symbol": "ADBE", "reportedCurrency": "USD", "cik": "0000796343", "fillingDate": "2022-09-28", "acceptedDate": "2022-09-28 16:03:14", "calendarYear": "2022", "period": "Q3", "revenue": 4433000000, "costOfRevenue": 546000000, "grossProfit": 3887000000, "grossProfitRatio": 0.8768328446, "researchAndDevelopmentExpenses": 775000000, "generalAndAdministrativeExpenses": 319000000, "sellingAndMarketingExpenses": 1266000000, "sellingGeneralAndAdministrativeExpenses": 1585000000, "otherExpenses": 43000000, "operatingExpenses": 2403000000, "costAndExpenses": 2949000000, "interestIncome": 0, "interestExpense": 28000000, "depreciationAndAmortization": 216000000, "ebitda": 1700000000, "ebitdaratio": 0.3834874803, "operatingIncome": 1484000000, "operatingIncomeRatio": 0.3347620122, "totalOtherIncomeExpensesNet": -28000000, "incomeBeforeTax": 1456000000, "incomeBeforeTaxRatio": 0.3284457478, "incomeTaxExpense": 320000000, "netIncome": 1136000000, "netIncomeRatio": 0.2562598692, "eps": 2.42, "epsdiluted": 2.42, "weightedAverageShsOut": 469000000, "weightedAverageShsOutDil": 469000000, "link": "https://www.sec.gov/Archives/edgar/data/796343/000079634322000196/0000796343-22-000196-index.htm", "finalLink": "https://www.sec.gov/Archives/edgar/data/796343/000079634322000196/adbe-20220902.htm"}, {"date": "2022-06-03", "symbol": "ADBE", "reportedCurrency": "USD", "cik": "0000796343", "fillingDate": "2022-06-29", "acceptedDate": "2022-06-29 16:12:27", "calendarYear": "2022", "period": "Q2", "revenue": 4386000000, "costOfRevenue": 539000000, "grossProfit": 3847000000, "grossProfitRatio": 0.8771089831, "researchAndDevelopmentExpenses": 738000000, "generalAndAdministrativeExpenses": 291000000, "sellingAndMarketingExpenses": 1247000000, "sellingGeneralAndAdministrativeExpenses": 1538000000, "otherExpenses": 42000000, "operatingExpenses": 2318000000, "costAndExpenses": 2857000000, "interestIncome": 0, "interestExpense": 28000000, "depreciationAndAmortization": 232000000, "ebitda": 1752000000, "ebitdaratio": 0.3994528044, "operatingIncome": 1529000000, "operatingIncomeRatio": 0.3486092111, "totalOtherIncomeExpensesNet": -37000000, "incomeBeforeTax": 1492000000, "incomeBeforeTaxRatio": 0.3401732786, "incomeTaxExpense": 314000000, "netIncome": 1178000000, "netIncomeRatio": 0.2685818513, "eps": 2.5, "epsdiluted": 2.49, "weightedAverageShsOut": 472000000, "weightedAverageShsOutDil": 473000000, "link": "https://www.sec.gov/Archives/edgar/data/796343/000079634322000157/0000796343-22-000157-index.htm", "finalLink": "https://www.sec.gov/Archives/edgar/data/796343/000079634322000157/adbe-20220603.htm"}, {"date": "2022-03-04", "symbol": "ADBE", "reportedCurrency": "USD", "cik": "0000796343", "fillingDate": "2022-03-30", "acceptedDate": "2022-03-30 16:22:21", "calendarYear": "2022", "period": "Q1", "revenue": 4262000000, "costOfRevenue": 512000000, "grossProfit": 3750000000, "grossProfitRatio": 0.8798686063, "researchAndDevelopmentExpenses": 701000000, "generalAndAdministrativeExpenses": 269000000, "sellingAndMarketingExpenses": 1158000000, "sellingGeneralAndAdministrativeExpenses": 1427000000, "otherExpenses": 42000000, "operatingExpenses": 2170000000, "costAndExpenses": 2682000000, "interestIncome": 0, "interestExpense": 28000000, "depreciationAndAmortization": 235000000, "ebitda": 1806000000, "ebitdaratio": 0.4237447208, "operatingIncome": 1580000000, "operatingIncomeRatio": 0.3707179728, "totalOtherIncomeExpensesNet": -37000000, "incomeBeforeTax": 1543000000, "incomeBeforeTaxRatio": 0.3620366025, "incomeTaxExpense": 277000000, "netIncome": 1266000000, "netIncomeRatio": 0.2970436415, "eps": 2.67, "epsdiluted": 2.67, "weightedAverageShsOut": 473000000, "weightedAverageShsOutDil": 475000000, "link": "https://www.sec.gov/Archives/edgar/data/796343/000079634322000099/0000796343-22-000099-index.htm", "finalLink": "https://www.sec.gov/Archives/edgar/data/796343/000079634322000099/adbe-20220304.htm"}, {"date": "2021-12-03", "symbol": "ADBE", "reportedCurrency": "USD", "cik": "0000796343", "fillingDate": "2022-01-21", "acceptedDate": "2022-01-21 16:03:34", "calendarYear": "2021", "period": "Q4", "revenue": 4110000000, "costOfRevenue": 507000000, "grossProfit": 3603000000, "grossProfitRatio": 0.8766423358, "researchAndDevelopmentExpenses": 657000000, "generalAndAdministrativeExpenses": 274000000, "sellingAndMarketingExpenses": 1131000000, "sellingGeneralAndAdministrativeExpenses": 1405000000, "otherExpenses": 40000000, "operatingExpenses": 2102000000, "costAndExpenses": 2609000000, "interestIncome": 17000000, "interestExpense": 28000000, "depreciationAndAmortization": 225000000, "ebitda": 1721000000, "ebitdaratio": 0.4187347932, "operatingIncome": 1501000000, "operatingIncomeRatio": 0.3652068127, "totalOtherIncomeExpensesNet": -33000000, "incomeBeforeTax": 1468000000, "incomeBeforeTaxRatio": 0.3571776156, "incomeTaxExpense": 235000000, "netIncome": 1233000000, "netIncomeRatio": 0.3, "eps": 2.59, "epsdiluted": 2.57, "weightedAverageShsOut": 476000000, "weightedAverageShsOutDil": 480000000, "link": "https://www.sec.gov/Archives/edgar/data/796343/000079634322000032/0000796343-22-000032-index.htm", "finalLink": "https://www.sec.gov/Archives/edgar/data/796343/000079634322000032/adbe-20211203.htm"}, {"date": "2021-09-03", "symbol": "ADBE", "reportedCurrency": "USD", "cik": "0000796343", "fillingDate": "2021-09-29", "acceptedDate": "2021-09-29 16:02:05", "calendarYear": "2021", "period": "Q3", "revenue": 3935000000, "costOfRevenue": 467000000, "grossProfit": 3468000000, "grossProfitRatio": 0.881321474, "researchAndDevelopmentExpenses": 651000000, "generalAndAdministrativeExpenses": 265000000, "sellingAndMarketingExpenses": 1068000000, "sellingGeneralAndAdministrativeExpenses": 1333000000, "otherExpenses": 43000000, "operatingExpenses": 2027000000, "costAndExpenses": 2494000000, "interestIncome": 0, "interestExpense": 27000000, "depreciationAndAmortization": 213000000, "ebitda": 1658000000, "ebitdaratio": 0.4213468869, "operatingIncome": 1441000000, "operatingIncomeRatio": 0.3662007624, "totalOtherIncomeExpensesNet": -23000000, "incomeBeforeTax": 1418000000, "incomeBeforeTaxRatio": 0.3603557814, "incomeTaxExpense": 206000000, "netIncome": 1212000000, "netIncomeRatio": 0.3080050826, "eps": 2.54, "epsdiluted": 2.52, "weightedAverageShsOut": 477000000, "weightedAverageShsOutDil": 481000000, "link": "https://www.sec.gov/Archives/edgar/data/796343/000079634321000210/0000796343-21-000210-index.htm", "finalLink": "https://www.sec.gov/Archives/edgar/data/796343/000079634321000210/adbe-20210903.htm"}, {"date": "2021-06-04", "symbol": "ADBE", "reportedCurrency": "USD", "cik": "0000796343", "fillingDate": "2021-06-30", "acceptedDate": "2021-06-30 16:02:16", "calendarYear": "2021", "period": "Q2", "revenue": 3835000000, "costOfRevenue": 444000000, "grossProfit": 3391000000, "grossProfitRatio": 0.8842242503, "researchAndDevelopmentExpenses": 620000000, "generalAndAdministrativeExpenses": 256000000, "sellingAndMarketingExpenses": 1073000000, "sellingGeneralAndAdministrativeExpenses": 1329000000, "otherExpenses": 44000000, "operatingExpenses": 1985000000, "costAndExpenses": 2429000000, "interestIncome": 0, "interestExpense": 28000000, "depreciationAndAmortization": 208000000, "ebitda": 1622000000, "ebitdaratio": 0.422946545, "operatingIncome": 1406000000, "operatingIncomeRatio": 0.3666232073, "totalOtherIncomeExpensesNet": -20000000, "incomeBeforeTax": 1386000000, "incomeBeforeTaxRatio": 0.3614080834, "incomeTaxExpense": 270000000, "netIncome": 1116000000, "netIncomeRatio": 0.2910039113, "eps": 2.34, "epsdiluted": 2.32, "weightedAverageShsOut": 478000000, "weightedAverageShsOutDil": 481000000, "link": "https://www.sec.gov/Archives/edgar/data/796343/000079634321000159/0000796343-21-000159-index.htm", "finalLink": "https://www.sec.gov/Archives/edgar/data/796343/000079634321000159/adbe-20210604.htm"}, {"date": "2021-03-05", "symbol": "ADBE", "reportedCurrency": "USD", "cik": "0000796343", "fillingDate": "2021-03-31", "acceptedDate": "2021-03-31 16:02:34", "calendarYear": "2021", "period": "Q1", "revenue": 3905000000, "costOfRevenue": 447000000, "grossProfit": 3458000000, "grossProfitRatio": 0.88553137, "researchAndDevelopmentExpenses": 620000000, "generalAndAdministrativeExpenses": 290000000, "sellingAndMarketingExpenses": 1049000000, "sellingGeneralAndAdministrativeExpenses": 1339000000, "otherExpenses": 45000000, "operatingExpenses": 2004000000, "costAndExpenses": 2451000000, "interestIncome": 0, "interestExpense": 30000000, "depreciationAndAmortization": 196000000, "ebitda": 1659000000, "ebitdaratio": 0.4248399488, "operatingIncome": 1454000000, "operatingIncomeRatio": 0.3723431498, "totalOtherIncomeExpensesNet": -21000000, "incomeBeforeTax": 1433000000, "incomeBeforeTaxRatio": 0.3669654289, "incomeTaxExpense": 172000000, "netIncome": 1261000000, "netIncomeRatio": 0.3229193342, "eps": 2.63, "epsdiluted": 2.61, "weightedAverageShsOut": 479000000, "weightedAverageShsOutDil": 483000000, "link": "https://www.sec.gov/Archives/edgar/data/796343/000079634321000069/0000796343-21-000069-index.htm", "finalLink": "https://www.sec.gov/Archives/edgar/data/796343/000079634321000069/adbe-20210305.htm"}, {"date": "2020-11-27", "symbol": "ADBE", "reportedCurrency": "USD", "cik": "0000796343", "fillingDate": "2021-01-15", "acceptedDate": "2021-01-15 16:03:42", "calendarYear": "2020", "period": "Q4", "revenue": 3424000000, "costOfRevenue": 428000000, "grossProfit": 2996000000, "grossProfitRatio": 0.875, "researchAndDevelopmentExpenses": 558000000, "generalAndAdministrativeExpenses": 243000000, "sellingAndMarketingExpenses": 941000000, "sellingGeneralAndAdministrativeExpenses": 1184000000, "otherExpenses": 39000000, "operatingExpenses": 1781000000, "costAndExpenses": 2209000000, "interestIncome": 6000000, "interestExpense": 27000000, "depreciationAndAmortization": 190000000, "ebitda": 1414000000, "ebitdaratio": 0.4129672897, "operatingIncome": 1215000000, "operatingIncomeRatio": 0.3548481308, "totalOtherIncomeExpensesNet": -18000000, "incomeBeforeTax": 1197000000, "incomeBeforeTaxRatio": 0.3495911215, "incomeTaxExpense": -1053000000, "netIncome": 2250000000, "netIncomeRatio": 0.6571261682, "eps": 4.69, "epsdiluted": 4.64, "weightedAverageShsOut": 479000000, "weightedAverageShsOutDil": 484000000, "link": "https://www.sec.gov/Archives/edgar/data/796343/000079634321000004/0000796343-21-000004-index.htm", "finalLink": "https://www.sec.gov/Archives/edgar/data/796343/000079634321000004/adbe-20201127.htm"}, {"date": "2020-08-28", "symbol": "ADBE", "reportedCurrency": "USD", "cik": "0000796343", "fillingDate": "2020-09-23", "acceptedDate": "2020-09-23 16:03:46", "calendarYear": "2020", "period": "Q3", "revenue": 3225000000, "costOfRevenue": 427000000, "grossProfit": 2798000000, "grossProfitRatio": 0.8675968992, "researchAndDevelopmentExpenses": 566000000, "generalAndAdministrativeExpenses": 230000000, "sellingAndMarketingExpenses": 892000000, "sellingGeneralAndAdministrativeExpenses": 1122000000, "otherExpenses": 41000000, "operatingExpenses": 1729000000, "costAndExpenses": 2156000000, "interestIncome": 0, "interestExpense": 28000000, "depreciationAndAmortization": 191000000, "ebitda": 1279000000, "ebitdaratio": 0.3965891473, "operatingIncome": 1069000000, "operatingIncomeRatio": 0.3314728682, "totalOtherIncomeExpensesNet": -9000000, "incomeBeforeTax": 1060000000, "incomeBeforeTaxRatio": 0.3286821705, "incomeTaxExpense": 105000000, "netIncome": 955000000, "netIncomeRatio": 0.296124031, "eps": 1.99, "epsdiluted": 1.97, "weightedAverageShsOut": 480000000, "weightedAverageShsOutDil": 485000000, "link": "https://www.sec.gov/Archives/edgar/data/796343/000079634320000201/0000796343-20-000201-index.htm", "finalLink": "https://www.sec.gov/Archives/edgar/data/796343/000079634320000201/adbe-20200828.htm"}, {"date": "2020-05-29", "symbol": "ADBE", "reportedCurrency": "USD", "cik": "0000796343", "fillingDate": "2020-06-24", "acceptedDate": "2020-06-24 16:05:10", "calendarYear": "2020", "period": "Q2", "revenue": 3128000000, "costOfRevenue": 415000000, "grossProfit": 2713000000, "grossProfitRatio": 0.8673273657, "researchAndDevelopmentExpenses": 532000000, "generalAndAdministrativeExpenses": 224000000, "sellingAndMarketingExpenses": 901000000, "sellingGeneralAndAdministrativeExpenses": 1125000000, "otherExpenses": 40000000, "operatingExpenses": 1697000000, "costAndExpenses": 2112000000, "interestIncome": 0, "interestExpense": 28000000, "depreciationAndAmortization": 188000000, "ebitda": 1216000000, "ebitdaratio": 0.3887468031, "operatingIncome": 1016000000, "operatingIncomeRatio": 0.3248081841, "totalOtherIncomeExpensesNet": -16000000, "incomeBeforeTax": 1000000000, "incomeBeforeTaxRatio": 0.3196930946, "incomeTaxExpense": -100000000, "netIncome": 1100000000, "netIncomeRatio": 0.3516624041, "eps": 2.28, "epsdiluted": 2.27, "weightedAverageShsOut": 481000000, "weightedAverageShsOutDil": 485000000, "link": "https://www.sec.gov/Archives/edgar/data/796343/000079634320000143/0000796343-20-000143-index.htm", "finalLink": "https://www.sec.gov/Archives/edgar/data/796343/000079634320000143/adbe10qq220.htm"}, {"date": "2020-02-28", "symbol": "ADBE", "reportedCurrency": "USD", "cik": "0000796343", "fillingDate": "2020-03-25", "acceptedDate": "2020-03-25 16:07:07", "calendarYear": "2020", "period": "Q1", "revenue": 3091000000, "costOfRevenue": 452000000, "grossProfit": 2639000000, "grossProfitRatio": 0.8537690068, "researchAndDevelopmentExpenses": 532000000, "generalAndAdministrativeExpenses": 271000000, "sellingAndMarketingExpenses": 857000000, "sellingGeneralAndAdministrativeExpenses": 1128000000, "otherExpenses": 42000000, "operatingExpenses": 1702000000, "costAndExpenses": 2154000000, "interestIncome": 0, "interestExpense": 33000000, "depreciationAndAmortization": 188000000, "ebitda": 1140000000, "ebitdaratio": 0.368812682, "operatingIncome": 937000000, "operatingIncomeRatio": 0.303138143, "totalOtherIncomeExpensesNet": -18000000, "incomeBeforeTax": 919000000, "incomeBeforeTaxRatio": 0.2973147849, "incomeTaxExpense": -36000000, "netIncome": 955000000, "netIncomeRatio": 0.3089615011, "eps": 1.98, "epsdiluted": 1.96, "weightedAverageShsOut": 482000000, "weightedAverageShsOutDil": 488000000, "link": "https://www.sec.gov/Archives/edgar/data/796343/000079634320000064/0000796343-20-000064-index.htm", "finalLink": "https://www.sec.gov/Archives/edgar/data/796343/000079634320000064/adbe10qq120.htm"}, {"date": "2019-11-29", "symbol": "ADBE", "reportedCurrency": "USD", "cik": "0000796343", "fillingDate": "2020-01-21", "acceptedDate": "2020-01-21 06:06:41", "calendarYear": "2019", "period": "Q4", "revenue": 2991944000, "costOfRevenue": 451983000, "grossProfit": 2539961000, "grossProfitRatio": 0.8489333357, "researchAndDevelopmentExpenses": 499806000, "generalAndAdministrativeExpenses": 225938000, "sellingAndMarketingExpenses": 801588000, "sellingGeneralAndAdministrativeExpenses": 1027526000, "otherExpenses": 42698000, "operatingExpenses": 1570030000, "costAndExpenses": 2022013000, "interestIncome": 18212000, "interestExpense": 36515000, "depreciationAndAmortization": 183692000, "ebitda": 1177050000, "ebitdaratio": 0.3934064274, "operatingIncome": 969931000, "operatingIncomeRatio": 0.324180867, "totalOtherIncomeExpensesNet": -12785000, "incomeBeforeTax": 957147000, "incomeBeforeTaxRatio": 0.3199080598, "incomeTaxExpense": 105286000, "netIncome": 851861000, "netIncomeRatio": 0.28471823, "eps": 1.76, "epsdiluted": 1.74, "weightedAverageShsOut": 483731000, "weightedAverageShsOutDil": 488851000, "link": "https://www.sec.gov/Archives/edgar/data/796343/000079634320000013/0000796343-20-000013-index.htm", "finalLink": "https://www.sec.gov/Archives/edgar/data/796343/000079634320000013/adbe10kfy19.htm"}, {"date": "2019-08-30", "symbol": "ADBE", "reportedCurrency": "USD", "cik": "0000796343", "fillingDate": "2019-09-26", "acceptedDate": "2019-09-26 16:25:38", "calendarYear": "2019", "period": "Q3", "revenue": 2834126000, "costOfRevenue": 415963000, "grossProfit": 2418163000, "grossProfitRatio": 0.8532305903, "researchAndDevelopmentExpenses": 489827000, "generalAndAdministrativeExpenses": 219256000, "sellingAndMarketingExpenses": 812314000, "sellingGeneralAndAdministrativeExpenses": 1031570000, "otherExpenses": 48000, "operatingExpenses": 1521397000, "costAndExpenses": 1980314000, "interestIncome": 18000000, "interestExpense": 40000000, "depreciationAndAmortization": 150549000, "ebitda": 1024566000, "ebitdaratio": 0.3615103916, "operatingIncome": 853812000, "operatingIncomeRatio": 0.3012611295, "totalOtherIncomeExpensesNet": -19324000, "incomeBeforeTax": 834488000, "incomeBeforeTaxRatio": 0.2944428018, "incomeTaxExpense": 41725000, "netIncome": 792763000, "netIncomeRatio": 0.27972045, "eps": 1.63, "epsdiluted": 1.61, "weightedAverageShsOut": 485848000, "weightedAverageShsOutDil": 491042000, "link": "https://www.sec.gov/Archives/edgar/data/796343/000079634319000165/0000796343-19-000165-index.htm", "finalLink": "https://www.sec.gov/Archives/edgar/data/796343/000079634319000165/adbe10qq319.htm"}, {"date": "2019-05-31", "symbol": "ADBE", "reportedCurrency": "USD", "cik": "0000796343", "fillingDate": "2019-06-26", "acceptedDate": "2019-06-26 16:07:21", "calendarYear": "2019", "period": "Q2", "revenue": 2744280000, "costOfRevenue": 407488000, "grossProfit": 2336792000, "grossProfitRatio": 0.8515136939, "researchAndDevelopmentExpenses": 475958000, "generalAndAdministrativeExpenses": 219334000, "sellingAndMarketingExpenses": 848927000, "sellingGeneralAndAdministrativeExpenses": 1068261000, "otherExpenses": 39000, "operatingExpenses": 1544219000, "costAndExpenses": 1994733000, "interestIncome": 16000000, "interestExpense": 40000000, "depreciationAndAmortization": 187000000, "ebitda": 937000000, "ebitdaratio": 0.3414374626, "operatingIncome": 749547000, "operatingIncomeRatio": 0.2731306572, "totalOtherIncomeExpensesNet": -38775000, "incomeBeforeTax": 710772000, "incomeBeforeTaxRatio": 0.2590012681, "incomeTaxExpense": 78179000, "netIncome": 632593000, "netIncomeRatio": 0.2305132858, "eps": 1.3, "epsdiluted": 1.29, "weightedAverageShsOut": 487535000, "weightedAverageShsOutDil": 492212000, "link": "https://www.sec.gov/Archives/edgar/data/796343/000079634319000142/0000796343-19-000142-index.htm", "finalLink": "https://www.sec.gov/Archives/edgar/data/796343/000079634319000142/adbe10qq219.htm"}, {"date": "2019-03-01", "symbol": "ADBE", "reportedCurrency": "USD", "cik": "0000796343", "fillingDate": "2019-03-27", "acceptedDate": "2019-03-27 16:07:38", "calendarYear": "2019", "period": "Q1", "revenue": 2600946000, "costOfRevenue": 397286000, "grossProfit": 2203660000, "grossProfitRatio": 0.8472532686, "researchAndDevelopmentExpenses": 464637000, "generalAndAdministrativeExpenses": 216109000, "sellingAndMarketingExpenses": 781518000, "sellingGeneralAndAdministrativeExpenses": 997627000, "otherExpenses": 177000, "operatingExpenses": 1462264000, "costAndExpenses": 1906116000, "interestIncome": 16000000, "interestExpense": 41000000, "depreciationAndAmortization": 144898000, "ebitda": 887825000, "ebitdaratio": 0.3413469561, "operatingIncome": 694830000, "operatingIncomeRatio": 0.267145108, "totalOtherIncomeExpensesNet": 7504000, "incomeBeforeTax": 702334000, "incomeBeforeTaxRatio": 0.2700302121, "incomeTaxExpense": 28093000, "netIncome": 674241000, "netIncomeRatio": 0.259229142, "eps": 1.38, "epsdiluted": 1.36, "weightedAverageShsOut": 488056000, "weightedAverageShsOutDil": 494188000, "link": "https://www.sec.gov/Archives/edgar/data/796343/000079634319000079/0000796343-19-000079-index.htm", "finalLink": "https://www.sec.gov/Archives/edgar/data/796343/000079634319000079/adbe10qq119.htm"}, {"date": "2018-11-30", "symbol": "ADBE", "reportedCurrency": "USD", "cik": "0000796343", "fillingDate": "2019-01-25", "acceptedDate": "2019-01-25 06:24:29", "calendarYear": "2018", "period": "Q4", "revenue": 2464625000, "costOfRevenue": 359261000, "grossProfit": 2105364000, "grossProfitRatio": 0.8542329969, "researchAndDevelopmentExpenses": 415958000, "generalAndAdministrativeExpenses": 212355000, "sellingAndMarketingExpenses": 723573000, "sellingGeneralAndAdministrativeExpenses": 935928000, "otherExpenses": 32932000, "operatingExpenses": 1384818000, "costAndExpenses": 1744079000, "interestIncome": 22578000, "interestExpense": 27873000, "depreciationAndAmortization": 106720000, "ebitda": 827266000, "ebitdaratio": 0.3356559314, "operatingIncome": 720546000, "operatingIncomeRatio": 0.2923552265, "totalOtherIncomeExpensesNet": -21329000, "incomeBeforeTax": 699217000, "incomeBeforeTaxRatio": 0.2837011716, "incomeTaxExpense": 20977000, "netIncome": 678240000, "netIncomeRatio": 0.2751899376, "eps": 1.39, "epsdiluted": 1.37, "weightedAverageShsOut": 488246000, "weightedAverageShsOutDil": 495118000, "link": "https://www.sec.gov/Archives/edgar/data/796343/000079634319000019/0000796343-19-000019-index.htm", "finalLink": "https://www.sec.gov/Archives/edgar/data/796343/000079634319000019/adbe10kfy18.htm"}, {"date": "2018-08-31", "symbol": "ADBE", "reportedCurrency": "USD", "cik": "0000796343", "fillingDate": "2018-09-26", "acceptedDate": "2018-09-26 16:10:19", "calendarYear": "2018", "period": "Q3", "revenue": 2291076000, "costOfRevenue": 295492000, "grossProfit": 1995584000, "grossProfitRatio": 0.8710247936, "researchAndDevelopmentExpenses": 398957000, "generalAndAdministrativeExpenses": 184063000, "sellingAndMarketingExpenses": 670084000, "sellingGeneralAndAdministrativeExpenses": 854147000, "otherExpenses": 41000, "operatingExpenses": 1276978000, "costAndExpenses": 1572470000, "interestIncome": 21561000, "interestExpense": 21107000, "depreciationAndAmortization": 86890000, "ebitda": 809355000, "ebitdaratio": 0.3532641431, "operatingIncome": 718606000, "operatingIncomeRatio": 0.3136543703, "totalOtherIncomeExpensesNet": -17248000, "incomeBeforeTax": 701358000, "incomeBeforeTaxRatio": 0.3061260299, "incomeTaxExpense": 35067000, "netIncome": 666291000, "netIncomeRatio": 0.2908201212, "eps": 1.36, "epsdiluted": 1.34, "weightedAverageShsOut": 490025000, "weightedAverageShsOutDil": 496866000, "link": "https://www.sec.gov/Archives/edgar/data/796343/000079634318000160/0000796343-18-000160-index.htm", "finalLink": "https://www.sec.gov/Archives/edgar/data/796343/000079634318000160/adbe10qq318.htm"}, {"date": "2018-06-01", "symbol": "ADBE", "reportedCurrency": "USD", "cik": "0000796343", "fillingDate": "2018-06-27", "acceptedDate": "2018-06-27 16:12:04", "calendarYear": "2018", "period": "Q2", "revenue": 2195360000, "costOfRevenue": 281344000, "grossProfit": 1914016000, "grossProfitRatio": 0.8718460754, "researchAndDevelopmentExpenses": 374128000, "generalAndAdministrativeExpenses": 178040000, "sellingAndMarketingExpenses": 646215000, "sellingGeneralAndAdministrativeExpenses": 824255000, "otherExpenses": 125000, "operatingExpenses": 1215532000, "costAndExpenses": 1496876000, "interestIncome": 25771000, "interestExpense": 20363000, "depreciationAndAmortization": 76360000, "ebitda": 787522000, "ebitdaratio": 0.3587211209, "operatingIncome": 698484000, "operatingIncomeRatio": 0.3181637636, "totalOtherIncomeExpensesNet": -7685000, "incomeBeforeTax": 690799000, "incomeBeforeTaxRatio": 0.3146631987, "incomeTaxExpense": 27632000, "netIncome": 663167000, "netIncomeRatio": 0.3020766526, "eps": 1.35, "epsdiluted": 1.33, "weightedAverageShsOut": 491914000, "weightedAverageShsOutDil": 498252000, "link": "https://www.sec.gov/Archives/edgar/data/796343/000079634318000134/0000796343-18-000134-index.htm", "finalLink": "https://www.sec.gov/Archives/edgar/data/796343/000079634318000134/adbe10qq218.htm"}, {"date": "2018-03-02", "symbol": "ADBE", "reportedCurrency": "USD", "cik": "0000796343", "fillingDate": "2018-03-28", "acceptedDate": "2018-03-28 16:03:36", "calendarYear": "2018", "period": "Q1", "revenue": 2078947000, "costOfRevenue": 258902000, "grossProfit": 1820045000, "grossProfitRatio": 0.8754648387, "researchAndDevelopmentExpenses": 348769000, "generalAndAdministrativeExpenses": 170440000, "sellingAndMarketingExpenses": 580957000, "sellingGeneralAndAdministrativeExpenses": 751397000, "otherExpenses": 52000, "operatingExpenses": 1117312000, "costAndExpenses": 1376214000, "interestIncome": 22630000, "interestExpense": 19899000, "depreciationAndAmortization": 76522000, "ebitda": 798923000, "ebitdaratio": 0.3842921441, "operatingIncome": 702733000, "operatingIncomeRatio": 0.3380235283, "totalOtherIncomeExpensesNet": -231000, "incomeBeforeTax": 702502000, "incomeBeforeTaxRatio": 0.3379124143, "incomeTaxExpense": 119426000, "netIncome": 583076000, "netIncomeRatio": 0.2804669864, "eps": 1.18, "epsdiluted": 1.17, "weightedAverageShsOut": 492061000, "weightedAverageShsOutDil": 499433000, "link": "https://www.sec.gov/Archives/edgar/data/796343/000079634318000065/0000796343-18-000065-index.htm", "finalLink": "https://www.sec.gov/Archives/edgar/data/796343/000079634318000065/adbe10qq118.htm"}, {"date": "2017-12-01", "symbol": "ADBE", "reportedCurrency": "USD", "cik": "0000796343", "fillingDate": "2018-01-22", "acceptedDate": "2018-01-22 16:07:26", "calendarYear": "2017", "period": "Q4", "revenue": 2006595000, "costOfRevenue": 270872000, "grossProfit": 1735723000, "grossProfitRatio": 0.8650091324, "researchAndDevelopmentExpenses": 324026000, "generalAndAdministrativeExpenses": 169567000, "sellingAndMarketingExpenses": 574104000, "sellingGeneralAndAdministrativeExpenses": 743671000, "otherExpenses": 11000, "operatingExpenses": 1086383000, "costAndExpenses": 1357255000, "interestIncome": 19516000, "interestExpense": 19116000, "depreciationAndAmortization": 81234000, "ebitda": 730574000, "ebitdaratio": 0.364086425, "operatingIncome": 649340000, "operatingIncomeRatio": 0.3236029194, "totalOtherIncomeExpensesNet": -6328000, "incomeBeforeTax": 643012000, "incomeBeforeTaxRatio": 0.3204493184, "incomeTaxExpense": 141463000, "netIncome": 501549000, "netIncomeRatio": 0.2499502889, "eps": 1.02, "epsdiluted": 1, "weightedAverageShsOut": 492108000, "weightedAverageShsOutDil": 500060000, "link": "https://www.sec.gov/Archives/edgar/data/796343/000079634318000015/0000796343-18-000015-index.htm", "finalLink": "https://www.sec.gov/Archives/edgar/data/796343/000079634318000015/adbe10kfy17.htm"}, {"date": "2017-09-01", "symbol": "ADBE", "reportedCurrency": "USD", "cik": "0000796343", "fillingDate": "2017-09-27", "acceptedDate": "2017-09-27 17:32:14", "calendarYear": "2017", "period": "Q3", "revenue": 1841074000, "costOfRevenue": 262922000, "grossProfit": 1578152000, "grossProfitRatio": 0.8571909657, "researchAndDevelopmentExpenses": 315555000, "generalAndAdministrativeExpenses": 147402000, "sellingAndMarketingExpenses": 550093000, "sellingGeneralAndAdministrativeExpenses": 697495000, "otherExpenses": 11000, "operatingExpenses": 1032478000, "costAndExpenses": 1295400000, "interestIncome": 17180000, "interestExpense": 18809000, "depreciationAndAmortization": 82319000, "ebitda": 642507000, "ebitdaratio": 0.348984886, "operatingIncome": 545674000, "operatingIncomeRatio": 0.2963889556, "totalOtherIncomeExpensesNet": -4295000, "incomeBeforeTax": 541379000, "incomeBeforeTaxRatio": 0.2940560781, "incomeTaxExpense": 121810000, "netIncome": 419569000, "netIncomeRatio": 0.2278936099, "eps": 0.85, "epsdiluted": 0.84, "weightedAverageShsOut": 493426000, "weightedAverageShsOutDil": 500398000, "link": "https://www.sec.gov/Archives/edgar/data/796343/000079634317000157/0000796343-17-000157-index.htm", "finalLink": "https://www.sec.gov/Archives/edgar/data/796343/000079634317000157/adbe10qq317.htm"}, {"date": "2017-06-02", "symbol": "ADBE", "reportedCurrency": "USD", "cik": "0000796343", "fillingDate": "2017-06-28", "acceptedDate": "2017-06-28 16:04:35", "calendarYear": "2017", "period": "Q2", "revenue": 1772190000, "costOfRevenue": 239360000, "grossProfit": 1532830000, "grossProfitRatio": 0.8649354753, "researchAndDevelopmentExpenses": 299401000, "generalAndAdministrativeExpenses": 156929000, "sellingAndMarketingExpenses": 553098000, "sellingGeneralAndAdministrativeExpenses": 710027000, "otherExpenses": 41000, "operatingExpenses": 1028748000, "costAndExpenses": 1268108000, "interestIncome": 15216000, "interestExpense": 18347000, "depreciationAndAmortization": 81635000, "ebitda": 592600000, "ebitdaratio": 0.3343885249, "operatingIncome": 504082000, "operatingIncomeRatio": 0.284440156, "totalOtherIncomeExpensesNet": -11464000, "incomeBeforeTax": 492618000, "incomeBeforeTaxRatio": 0.2779713236, "incomeTaxExpense": 118228000, "netIncome": 374390000, "netIncomeRatio": 0.2112583865, "eps": 0.76, "epsdiluted": 0.75, "weightedAverageShsOut": 494371000, "weightedAverageShsOutDil": 500351000, "link": "https://www.sec.gov/Archives/edgar/data/796343/000079634317000130/0000796343-17-000130-index.htm", "finalLink": "https://www.sec.gov/Archives/edgar/data/796343/000079634317000130/adbe10qq217.htm"}, {"date": "2017-03-03", "symbol": "ADBE", "reportedCurrency": "USD", "cik": "0000796343", "fillingDate": "2017-03-29", "acceptedDate": "2017-03-29 16:11:01", "calendarYear": "2017", "period": "Q1", "revenue": 1681646000, "costOfRevenue": 237337000, "grossProfit": 1444309000, "grossProfitRatio": 0.8588662537, "researchAndDevelopmentExpenses": 285077000, "generalAndAdministrativeExpenses": 150808000, "sellingAndMarketingExpenses": 520297000, "sellingGeneralAndAdministrativeExpenses": 671105000, "otherExpenses": 20000, "operatingExpenses": 975310000, "costAndExpenses": 1212647000, "interestIncome": 14157000, "interestExpense": 18130000, "depreciationAndAmortization": 80809000, "ebitda": 559571000, "ebitdaratio": 0.3327519585, "operatingIncome": 468999000, "operatingIncomeRatio": 0.2788928229, "totalOtherIncomeExpensesNet": -8367000, "incomeBeforeTax": 460632000, "incomeBeforeTaxRatio": 0.2739173405, "incomeTaxExpense": 62186000, "netIncome": 398446000, "netIncomeRatio": 0.2369380952, "eps": 0.81, "epsdiluted": 0.8, "weightedAverageShsOut": 494612000, "weightedAverageShsOutDil": 500861000, "link": "https://www.sec.gov/Archives/edgar/data/796343/000079634317000088/0000796343-17-000088-index.htm", "finalLink": "https://www.sec.gov/Archives/edgar/data/796343/000079634317000088/adbe10qq117.htm"}, {"date": "2016-12-02", "symbol": "ADBE", "reportedCurrency": "USD", "cik": "0000796343", "fillingDate": "2017-01-20", "acceptedDate": "2017-01-20 16:14:43", "calendarYear": "2016", "period": "Q4", "revenue": 1608419000, "costOfRevenue": 216556000, "grossProfit": 1391863000, "grossProfitRatio": 0.8653609538, "researchAndDevelopmentExpenses": 257849000, "generalAndAdministrativeExpenses": 148477000, "sellingAndMarketingExpenses": 495042000, "sellingGeneralAndAdministrativeExpenses": 643519000, "otherExpenses": 16992000, "operatingExpenses": 919868000, "costAndExpenses": 1136424000, "interestIncome": 13330000, "interestExpense": 17518000, "depreciationAndAmortization": 81860000, "ebitda": 556078000, "ebitdaratio": 0.3457295642, "operatingIncome": 472280000, "operatingIncomeRatio": 0.2936299559, "totalOtherIncomeExpensesNet": -15580000, "incomeBeforeTax": 456700000, "incomeBeforeTaxRatio": 0.2839434252, "incomeTaxExpense": 57087000, "netIncome": 399613000, "netIncomeRatio": 0.2484508079, "eps": 0.81, "epsdiluted": 0.8, "weightedAverageShsOut": 495641000, "weightedAverageShsOutDil": 501176000, "link": "https://www.sec.gov/Archives/edgar/data/796343/000079634317000031/0000796343-17-000031-index.htm", "finalLink": "https://www.sec.gov/Archives/edgar/data/796343/000079634317000031/adbe10kfy16.htm"}, {"date": "2016-09-02", "symbol": "ADBE", "reportedCurrency": "USD", "cik": "0000796343", "fillingDate": "2016-09-27", "acceptedDate": "2016-09-27 16:07:17", "calendarYear": "2016", "period": "Q3", "revenue": 1463967000, "costOfRevenue": 202701000, "grossProfit": 1261266000, "grossProfitRatio": 0.8615399118, "researchAndDevelopmentExpenses": 248450000, "generalAndAdministrativeExpenses": 143702000, "sellingAndMarketingExpenses": 477475000, "sellingGeneralAndAdministrativeExpenses": 621177000, "otherExpenses": 8000, "operatingExpenses": 869627000, "costAndExpenses": 1094980000, "interestIncome": 11849000, "interestExpense": 17281000, "depreciationAndAmortization": 84014000, "ebitda": 457596000, "ebitdaratio": 0.3125726195, "operatingIncome": 369325000, "operatingIncomeRatio": 0.2522768614, "totalOtherIncomeExpensesNet": -13024000, "incomeBeforeTax": 356301000, "incomeBeforeTaxRatio": 0.243380486, "incomeTaxExpense": 85513000, "netIncome": 270788000, "netIncomeRatio": 0.1849686502, "eps": 0.54, "epsdiluted": 0.54, "weightedAverageShsOut": 498584000, "weightedAverageShsOutDil": 503669000, "link": "https://www.sec.gov/Archives/edgar/data/796343/000079634316000395/0000796343-16-000395-index.htm", "finalLink": "https://www.sec.gov/Archives/edgar/data/796343/000079634316000395/adbe10qq316.htm"}, {"date": "2016-06-03", "symbol": "ADBE", "reportedCurrency": "USD", "cik": "0000796343", "fillingDate": "2016-06-29", "acceptedDate": "2016-06-29 16:04:56", "calendarYear": "2016", "period": "Q2", "revenue": 1398709000, "costOfRevenue": 202079000, "grossProfit": 1196630000, "grossProfitRatio": 0.8555246302, "researchAndDevelopmentExpenses": 232484000, "generalAndAdministrativeExpenses": 138596000, "sellingAndMarketingExpenses": 462789000, "sellingGeneralAndAdministrativeExpenses": 601385000, "otherExpenses": 18988000, "operatingExpenses": 852857000, "costAndExpenses": 1054936000, "interestIncome": 11482000, "interestExpense": 17174000, "depreciationAndAmortization": 84461000, "ebitda": 428700000, "ebitdaratio": 0.3064969197, "operatingIncome": 344239000, "operatingIncomeRatio": 0.2461119504, "totalOtherIncomeExpensesNet": -14409000, "incomeBeforeTax": 329830000, "incomeBeforeTaxRatio": 0.2358103079, "incomeTaxExpense": 85756000, "netIncome": 244074000, "netIncomeRatio": 0.1744994849, "eps": 0.49, "epsdiluted": 0.48, "weightedAverageShsOut": 499974000, "weightedAverageShsOutDil": 504725000, "link": "https://www.sec.gov/Archives/edgar/data/796343/000079634316000352/0000796343-16-000352-index.htm", "finalLink": "https://www.sec.gov/Archives/edgar/data/796343/000079634316000352/adbe10qq216.htm"}, {"date": "2016-03-04", "symbol": "ADBE", "reportedCurrency": "USD", "cik": "0000796343", "fillingDate": "2016-03-30", "acceptedDate": "2016-03-30 08:25:52", "calendarYear": "2016", "period": "Q1", "revenue": 1383335000, "costOfRevenue": 198572000, "grossProfit": 1184763000, "grossProfitRatio": 0.8564541489, "researchAndDevelopmentExpenses": 237204000, "generalAndAdministrativeExpenses": 146935000, "sellingAndMarketingExpenses": 474891000, "sellingGeneralAndAdministrativeExpenses": 621826000, "otherExpenses": 18394000, "operatingExpenses": 877424000, "costAndExpenses": 1075996000, "interestIncome": 0, "interestExpense": 4187000, "depreciationAndAmortization": 81200000, "ebitda": 388958000, "ebitdaratio": 0.2811741191, "operatingIncome": 307758000, "operatingIncomeRatio": 0.2224753946, "totalOtherIncomeExpensesNet": -15451000, "incomeBeforeTax": 292307000, "incomeBeforeTaxRatio": 0.2113060105, "incomeTaxExpense": 38000000, "netIncome": 254307000, "netIncomeRatio": 0.1838361641, "eps": 0.51, "epsdiluted": 0.5, "weightedAverageShsOut": 499125000, "weightedAverageShsOutDil": 505676000, "link": "https://www.sec.gov/Archives/edgar/data/796343/000079634316000290/0000796343-16-000290-index.htm", "finalLink": "https://www.sec.gov/Archives/edgar/data/796343/000079634316000290/adbe10qq116.htm"}, {"date": "2015-11-27", "symbol": "ADBE", "reportedCurrency": "USD", "cik": "0000796343", "fillingDate": "2016-01-19", "acceptedDate": "2016-01-19 08:05:29", "calendarYear": "2015", "period": "Q4", "revenue": 1306404000, "costOfRevenue": 201361000, "grossProfit": 1105043000, "grossProfitRatio": 0.8458662098, "researchAndDevelopmentExpenses": 220514000, "generalAndAdministrativeExpenses": 134052000, "sellingAndMarketingExpenses": 441472000, "sellingGeneralAndAdministrativeExpenses": 575524000, "otherExpenses": 19609000, "operatingExpenses": 814088000, "costAndExpenses": 1015449000, "interestIncome": 8232000, "interestExpense": 16515000, "depreciationAndAmortization": 86359000, "ebitda": 399814000, "ebitdaratio": 0.3060416227, "operatingIncome": 290434000, "operatingIncomeRatio": 0.2223156083, "totalOtherIncomeExpensesNet": 6506000, "incomeBeforeTax": 296940000, "incomeBeforeTaxRatio": 0.2272956911, "incomeTaxExpense": 74235000, "netIncome": 222705000, "netIncomeRatio": 0.1704717683, "eps": 0.45, "epsdiluted": 0.44, "weightedAverageShsOut": 498384000, "weightedAverageShsOutDil": 506012000, "link": "https://www.sec.gov/Archives/edgar/data/796343/000079634316000224/0000796343-16-000224-index.htm", "finalLink": "https://www.sec.gov/Archives/edgar/data/796343/000079634316000224/adbe10kfy15.htm"}, {"date": "2015-08-28", "symbol": "ADBE", "reportedCurrency": "USD", "cik": "0000796343", "fillingDate": "2015-09-23", "acceptedDate": "2015-09-23 16:10:37", "calendarYear": "2015", "period": "Q3", "revenue": 1217768000, "costOfRevenue": 190985000, "grossProfit": 1026783000, "grossProfitRatio": 0.8431679926, "researchAndDevelopmentExpenses": 218660000, "generalAndAdministrativeExpenses": 122578000, "sellingAndMarketingExpenses": 422031000, "sellingGeneralAndAdministrativeExpenses": 544609000, "otherExpenses": 17495000, "operatingExpenses": 781515000, "costAndExpenses": 972500000, "interestIncome": 7394000, "interestExpense": 16519000, "depreciationAndAmortization": 87550000, "ebitda": 332818000, "ebitdaratio": 0.2733016469, "operatingIncome": 246019000, "operatingIncomeRatio": 0.2020245236, "totalOtherIncomeExpensesNet": -13400000, "incomeBeforeTax": 232619000, "incomeBeforeTaxRatio": 0.1910207856, "incomeTaxExpense": 58154000, "netIncome": 174465000, "netIncomeRatio": 0.1432662051, "eps": 0.35, "epsdiluted": 0.34, "weightedAverageShsOut": 498630000, "weightedAverageShsOutDil": 505809000, "link": "https://www.sec.gov/Archives/edgar/data/796343/000079634315000188/0000796343-15-000188-index.htm", "finalLink": "https://www.sec.gov/Archives/edgar/data/796343/000079634315000188/adbe10qq315.htm"}, {"date": "2015-05-29", "symbol": "ADBE", "reportedCurrency": "USD", "cik": "0000796343", "fillingDate": "2015-06-24", "acceptedDate": "2015-06-24 16:04:07", "calendarYear": "2015", "period": "Q2", "revenue": 1162158000, "costOfRevenue": 185173000, "grossProfit": 976985000, "grossProfitRatio": 0.8406645224, "researchAndDevelopmentExpenses": 208047000, "generalAndAdministrativeExpenses": 130208000, "sellingAndMarketingExpenses": 426998000, "sellingGeneralAndAdministrativeExpenses": 557206000, "otherExpenses": 18115000, "operatingExpenses": 783334000, "costAndExpenses": 968507000, "interestIncome": 6846000, "interestExpense": 16605000, "depreciationAndAmortization": 85929000, "ebitda": 279580000, "ebitdaratio": 0.2405696988, "operatingIncome": 193617000, "operatingIncomeRatio": 0.1666012711, "totalOtherIncomeExpensesNet": -12643000, "incomeBeforeTax": 180974000, "incomeBeforeTaxRatio": 0.1557223717, "incomeTaxExpense": 33481000, "netIncome": 147493000, "netIncomeRatio": 0.1269130359, "eps": 0.3, "epsdiluted": 0.29, "weightedAverageShsOut": 499290000, "weightedAverageShsOutDil": 505582000, "link": "https://www.sec.gov/Archives/edgar/data/796343/000079634315000151/0000796343-15-000151-index.htm", "finalLink": "https://www.sec.gov/Archives/edgar/data/796343/000079634315000151/adbe10qq215.htm"}, {"date": "2015-02-27", "symbol": "ADBE", "reportedCurrency": "USD", "cik": "0000796343", "fillingDate": "2015-03-25", "acceptedDate": "2015-03-25 16:02:05", "calendarYear": "2015", "period": "Q1", "revenue": 1109181000, "costOfRevenue": 166798000, "grossProfit": 942383000, "grossProfitRatio": 0.8496205759, "researchAndDevelopmentExpenses": 215509000, "generalAndAdministrativeExpenses": 145081000, "sellingAndMarketingExpenses": 392741000, "sellingGeneralAndAdministrativeExpenses": 537822000, "otherExpenses": 370000, "operatingExpenses": 767603000, "costAndExpenses": 934401000, "interestIncome": 6288000, "interestExpense": 14545000, "depreciationAndAmortization": 79635000, "ebitda": 254415000, "ebitdaratio": 0.229371942, "operatingIncome": 173025000, "operatingIncomeRatio": 0.1559934763, "totalOtherIncomeExpensesNet": -9777000, "incomeBeforeTax": 163248000, "incomeBeforeTaxRatio": 0.1471788644, "incomeTaxExpense": 78360000, "netIncome": 84888000, "netIncomeRatio": 0.076532144, "eps": 0.17, "epsdiluted": 0.17, "weightedAverageShsOut": 498754000, "weightedAverageShsOutDil": 507526000, "link": "https://www.sec.gov/Archives/edgar/data/796343/000079634315000084/0000796343-15-000084-index.htm", "finalLink": "https://www.sec.gov/Archives/edgar/data/796343/000079634315000084/adbe10qq115.htm"}, {"date": "2014-11-28", "symbol": "ADBE", "reportedCurrency": "USD", "cik": "0000796343", "fillingDate": "2015-01-20", "acceptedDate": "2015-01-20 06:42:30", "calendarYear": "2014", "period": "Q4", "revenue": 1073328000, "costOfRevenue": 160943000, "grossProfit": 912385000, "grossProfitRatio": 0.8500523605, "researchAndDevelopmentExpenses": 213687000, "generalAndAdministrativeExpenses": 133534000, "sellingAndMarketingExpenses": 408862000, "sellingGeneralAndAdministrativeExpenses": 542396000, "otherExpenses": 31797000, "operatingExpenses": 787880000, "costAndExpenses": 929438000, "interestIncome": 5706000, "interestExpense": 12678000, "depreciationAndAmortization": 78147000, "ebitda": 203100000, "ebitdaratio": 0.1892245427, "operatingIncome": 124505000, "operatingIncomeRatio": 0.1159990236, "totalOtherIncomeExpensesNet": -12230000, "incomeBeforeTax": 112275000, "incomeBeforeTaxRatio": 0.104604557, "incomeTaxExpense": 24139000, "netIncome": 88136000, "netIncomeRatio": 0.0821146937, "eps": 0.15, "epsdiluted": 0.14, "weightedAverageShsOut": 498124000, "weightedAverageShsOutDil": 507451000, "link": "https://www.sec.gov/Archives/edgar/data/796343/000079634315000022/0000796343-15-000022-index.htm", "finalLink": "https://www.sec.gov/Archives/edgar/data/796343/000079634315000022/adbe10kfy14.htm"}, {"date": "2014-08-29", "symbol": "ADBE", "reportedCurrency": "USD", "cik": "0000796343", "fillingDate": "2014-09-25", "acceptedDate": "2014-09-25 16:20:37", "calendarYear": "2014", "period": "Q3", "revenue": 1005409000, "costOfRevenue": 157724000, "grossProfit": 847685000, "grossProfitRatio": 0.8431245394, "researchAndDevelopmentExpenses": 212049000, "generalAndAdministrativeExpenses": 141676000, "sellingAndMarketingExpenses": 406475000, "sellingGeneralAndAdministrativeExpenses": 548151000, "otherExpenses": 240000, "operatingExpenses": 773308000, "costAndExpenses": 931032000, "interestIncome": 5274000, "interestExpense": 13361000, "depreciationAndAmortization": 80154000, "ebitda": 154531000, "ebitdaratio": 0.1536996387, "operatingIncome": 74176000, "operatingIncomeRatio": 0.0737769405, "totalOtherIncomeExpensesNet": -11238000, "incomeBeforeTax": 62938000, "incomeBeforeTaxRatio": 0.0625993998, "incomeTaxExpense": 18252000, "netIncome": 44686000, "netIncomeRatio": 0.0444455938, "eps": 0.09, "epsdiluted": 0.09, "weightedAverageShsOut": 498468000, "weightedAverageShsOutDil": 507811000, "link": "https://www.sec.gov/Archives/edgar/data/796343/000079634314000092/0000796343-14-000092-index.htm", "finalLink": "https://www.sec.gov/Archives/edgar/data/796343/000079634314000092/adbe10qq314.htm"}, {"date": "2014-05-30", "symbol": "ADBE", "reportedCurrency": "USD", "cik": "0000796343", "fillingDate": "2014-06-25", "acceptedDate": "2014-06-25 16:04:10", "calendarYear": "2014", "period": "Q2", "revenue": 1068208000, "costOfRevenue": 154904000, "grossProfit": 913304000, "grossProfitRatio": 0.8549870437, "researchAndDevelopmentExpenses": 209092000, "generalAndAdministrativeExpenses": 129138000, "sellingAndMarketingExpenses": 426830000, "sellingGeneralAndAdministrativeExpenses": 555968000, "otherExpenses": 335000, "operatingExpenses": 778412000, "costAndExpenses": 933316000, "interestIncome": 5240000, "interestExpense": 17103000, "depreciationAndAmortization": 77653000, "ebitda": 212545000, "ebitdaratio": 0.1989734209, "operatingIncome": 135258000, "operatingIncomeRatio": 0.1266214071, "totalOtherIncomeExpensesNet": -13987000, "incomeBeforeTax": 121271000, "incomeBeforeTaxRatio": 0.1135275152, "incomeTaxExpense": 32744000, "netIncome": 88527000, "netIncomeRatio": 0.0828743091, "eps": 0.18, "epsdiluted": 0.17, "weightedAverageShsOut": 497931000, "weightedAverageShsOutDil": 506687000, "link": "https://www.sec.gov/Archives/edgar/data/796343/000079634314000046/0000796343-14-000046-index.htm", "finalLink": "https://www.sec.gov/Archives/edgar/data/796343/000079634314000046/adbe10qq214.htm"}, {"date": "2014-02-28", "symbol": "ADBE", "reportedCurrency": "USD", "cik": "0000796343", "fillingDate": "2014-03-28", "acceptedDate": "2014-03-28 16:01:15", "calendarYear": "2014", "period": "Q1", "revenue": 1000120000, "costOfRevenue": 148509000, "grossProfit": 851611000, "grossProfitRatio": 0.8515088189, "researchAndDevelopmentExpenses": 209525000, "generalAndAdministrativeExpenses": 138984000, "sellingAndMarketingExpenses": 410141000, "sellingGeneralAndAdministrativeExpenses": 549125000, "otherExpenses": 177000, "operatingExpenses": 772202000, "costAndExpenses": 920711000, "interestIncome": 5134000, "interestExpense": 16590000, "depreciationAndAmortization": 77636000, "ebitda": 157045000, "ebitdaratio": 0.1570261569, "operatingIncome": 78746000, "operatingIncomeRatio": 0.0787365516, "totalOtherIncomeExpensesNet": -13854000, "incomeBeforeTax": 64892000, "incomeBeforeTaxRatio": 0.0648842139, "incomeTaxExpense": 17846000, "netIncome": 47046000, "netIncomeRatio": 0.0470403552, "eps": 0.09, "epsdiluted": 0.09, "weightedAverageShsOut": 496948000, "weightedAverageShsOutDil": 508340000, "link": "https://www.sec.gov/Archives/edgar/data/796343/000079634314000023/0000796343-14-000023-index.htm", "finalLink": "https://www.sec.gov/Archives/edgar/data/796343/000079634314000023/adbe10qq114.htm"}, {"date": "2013-11-29", "symbol": "ADBE", "reportedCurrency": "USD", "cik": "0000796343", "fillingDate": "2014-01-21", "acceptedDate": "2014-01-21 16:15:24", "calendarYear": "2013", "period": "Q4", "revenue": 1041699000, "costOfRevenue": 147516000, "grossProfit": 894183000, "grossProfitRatio": 0.8583890356, "researchAndDevelopmentExpenses": 205196000, "generalAndAdministrativeExpenses": 138358000, "sellingAndMarketingExpenses": 431540000, "sellingGeneralAndAdministrativeExpenses": 569898000, "otherExpenses": 16253000, "operatingExpenses": 789053000, "costAndExpenses": 936569000, "interestIncome": 5267000, "interestExpense": 16722000, "depreciationAndAmortization": 81350000, "ebitda": 186480000, "ebitdaratio": 0.1790152434, "operatingIncome": 102836000, "operatingIncomeRatio": 0.0987194957, "totalOtherIncomeExpensesNet": -14566000, "incomeBeforeTax": 88270000, "incomeBeforeTaxRatio": 0.0847365698, "incomeTaxExpense": 22950000, "netIncome": 65320000, "netIncomeRatio": 0.0627052536, "eps": 0.13, "epsdiluted": 0.13, "weightedAverageShsOut": 499363000, "weightedAverageShsOutDil": 511082000, "link": "https://www.sec.gov/Archives/edgar/data/796343/000079634314000004/0000796343-14-000004-index.htm", "finalLink": "https://www.sec.gov/Archives/edgar/data/796343/000079634314000004/adbe10kfy13.htm"}, {"date": "2013-08-30", "symbol": "ADBE", "reportedCurrency": "USD", "cik": "0000796343", "fillingDate": "2013-10-03", "acceptedDate": "2013-10-03 16:19:15", "calendarYear": "2013", "period": "Q3", "revenue": 995119000, "costOfRevenue": 147076000, "grossProfit": 848043000, "grossProfitRatio": 0.8522026009, "researchAndDevelopmentExpenses": 208700000, "generalAndAdministrativeExpenses": 128043000, "sellingAndMarketingExpenses": 388673000, "sellingGeneralAndAdministrativeExpenses": 516716000, "otherExpenses": 293000, "operatingExpenses": 738480000, "costAndExpenses": 885556000, "interestIncome": 5332000, "interestExpense": 16747000, "depreciationAndAmortization": 82175000, "ebitda": 192182000, "ebitdaratio": 0.1931246414, "operatingIncome": 110354000, "operatingIncomeRatio": 0.1108952799, "totalOtherIncomeExpensesNet": -17094000, "incomeBeforeTax": 93260000, "incomeBeforeTaxRatio": 0.0937174348, "incomeTaxExpense": 10258000, "netIncome": 83002000, "netIncomeRatio": 0.0834091199, "eps": 0.16, "epsdiluted": 0.16, "weightedAverageShsOut": 504116000, "weightedAverageShsOutDil": 514058000, "link": "https://www.sec.gov/Archives/edgar/data/796343/000079634313000058/0000796343-13-000058-index.htm", "finalLink": "https://www.sec.gov/Archives/edgar/data/796343/000079634313000058/adbe10qq313.htm"}, {"date": "2013-05-31", "symbol": "ADBE", "reportedCurrency": "USD", "cik": "0000796343", "fillingDate": "2013-06-28", "acceptedDate": "2013-06-27 17:56:26", "calendarYear": "2013", "period": "Q2", "revenue": 1010549000, "costOfRevenue": 135281000, "grossProfit": 875268000, "grossProfitRatio": 0.8661311822, "researchAndDevelopmentExpenses": 203097000, "generalAndAdministrativeExpenses": 120870000, "sellingAndMarketingExpenses": 402208000, "sellingGeneralAndAdministrativeExpenses": 523078000, "otherExpenses": 293000, "operatingExpenses": 738967000, "costAndExpenses": 874248000, "interestIncome": 5606000, "interestExpense": 17205000, "depreciationAndAmortization": 80950000, "ebitda": 189282000, "ebitdaratio": 0.1873061079, "operatingIncome": 111309000, "operatingIncomeRatio": 0.1101470587, "totalOtherIncomeExpensesNet": -20182000, "incomeBeforeTax": 91127000, "incomeBeforeTaxRatio": 0.0901757362, "incomeTaxExpense": 14581000, "netIncome": 76546000, "netIncomeRatio": 0.0757469455, "eps": 0.15, "epsdiluted": 0.15, "weightedAverageShsOut": 503384000, "weightedAverageShsOutDil": 512446000, "link": "https://www.sec.gov/Archives/edgar/data/796343/000079634313000044/0000796343-13-000044-index.htm", "finalLink": "https://www.sec.gov/Archives/edgar/data/796343/000079634313000044/adbe10qq213.htm"}, {"date": "2013-03-01", "symbol": "ADBE", "reportedCurrency": "USD", "cik": "0000796343", "fillingDate": "2013-03-28", "acceptedDate": "2013-03-28 16:09:09", "calendarYear": "2013", "period": "Q1", "revenue": 1007873000, "costOfRevenue": 156684000, "grossProfit": 851189000, "grossProfitRatio": 0.8445399371, "researchAndDevelopmentExpenses": 209638000, "generalAndAdministrativeExpenses": 132853000, "sellingAndMarketingExpenses": 398033000, "sellingGeneralAndAdministrativeExpenses": 530886000, "otherExpenses": 155000, "operatingExpenses": 752963000, "costAndExpenses": 909647000, "interestIncome": 5681000, "interestExpense": 16834000, "depreciationAndAmortization": 76752000, "ebitda": 177070000, "ebitdaratio": 0.1756868177, "operatingIncome": 98224000, "operatingIncomeRatio": 0.0974567232, "totalOtherIncomeExpensesNet": -14740000, "incomeBeforeTax": 83484000, "incomeBeforeTaxRatio": 0.0828318647, "incomeTaxExpense": 18367000, "netIncome": 65117000, "netIncomeRatio": 0.0646083386, "eps": 0.13, "epsdiluted": 0.13, "weightedAverageShsOut": 498607000, "weightedAverageShsOutDil": 507840000, "link": "https://www.sec.gov/Archives/edgar/data/796343/000079634313000033/0000796343-13-000033-index.htm", "finalLink": "https://www.sec.gov/Archives/edgar/data/796343/000079634313000033/adbe10qq113.htm"}, {"date": "2012-11-30", "symbol": "ADBE", "reportedCurrency": "USD", "cik": "0000796343", "fillingDate": "2013-01-22", "acceptedDate": "2013-01-22 17:31:15", "calendarYear": "2012", "period": "Q4", "revenue": 1153428000, "costOfRevenue": 124978000, "grossProfit": 1028450000, "grossProfitRatio": 0.891646466, "researchAndDevelopmentExpenses": 195047000, "generalAndAdministrativeExpenses": 111449000, "sellingAndMarketingExpenses": 402181000, "sellingGeneralAndAdministrativeExpenses": 513630000, "otherExpenses": 9366000, "operatingExpenses": 720960000, "costAndExpenses": 845938000, "interestIncome": 5853000, "interestExpense": 16767000, "depreciationAndAmortization": 78621000, "ebitda": 386019000, "ebitdaratio": 0.3346710848, "operatingIncome": 307765000, "operatingIncomeRatio": 0.2668263645, "totalOtherIncomeExpensesNet": -17134000, "incomeBeforeTax": 290631000, "incomeBeforeTaxRatio": 0.2519715145, "incomeTaxExpense": 68298000, "netIncome": 222333000, "netIncomeRatio": 0.1927584557, "eps": 0.45, "epsdiluted": 0.44, "weightedAverageShsOut": 494906000, "weightedAverageShsOutDil": 502154000, "link": "https://www.sec.gov/Archives/edgar/data/796343/000079634313000008/0000796343-13-000008-index.htm", "finalLink": "https://www.sec.gov/Archives/edgar/data/796343/000079634313000008/adbe10kfy12.htm"}, {"date": "2012-08-31", "symbol": "ADBE", "reportedCurrency": "USD", "cik": "0000796343", "fillingDate": "2012-09-27", "acceptedDate": "2012-09-27 16:35:48", "calendarYear": "2012", "period": "Q3", "revenue": 1080580000, "costOfRevenue": 119621000, "grossProfit": 960959000, "grossProfitRatio": 0.8892992652, "researchAndDevelopmentExpenses": 189145000, "generalAndAdministrativeExpenses": 110249000, "sellingAndMarketingExpenses": 368556000, "sellingGeneralAndAdministrativeExpenses": 478805000, "otherExpenses": 0, "operatingExpenses": 680281000, "costAndExpenses": 799902000, "interestIncome": 6575000, "interestExpense": 17253000, "depreciationAndAmortization": 74110000, "ebitda": 354575000, "ebitdaratio": 0.3281339651, "operatingIncome": 278304000, "operatingIncomeRatio": 0.2575505747, "totalOtherIncomeExpensesNet": -15092000, "incomeBeforeTax": 263212000, "incomeBeforeTaxRatio": 0.2435840012, "incomeTaxExpense": 61855000, "netIncome": 201357000, "netIncomeRatio": 0.1863415943, "eps": 0.41, "epsdiluted": 0.4, "weightedAverageShsOut": 494051000, "weightedAverageShsOutDil": 499757000, "link": "https://www.sec.gov/Archives/edgar/data/796343/000079634312000029/0000796343-12-000029-index.htm", "finalLink": "https://www.sec.gov/Archives/edgar/data/796343/000079634312000029/adbe10qq312.htm"}, {"date": "2012-06-01", "symbol": "ADBE", "reportedCurrency": "USD", "cik": "0000796343", "fillingDate": "2012-06-27", "acceptedDate": "2012-06-27 16:58:59", "calendarYear": "2012", "period": "Q2", "revenue": 1124449000, "costOfRevenue": 130918000, "grossProfit": 993531000, "grossProfitRatio": 0.8835714203, "researchAndDevelopmentExpenses": 180903000, "generalAndAdministrativeExpenses": 110603000, "sellingAndMarketingExpenses": 386459000, "sellingGeneralAndAdministrativeExpenses": 497062000, "otherExpenses": 0, "operatingExpenses": 690579000, "costAndExpenses": 821497000, "interestIncome": 5929000, "interestExpense": 16629000, "depreciationAndAmortization": 77174000, "ebitda": 388377000, "ebitdaratio": 0.3453931659, "operatingIncome": 305143000, "operatingIncomeRatio": 0.2713711338, "totalOtherIncomeExpensesNet": -10569000, "incomeBeforeTax": 294574000, "incomeBeforeTaxRatio": 0.2619718636, "incomeTaxExpense": 70698000, "netIncome": 223876000, "netIncomeRatio": 0.1990984029, "eps": 0.45, "epsdiluted": 0.45, "weightedAverageShsOut": 495950000, "weightedAverageShsOutDil": 501377000, "link": "https://www.sec.gov/Archives/edgar/data/796343/000079634312000022/0000796343-12-000022-index.htm", "finalLink": "https://www.sec.gov/Archives/edgar/data/796343/000079634312000022/adbe10qq212.htm"}, {"date": "2012-03-02", "symbol": "ADBE", "reportedCurrency": "USD", "cik": "0000796343", "fillingDate": "2012-03-30", "acceptedDate": "2012-03-29 19:45:02", "calendarYear": "2012", "period": "Q1", "revenue": 1045220000, "costOfRevenue": 108265000, "grossProfit": 936955000, "grossProfitRatio": 0.8964189357, "researchAndDevelopmentExpenses": 177728000, "generalAndAdministrativeExpenses": 102681000, "sellingAndMarketingExpenses": 358963000, "sellingGeneralAndAdministrativeExpenses": 461644000, "otherExpenses": 0, "operatingExpenses": 650801000, "costAndExpenses": 759066000, "interestIncome": 6193000, "interestExpense": 16838000, "depreciationAndAmortization": 69861000, "ebitda": 357076000, "ebitdaratio": 0.3416275999, "operatingIncome": 288979000, "operatingIncomeRatio": 0.2764767226, "totalOtherIncomeExpensesNet": -18602000, "incomeBeforeTax": 270377000, "incomeBeforeTaxRatio": 0.2586795124, "incomeTaxExpense": 85168000, "netIncome": 185209000, "netIncomeRatio": 0.1771961884, "eps": 0.37, "epsdiluted": 0.37, "weightedAverageShsOut": 494016000, "weightedAverageShsOutDil": 500378000, "link": "https://www.sec.gov/Archives/edgar/data/796343/000079634312000013/0000796343-12-000013-index.htm", "finalLink": "https://www.sec.gov/Archives/edgar/data/796343/000079634312000013/adbe10qq112.htm"}, {"date": "2011-12-02", "symbol": "ADBE", "reportedCurrency": "USD", "cik": "0000796343", "fillingDate": "2012-01-26", "acceptedDate": "2012-01-26 16:10:33", "calendarYear": "2011", "period": "Q4", "revenue": 1152161000, "costOfRevenue": 116379000, "grossProfit": 1035782000, "grossProfitRatio": 0.8989906793, "researchAndDevelopmentExpenses": 195403000, "generalAndAdministrativeExpenses": 119586000, "sellingAndMarketingExpenses": 368330000, "sellingGeneralAndAdministrativeExpenses": 487916000, "otherExpenses": 106332000, "operatingExpenses": 789651000, "costAndExpenses": 811528000, "interestIncome": 6440000, "interestExpense": 16774000, "depreciationAndAmortization": 73290000, "ebitda": 323244000, "ebitdaratio": 0.2805545406, "operatingIncome": 246131000, "operatingIncomeRatio": 0.2136255263, "totalOtherIncomeExpensesNet": -12951000, "incomeBeforeTax": 233180000, "incomeBeforeTaxRatio": 0.2023849097, "incomeTaxExpense": 59461000, "netIncome": 173719000, "netIncomeRatio": 0.150776671, "eps": 0.35, "epsdiluted": 0.35, "weightedAverageShsOut": 491523000, "weightedAverageShsOutDil": 496288000, "link": "https://www.sec.gov/Archives/edgar/data/796343/000079634312000003/0000796343-12-000003-index.htm", "finalLink": "https://www.sec.gov/Archives/edgar/data/796343/000079634312000003/adbe10kfy11.htm"}, {"date": "2011-09-02", "symbol": "ADBE", "reportedCurrency": "USD", "cik": "0000796343", "fillingDate": "2011-10-07", "acceptedDate": "2011-10-06 18:57:46", "calendarYear": "2011", "period": "Q3", "revenue": 1013212000, "costOfRevenue": 104654000, "grossProfit": 908558000, "grossProfitRatio": 0.8967106588, "researchAndDevelopmentExpenses": 181039000, "generalAndAdministrativeExpenses": 98493000, "sellingAndMarketingExpenses": 340724000, "sellingGeneralAndAdministrativeExpenses": 439217000, "otherExpenses": 0, "operatingExpenses": 630632000, "costAndExpenses": 735286000, "interestIncome": 6102000, "interestExpense": 16431000, "depreciationAndAmortization": 64009000, "ebitda": 337159000, "ebitdaratio": 0.3327625413, "operatingIncome": 274110000, "operatingIncomeRatio": 0.2705356826, "totalOtherIncomeExpensesNet": -17391000, "incomeBeforeTax": 256719000, "incomeBeforeTaxRatio": 0.2533714563, "incomeTaxExpense": 61618000, "netIncome": 195101000, "netIncomeRatio": 0.1925569377, "eps": 0.39, "epsdiluted": 0.39, "weightedAverageShsOut": 494537000, "weightedAverageShsOutDil": 498741000, "link": "https://www.sec.gov/Archives/edgar/data/796343/000079634311000015/0000796343-11-000015-index.htm", "finalLink": "https://www.sec.gov/Archives/edgar/data/796343/000079634311000015/adbe10qq311.htm"}, {"date": "2011-06-03", "symbol": "ADBE", "reportedCurrency": "USD", "cik": "0000796343", "fillingDate": "2011-06-29", "acceptedDate": "2011-06-29 16:42:55", "calendarYear": "2011", "period": "Q2", "revenue": 1023179000, "costOfRevenue": 109201000, "grossProfit": 913978000, "grossProfitRatio": 0.8932728291, "researchAndDevelopmentExpenses": 183211000, "generalAndAdministrativeExpenses": 95547000, "sellingAndMarketingExpenses": 348690000, "sellingGeneralAndAdministrativeExpenses": 444237000, "otherExpenses": 0, "operatingExpenses": 637840000, "costAndExpenses": 747041000, "interestIncome": 5865000, "interestExpense": 16727000, "depreciationAndAmortization": 66620000, "ebitda": 342591000, "ebitdaratio": 0.334829976, "operatingIncome": 276724000, "operatingIncomeRatio": 0.2704551208, "totalOtherIncomeExpensesNet": -17480000, "incomeBeforeTax": 259244000, "incomeBeforeTaxRatio": 0.253371111, "incomeTaxExpense": 29808000, "netIncome": 229436000, "netIncomeRatio": 0.2242383786, "eps": 0.46, "epsdiluted": 0.45, "weightedAverageShsOut": 499686000, "weightedAverageShsOutDil": 506280000, "link": "https://www.sec.gov/Archives/edgar/data/796343/000079634311000010/0000796343-11-000010-index.htm", "finalLink": "https://www.sec.gov/Archives/edgar/data/796343/000079634311000010/adbe10qq211.htm"}, {"date": "2011-03-04", "symbol": "ADBE", "reportedCurrency": "USD", "cik": "0000796343", "fillingDate": "2011-04-08", "acceptedDate": "2011-04-07 19:38:56", "calendarYear": "2011", "period": "Q1", "revenue": 1027706000, "costOfRevenue": 107639000, "grossProfit": 920067000, "grossProfitRatio": 0.8952628475, "researchAndDevelopmentExpenses": 178400000, "generalAndAdministrativeExpenses": 100979000, "sellingAndMarketingExpenses": 328078000, "sellingGeneralAndAdministrativeExpenses": 429057000, "otherExpenses": 10235000, "operatingExpenses": 617692000, "costAndExpenses": 725331000, "interestIncome": 6099000, "interestExpense": 17020000, "depreciationAndAmortization": 66286000, "ebitda": 369393000, "ebitdaratio": 0.3594345075, "operatingIncome": 302334000, "operatingIncomeRatio": 0.2941833559, "totalOtherIncomeExpensesNet": -16247000, "incomeBeforeTax": 286087000, "incomeBeforeTaxRatio": 0.27837436, "incomeTaxExpense": 51496000, "netIncome": 234591000, "netIncomeRatio": 0.2282666444, "eps": 0.47, "epsdiluted": 0.46, "weightedAverageShsOut": 504134000, "weightedAverageShsOutDil": 511345000, "link": "https://www.sec.gov/Archives/edgar/data/796343/000079634311000006/0000796343-11-000006-index.htm", "finalLink": "https://www.sec.gov/Archives/edgar/data/796343/000079634311000006/adbe10qq111.htm"}, {"date": "2010-12-03", "symbol": "ADBE", "reportedCurrency": "USD", "cik": "0000796343", "fillingDate": "2011-01-27", "acceptedDate": "2011-01-27 13:14:29", "calendarYear": "2010", "period": "Q4", "revenue": 1007946000, "costOfRevenue": 107217000, "grossProfit": 900729000, "grossProfitRatio": 0.8936282301, "researchAndDevelopmentExpenses": 170378000, "generalAndAdministrativeExpenses": 100323000, "sellingAndMarketingExpenses": 322708000, "sellingGeneralAndAdministrativeExpenses": 423031000, "otherExpenses": 20377000, "operatingExpenses": 611593000, "costAndExpenses": 718810000, "interestIncome": 4911000, "interestExpense": 16786000, "depreciationAndAmortization": 76097000, "ebitda": 378894000, "ebitdaratio": 0.3759070426, "operatingIncome": 286943000, "operatingIncomeRatio": 0.2846809254, "totalOtherIncomeExpensesNet": -932000, "incomeBeforeTax": 286011000, "incomeBeforeTaxRatio": 0.2837562727, "incomeTaxExpense": 17161000, "netIncome": 268850000, "netIncomeRatio": 0.266730559, "eps": 0.53, "epsdiluted": 0.53, "weightedAverageShsOut": 504134000, "weightedAverageShsOutDil": 511345000, "link": "https://www.sec.gov/Archives/edgar/data/796343/000079634311000003/0000796343-11-000003-index.htm", "finalLink": "https://www.sec.gov/Archives/edgar/data/796343/000079634311000003/form_10k.htm"}, {"date": "2010-09-03", "symbol": "ADBE", "reportedCurrency": "USD", "cik": "0000796343", "fillingDate": "2010-10-08", "acceptedDate": "2010-10-08 12:19:37", "calendarYear": "2010", "period": "Q3", "revenue": 990319000, "costOfRevenue": 99084000, "grossProfit": 891235000, "grossProfitRatio": 0.8999473907, "researchAndDevelopmentExpenses": 168296000, "generalAndAdministrativeExpenses": 102177000, "sellingAndMarketingExpenses": 303219000, "sellingGeneralAndAdministrativeExpenses": 405396000, "otherExpenses": 15530000, "operatingExpenses": 591312000, "costAndExpenses": 690396000, "interestIncome": 5883000, "interestExpense": 16395000, "depreciationAndAmortization": 73154000, "ebitda": 386301000, "ebitdaratio": 0.3900773387, "operatingIncome": 302013000, "operatingIncomeRatio": 0.3049653697, "totalOtherIncomeExpensesNet": -5261000, "incomeBeforeTax": 296752000, "incomeBeforeTaxRatio": 0.2996529401, "incomeTaxExpense": 66687000, "netIncome": 230065000, "netIncomeRatio": 0.2323140321, "eps": 0.44, "epsdiluted": 0.44, "weightedAverageShsOut": 518710000, "weightedAverageShsOutDil": 523179000, "link": "https://www.sec.gov/Archives/edgar/data/796343/000079634310000014/0000796343-10-000014-index.htm", "finalLink": "https://www.sec.gov/Archives/edgar/data/796343/000079634310000014/form_10q.htm"}]