[{"date": "2025-06-30", "symbol": "JD", "reportedCurrency": "CNY", "cik": "0001549802", "fillingDate": "2025-08-14", "acceptedDate": "2025-08-14 06:01:55", "calendarYear": "2025", "period": "Q2", "revenue": 356660000000, "costOfRevenue": 300020000000, "grossProfit": 56640000000, "grossProfitRatio": 0.1588067067, "researchAndDevelopmentExpenses": 5299000000, "generalAndAdministrativeExpenses": 3266000000, "sellingAndMarketingExpenses": 27013000000, "sellingGeneralAndAdministrativeExpenses": 30279000000, "otherExpenses": 21921000000, "operatingExpenses": 57499000000, "costAndExpenses": 357519000000, "interestIncome": 0, "interestExpense": 643000000, "depreciationAndAmortization": 0, "ebitda": 7342000000, "ebitdaratio": 0.0205854315, "operatingIncome": -859000000, "operatingIncomeRatio": -0.0024084562, "totalOtherIncomeExpensesNet": 7558000000, "incomeBeforeTax": 6699000000, "incomeBeforeTaxRatio": 0.0187825941, "incomeTaxExpense": -10000000, "netIncome": 6178000000, "netIncomeRatio": 0.0173218191, "eps": 4.34, "epsdiluted": 4.14, "weightedAverageShsOut": 1420500000, "weightedAverageShsOutDil": 1485000000, "link": "https://www.sec.gov/Archives/edgar/data/1549802/000119312525180226/0001193125-25-180226-index.htm", "finalLink": "https://www.sec.gov/Archives/edgar/data/1549802/000119312525180226/d79311dex991.htm"}, {"date": "2025-03-31", "symbol": "JD", "reportedCurrency": "CNY", "cik": "0001549802", "fillingDate": "2025-05-13", "acceptedDate": "2025-05-13 06:13:03", "calendarYear": "2025", "period": "Q1", "revenue": 301082000000, "costOfRevenue": 253234000000, "grossProfit": 47848000000, "grossProfitRatio": 0.1589201613, "researchAndDevelopmentExpenses": 4621000000, "generalAndAdministrativeExpenses": 2547000000, "sellingAndMarketingExpenses": 10202000000, "sellingGeneralAndAdministrativeExpenses": 12749000000, "otherExpenses": 19945000000, "operatingExpenses": 37315000000, "costAndExpenses": 290549000000, "interestIncome": 0, "interestExpense": 600000000, "depreciationAndAmortization": 328000000, "ebitda": 14270000000, "ebitdaratio": 0.0473957261, "operatingIncome": 10533000000, "operatingIncomeRatio": 0.034983825, "totalOtherIncomeExpensesNet": 2809000000, "incomeBeforeTax": 13342000000, "incomeBeforeTaxRatio": 0.0443135093, "incomeTaxExpense": 2063000000, "netIncome": 10890000000, "netIncomeRatio": 0.0361695485, "eps": 7.52, "epsdiluted": 7.18, "weightedAverageShsOut": 1449000000, "weightedAverageShsOutDil": 1517500000, "link": "https://www.sec.gov/Archives/edgar/data/1549802/000119312525118254/0001193125-25-118254-index.htm", "finalLink": "https://www.sec.gov/Archives/edgar/data/1549802/000119312525118254/d56467dex991.htm"}, {"date": "2024-12-31", "symbol": "JD", "reportedCurrency": "CNY", "cik": "0001549802", "fillingDate": "2025-04-17", "acceptedDate": "2025-04-17 06:56:54", "calendarYear": "2024", "period": "Q4", "revenue": 346986000000, "costOfRevenue": 313990000000, "grossProfit": 32996000000, "grossProfitRatio": 0.0950931738, "researchAndDevelopmentExpenses": 4384000000, "generalAndAdministrativeExpenses": 2455000000, "sellingAndMarketingExpenses": 16832000000, "sellingGeneralAndAdministrativeExpenses": 19287000000, "otherExpenses": 834000000, "operatingExpenses": 24505000000, "costAndExpenses": 338495000000, "interestIncome": 0, "interestExpense": 926000000, "depreciationAndAmortization": 1998000000, "ebitda": 11323000000, "ebitdaratio": 0.0326324405, "operatingIncome": 8491000000, "operatingIncomeRatio": 0.0244707279, "totalOtherIncomeExpensesNet": 3123000000, "incomeBeforeTax": 11614000000, "incomeBeforeTaxRatio": 0.0334710911, "incomeTaxExpense": 750000000, "netIncome": 9854000000, "netIncomeRatio": 0.0283988403, "eps": 6.78, "epsdiluted": 6.48, "weightedAverageShsOut": 1525387000, "weightedAverageShsOutDil": 1520500000, "link": "https://www.sec.gov/Archives/edgar/data/1549802/000119312525083473/0001193125-25-083473-index.htm", "finalLink": "https://www.sec.gov/Archives/edgar/data/1549802/000119312525083473/d871796d20f.htm"}, {"date": "2024-09-30", "symbol": "JD", "reportedCurrency": "CNY", "cik": "0001549802", "fillingDate": "2024-11-14", "acceptedDate": "2024-11-14 06:08:57", "calendarYear": "2024", "period": "Q3", "revenue": 260387000000, "costOfRevenue": 231622000000, "grossProfit": 28765000000, "grossProfitRatio": 0.1104701848, "researchAndDevelopmentExpenses": 4396000000, "generalAndAdministrativeExpenses": 2325000000, "sellingAndMarketingExpenses": 10000000000, "sellingGeneralAndAdministrativeExpenses": 12325000000, "otherExpenses": 0, "operatingExpenses": 16721000000, "costAndExpenses": 248343000000, "interestIncome": 0, "interestExpense": 681000000, "depreciationAndAmortization": 1998000000, "ebitda": 14042000000, "ebitdaratio": 0.0539274234, "operatingIncome": 12044000000, "operatingIncomeRatio": 0.0462542293, "totalOtherIncomeExpensesNet": 3199000000, "incomeBeforeTax": 15243000000, "incomeBeforeTaxRatio": 0.0585397889, "incomeTaxExpense": 2406000000, "netIncome": 11731000000, "netIncomeRatio": 0.0450521723, "eps": 8.04, "epsdiluted": 7.74, "weightedAverageShsOut": 1458000000, "weightedAverageShsOutDil": 1517500000, "link": "https://www.sec.gov/Archives/edgar/data/1549802/000119312524257928/0001193125-24-257928-index.htm", "finalLink": "https://www.sec.gov/Archives/edgar/data/1549802/000119312524257928/d815449dex991.htm"}, {"date": "2024-06-30", "symbol": "JD", "reportedCurrency": "CNY", "cik": "0001549802", "fillingDate": "2024-08-15", "acceptedDate": "2024-08-15 06:06:28", "calendarYear": "2024", "period": "Q2", "revenue": 291397000000, "costOfRevenue": 245888000000, "grossProfit": 45509000000, "grossProfitRatio": 0.1561752523, "researchAndDevelopmentExpenses": 4217000000, "generalAndAdministrativeExpenses": 2132000000, "sellingAndMarketingExpenses": 11867000000, "sellingGeneralAndAdministrativeExpenses": 13999000000, "otherExpenses": 17221000000, "operatingExpenses": 35437000000, "costAndExpenses": 280896000000, "interestIncome": 0, "interestExpense": 688000000, "depreciationAndAmortization": 2250000000, "ebitda": 12751000000, "ebitdaratio": 0.0437581718, "operatingIncome": 10501000000, "operatingIncomeRatio": 0.0360367471, "totalOtherIncomeExpensesNet": 5115000000, "incomeBeforeTax": 15616000000, "incomeBeforeTaxRatio": 0.0535901193, "incomeTaxExpense": 2022000000, "netIncome": 12644000000, "netIncomeRatio": 0.0433909752, "eps": 8.4, "epsdiluted": 8.2, "weightedAverageShsOut": 1506500000, "weightedAverageShsOutDil": 1542500000, "link": "https://www.sec.gov/Archives/edgar/data/1549802/000119312524200955/0001193125-24-200955-index.htm", "finalLink": "https://www.sec.gov/Archives/edgar/data/1549802/000119312524200955/d857221dex991.htm"}, {"date": "2024-03-31", "symbol": "JD", "reportedCurrency": "CNY", "cik": "0001549802", "fillingDate": "2024-05-16", "acceptedDate": "2024-05-16 06:06:57", "calendarYear": "2024", "period": "Q1", "revenue": 260049000000, "costOfRevenue": 220699000000, "grossProfit": 39350000000, "grossProfitRatio": 0.1513176363, "researchAndDevelopmentExpenses": 3968000000, "generalAndAdministrativeExpenses": 2137000000, "sellingAndMarketingExpenses": 8952000000, "sellingGeneralAndAdministrativeExpenses": 11089000000, "otherExpenses": 2696000000, "operatingExpenses": 31650000000, "costAndExpenses": 252349000000, "interestIncome": 2589000000, "interestExpense": 601000000, "depreciationAndAmortization": 2217000000, "ebitda": 11883000000, "ebitdaratio": 0.0456952344, "operatingIncome": 7700000000, "operatingIncomeRatio": 0.0296098043, "totalOtherIncomeExpensesNet": 1365000000, "incomeBeforeTax": 9065000000, "incomeBeforeTaxRatio": 0.0348588151, "incomeTaxExpense": 1700000000, "netIncome": 7130000000, "netIncomeRatio": 0.0274179097, "eps": 4.56, "epsdiluted": 4.54, "weightedAverageShsOut": 1563204614, "weightedAverageShsOutDil": 1572014404, "link": "https://www.sec.gov/Archives/edgar/data/1549802/000119312524139926/0001193125-24-139926-index.htm", "finalLink": "https://www.sec.gov/Archives/edgar/data/1549802/000119312524139926/d788354dex991.htm"}, {"date": "2023-12-31", "symbol": "JD", "reportedCurrency": "CNY", "cik": "0001549802", "fillingDate": "2024-03-06", "acceptedDate": "2024-03-06 06:09:27", "calendarYear": "2023", "period": "Q4", "revenue": 306077000000, "costOfRevenue": 262997000000, "grossProfit": 43080000000, "grossProfitRatio": 0.1407488965, "researchAndDevelopmentExpenses": 4275000000, "generalAndAdministrativeExpenses": 2377000000, "sellingAndMarketingExpenses": 13110000000, "sellingGeneralAndAdministrativeExpenses": 15487000000, "otherExpenses": -6585000000, "operatingExpenses": 36689000000, "costAndExpenses": 299686000000, "interestIncome": 8649000000, "interestExpense": 927000000, "depreciationAndAmortization": 2177000000, "ebitda": 4233000000, "ebitdaratio": 0.0138298533, "operatingIncome": 6391000000, "operatingIncomeRatio": 0.0208803667, "totalOtherIncomeExpensesNet": -3085000000, "incomeBeforeTax": 3306000000, "incomeBeforeTaxRatio": 0.0108012036, "incomeTaxExpense": 1394000000, "netIncome": 3389000000, "netIncomeRatio": 0.0110723772, "eps": 2.16, "epsdiluted": 2.14, "weightedAverageShsOut": 1573500000, "weightedAverageShsOutDil": 1583000000, "link": "https://www.sec.gov/Archives/edgar/data/1549802/000119312524059942/0001193125-24-059942-index.htm", "finalLink": "https://www.sec.gov/Archives/edgar/data/1549802/000119312524059942/d686136dex991.htm"}, {"date": "2023-09-30", "symbol": "JD", "reportedCurrency": "CNY", "cik": "0001549802", "fillingDate": "2023-11-15", "acceptedDate": "2023-11-15 06:11:50", "calendarYear": "2023", "period": "Q3", "revenue": 247698000000, "costOfRevenue": 208947000000, "grossProfit": 38751000000, "grossProfitRatio": 0.1564445413, "researchAndDevelopmentExpenses": 3794000000, "generalAndAdministrativeExpenses": 17699000000, "sellingAndMarketingExpenses": 7955000000, "sellingGeneralAndAdministrativeExpenses": 25654000000, "otherExpenses": 0, "operatingExpenses": 29448000000, "costAndExpenses": 238395000000, "interestIncome": 0, "interestExpense": 710000000, "depreciationAndAmortization": 2101000000, "ebitda": 11512000000, "ebitdaratio": 0.0464759506, "operatingIncome": 9303000000, "operatingIncomeRatio": 0.0375578325, "totalOtherIncomeExpensesNet": 1499000000, "incomeBeforeTax": 10802000000, "incomeBeforeTaxRatio": 0.0436095568, "incomeTaxExpense": 2579000000, "netIncome": 7936000000, "netIncomeRatio": 0.0320390153, "eps": 5.04, "epsdiluted": 5, "weightedAverageShsOut": 1573500000, "weightedAverageShsOutDil": 1585000000, "link": "https://www.sec.gov/Archives/edgar/data/1549802/000119312523277501/0001193125-23-277501-index.htm", "finalLink": "https://www.sec.gov/Archives/edgar/data/1549802/000119312523277501/d256645dex991.htm"}, {"date": "2023-06-30", "symbol": "JD", "reportedCurrency": "CNY", "cik": "0001549802", "fillingDate": "2023-08-16", "acceptedDate": "2023-08-16 06:32:10", "calendarYear": "2023", "period": "Q2", "revenue": 287931000000, "costOfRevenue": 246498000000, "grossProfit": 41433000000, "grossProfitRatio": 0.1438990591, "researchAndDevelopmentExpenses": 4072000000, "generalAndAdministrativeExpenses": 19037000000, "sellingAndMarketingExpenses": 11063000000, "sellingGeneralAndAdministrativeExpenses": 30100000000, "otherExpenses": 0, "operatingExpenses": 34172000000, "costAndExpenses": 280670000000, "interestIncome": 0, "interestExpense": 654000000, "depreciationAndAmortization": 2054000000, "ebitda": 10388000000, "ebitdaratio": 0.0360780882, "operatingIncome": 8270000000, "operatingIncomeRatio": 0.0287221591, "totalOtherIncomeExpensesNet": 1464000000, "incomeBeforeTax": 9734000000, "incomeBeforeTaxRatio": 0.0338067106, "incomeTaxExpense": 2811000000, "netIncome": 6581000000, "netIncomeRatio": 0.0228561704, "eps": 4.18, "epsdiluted": 4.16, "weightedAverageShsOut": 1571500000, "weightedAverageShsOutDil": 1583000000, "link": "https://www.sec.gov/Archives/edgar/data/1549802/000119312523213825/0001193125-23-213825-index.htm", "finalLink": "https://www.sec.gov/Archives/edgar/data/1549802/000119312523213825/d518853dex991.htm"}, {"date": "2023-03-31", "symbol": "JD", "reportedCurrency": "CNY", "cik": "0001549802", "fillingDate": "2023-05-11", "acceptedDate": "2023-05-11 06:09:34", "calendarYear": "2023", "period": "Q1", "revenue": 242956000000, "costOfRevenue": 206938000000, "grossProfit": 36018000000, "grossProfitRatio": 0.1482490657, "researchAndDevelopmentExpenses": 4186000000, "generalAndAdministrativeExpenses": 17872000000, "sellingAndMarketingExpenses": 8005000000, "sellingGeneralAndAdministrativeExpenses": 25877000000, "otherExpenses": 0, "operatingExpenses": 30063000000, "costAndExpenses": 237001000000, "interestIncome": 2051000000, "interestExpense": 590000000, "depreciationAndAmortization": 1960000000, "ebitda": 7926000000, "ebitdaratio": 0.032623191, "operatingIncome": 6427000000, "operatingIncomeRatio": 0.0264533496, "totalOtherIncomeExpensesNet": 1381000000, "incomeBeforeTax": 7808000000, "incomeBeforeTaxRatio": 0.0321375064, "incomeTaxExpense": 1609000000, "netIncome": 6261000000, "netIncomeRatio": 0.0257700983, "eps": 3.98, "epsdiluted": 3.94, "weightedAverageShsOut": 1569500000, "weightedAverageShsOutDil": 1590000000, "link": "https://www.sec.gov/Archives/edgar/data/1549802/000119312523141315/0001193125-23-141315-index.htm", "finalLink": "https://www.sec.gov/Archives/edgar/data/1549802/000119312523141315/d340916dex991.htm"}, {"date": "2022-12-31", "symbol": "JD", "reportedCurrency": "CNY", "cik": "0001549802", "fillingDate": "2022-12-31", "acceptedDate": "2022-12-31 00:00:00", "calendarYear": "2022", "period": "Q4", "revenue": 295446000000, "costOfRevenue": 253909000000, "grossProfit": 41537000000, "grossProfitRatio": 0.1405908356, "researchAndDevelopmentExpenses": 4366000000, "generalAndAdministrativeExpenses": 20508000000, "sellingAndMarketingExpenses": 11985000000, "sellingGeneralAndAdministrativeExpenses": 32493000000, "otherExpenses": 0, "operatingExpenses": 36859000000, "costAndExpenses": 290768000000, "interestIncome": 5044000000, "interestExpense": 698000000, "depreciationAndAmortization": 1984000000, "ebitda": 7541000000, "ebitdaratio": 0.0255241229, "operatingIncome": 4828000000, "operatingIncomeRatio": 0.0163413957, "totalOtherIncomeExpensesNet": -1012000000, "incomeBeforeTax": 3816000000, "incomeBeforeTaxRatio": 0.0129160659, "incomeTaxExpense": 595000000, "netIncome": 3024000000, "netIncomeRatio": 0.010235373, "eps": 1.92, "epsdiluted": 1.9, "weightedAverageShsOut": 1568000000, "weightedAverageShsOutDil": 1589000000, "link": null, "finalLink": null}, {"date": "2022-09-30", "symbol": "JD", "reportedCurrency": "CNY", "cik": "0001549802", "fillingDate": "2022-11-18", "acceptedDate": "2022-11-18 06:35:08", "calendarYear": "2022", "period": "Q3", "revenue": 243535000000, "costOfRevenue": 207339000000, "grossProfit": 36196000000, "grossProfitRatio": 0.1486275073, "researchAndDevelopmentExpenses": 4116000000, "generalAndAdministrativeExpenses": 16976000000, "sellingAndMarketingExpenses": 7605000000, "sellingGeneralAndAdministrativeExpenses": 24581000000, "otherExpenses": 0, "operatingExpenses": 28697000000, "costAndExpenses": 236036000000, "interestIncome": 0, "interestExpense": 579000000, "depreciationAndAmortization": 1867000000, "ebitda": 8289000000, "ebitdaratio": 0.0340361755, "operatingIncome": 6266000000, "operatingIncomeRatio": 0.0257293613, "totalOtherIncomeExpensesNet": 211000000, "incomeBeforeTax": 7710000000, "incomeBeforeTaxRatio": 0.0316586938, "incomeTaxExpense": 1751000000, "netIncome": 5963000000, "netIncomeRatio": 0.0244851869, "eps": 3.82, "epsdiluted": 3.74, "weightedAverageShsOut": 1564500000, "weightedAverageShsOutDil": 1590500000, "link": "https://www.sec.gov/Archives/edgar/data/1549802/000119312522288209/0001193125-22-288209-index.htm", "finalLink": "https://www.sec.gov/Archives/edgar/data/1549802/000119312522288209/d423568dex991.htm"}, {"date": "2022-06-30", "symbol": "JD", "reportedCurrency": "CNY", "cik": "0001549802", "fillingDate": "2022-08-23", "acceptedDate": "2022-08-23 08:12:09", "calendarYear": "2022", "period": "Q2", "revenue": 267600000000, "costOfRevenue": 231706000000, "grossProfit": 35894000000, "grossProfitRatio": 0.1341330344, "researchAndDevelopmentExpenses": 4027000000, "generalAndAdministrativeExpenses": 18632000000, "sellingAndMarketingExpenses": 9477000000, "sellingGeneralAndAdministrativeExpenses": 28109000000, "otherExpenses": 0, "operatingExpenses": 32136000000, "costAndExpenses": 263842000000, "interestIncome": 0, "interestExpense": 484000000, "depreciationAndAmortization": 1713000000, "ebitda": 5740000000, "ebitdaratio": 0.0214499253, "operatingIncome": 3758000000, "operatingIncomeRatio": 0.0140433483, "totalOtherIncomeExpensesNet": 1498000000, "incomeBeforeTax": 5256000000, "incomeBeforeTaxRatio": 0.0196412556, "incomeTaxExpense": 1227000000, "netIncome": 4379000000, "netIncomeRatio": 0.0163639761, "eps": 2.8, "epsdiluted": 2.76, "weightedAverageShsOut": 1560500000, "weightedAverageShsOutDil": 1588000000, "link": "https://www.sec.gov/Archives/edgar/data/1549802/000119312522226979/0001193125-22-226979-index.htm", "finalLink": "https://www.sec.gov/Archives/edgar/data/1549802/000119312522226979/d311135dex991.htm"}, {"date": "2022-03-31", "symbol": "JD", "reportedCurrency": "CNY", "cik": "0001549802", "fillingDate": "2022-05-17", "acceptedDate": "2022-05-17 07:15:17", "calendarYear": "2022", "period": "Q1", "revenue": 239655000000, "costOfRevenue": 206209000000, "grossProfit": 33446000000, "grossProfitRatio": 0.1395589493, "researchAndDevelopmentExpenses": 4384000000, "generalAndAdministrativeExpenses": 17948000000, "sellingAndMarketingExpenses": 8705000000, "sellingGeneralAndAdministrativeExpenses": 26653000000, "otherExpenses": 0, "operatingExpenses": 31037000000, "costAndExpenses": 237246000000, "interestIncome": 0, "interestExpense": 345000000, "depreciationAndAmortization": 1672000000, "ebitda": 4081000000, "ebitdaratio": 0.0170286453, "operatingIncome": 2409000000, "operatingIncomeRatio": 0.0100519497, "totalOtherIncomeExpensesNet": -5324000000, "incomeBeforeTax": -2915000000, "incomeBeforeTaxRatio": -0.0121633181, "incomeTaxExpense": 603000000, "netIncome": -2991000000, "netIncomeRatio": -0.0124804406, "eps": -1.92, "epsdiluted": -1.92, "weightedAverageShsOut": 1558000000, "weightedAverageShsOutDil": 1558000000, "link": "https://www.sec.gov/Archives/edgar/data/1549802/000119312522152434/0001193125-22-152434-index.htm", "finalLink": "https://www.sec.gov/Archives/edgar/data/1549802/000119312522152434/d330402dex991.htm"}, {"date": "2021-12-31", "symbol": "JD", "reportedCurrency": "CNY", "cik": "0001549802", "fillingDate": "2021-12-31", "acceptedDate": "2021-12-31 00:00:00", "calendarYear": "2021", "period": "Q4", "revenue": 275907157000, "costOfRevenue": 238784815000, "grossProfit": 37122342000, "grossProfitRatio": 0.1345464989, "researchAndDevelopmentExpenses": 4105119000, "generalAndAdministrativeExpenses": 20064705000, "sellingAndMarketingExpenses": 13362697000, "sellingGeneralAndAdministrativeExpenses": 33427402000, "otherExpenses": -21994000, "operatingExpenses": 37532521000, "costAndExpenses": 276317336000, "interestIncome": 0, "interestExpense": 447170000, "depreciationAndAmortization": 1567855000, "ebitda": 1860000000, "ebitdaratio": 0.0067413982, "operatingIncome": -391987000, "operatingIncomeRatio": -0.0014207207, "totalOtherIncomeExpensesNet": -4741063000, "incomeBeforeTax": -5133000000, "incomeBeforeTaxRatio": -0.0186040843, "incomeTaxExpense": 185000000, "netIncome": -5165000000, "netIncomeRatio": -0.0187200653, "eps": -3.32, "epsdiluted": -3.32, "weightedAverageShsOut": 1555357000, "weightedAverageShsOutDil": 1555357000, "link": null, "finalLink": null}, {"date": "2021-09-30", "symbol": "JD", "reportedCurrency": "CNY", "cik": "0001549802", "fillingDate": "2021-11-18", "acceptedDate": "2021-11-18 06:05:58", "calendarYear": "2021", "period": "Q3", "revenue": 218708358000, "costOfRevenue": 187615621000, "grossProfit": 31092737000, "grossProfitRatio": 0.1421652894, "researchAndDevelopmentExpenses": 4004001000, "generalAndAdministrativeExpenses": 17325834000, "sellingAndMarketingExpenses": 7769166000, "sellingGeneralAndAdministrativeExpenses": 25095000000, "otherExpenses": 0, "operatingExpenses": 29099001000, "costAndExpenses": 216714622000, "interestIncome": 139000, "interestExpense": 276139000, "depreciationAndAmortization": 1536142000, "ebitda": 3293000000, "ebitdaratio": 0.0150565805, "operatingIncome": 2572437000, "operatingIncomeRatio": 0.011761951, "totalOtherIncomeExpensesNet": -5188000000, "incomeBeforeTax": -2616000000, "incomeBeforeTaxRatio": -0.0119611341, "incomeTaxExpense": 653000000, "netIncome": -2807000000, "netIncomeRatio": -0.0128344432, "eps": -1.8, "epsdiluted": -1.76, "weightedAverageShsOut": 1553000000, "weightedAverageShsOutDil": 1593500000, "link": "https://www.sec.gov/Archives/edgar/data/1549802/000119312521333079/0001193125-21-333079-index.htm", "finalLink": "https://www.sec.gov/Archives/edgar/data/1549802/000119312521333079/d211103dex991.htm"}, {"date": "2021-06-30", "symbol": "JD", "reportedCurrency": "CNY", "cik": "0001549802", "fillingDate": "2021-08-23", "acceptedDate": "2021-08-23 06:37:28", "calendarYear": "2021", "period": "Q2", "revenue": 253800470000, "costOfRevenue": 222070876000, "grossProfit": 31729594000, "grossProfitRatio": 0.1250178694, "researchAndDevelopmentExpenses": 3693410000, "generalAndAdministrativeExpenses": 17210345000, "sellingAndMarketingExpenses": 10612420000, "sellingGeneralAndAdministrativeExpenses": 27822765000, "otherExpenses": 0, "operatingExpenses": 31516175000, "costAndExpenses": 253587051000, "interestIncome": 0, "interestExpense": 232325000, "depreciationAndAmortization": 1460370000, "ebitda": 1280000000, "ebitdaratio": 0.0050433319, "operatingIncome": 300756000, "operatingIncomeRatio": 0.0011850096, "totalOtherIncomeExpensesNet": 746148000, "incomeBeforeTax": 1047148000, "incomeBeforeTaxRatio": 0.004125871, "incomeTaxExpense": 569624000, "netIncome": 797892000, "netIncomeRatio": 0.0031437767, "eps": 0.52, "epsdiluted": 0.5, "weightedAverageShsOut": 1553000000, "weightedAverageShsOutDil": 1595000000, "link": "https://www.sec.gov/Archives/edgar/data/1549802/000119312521253328/0001193125-21-253328-index.htm", "finalLink": "https://www.sec.gov/Archives/edgar/data/1549802/000119312521253328/d199501dex991.htm"}, {"date": "2021-03-31", "symbol": "JD", "reportedCurrency": "CNY", "cik": "0001549802", "fillingDate": "2021-05-19", "acceptedDate": "2021-05-19 07:18:58", "calendarYear": "2021", "period": "Q1", "revenue": 203176169000, "costOfRevenue": 174054150000, "grossProfit": 29122019000, "grossProfitRatio": 0.1433338326, "researchAndDevelopmentExpenses": 4529506000, "generalAndAdministrativeExpenses": 16016774000, "sellingAndMarketingExpenses": 6998757000, "sellingGeneralAndAdministrativeExpenses": 23015531000, "otherExpenses": 0, "operatingExpenses": 27545037000, "costAndExpenses": 201599187000, "interestIncome": 0, "interestExpense": 257821000, "depreciationAndAmortization": 1437530000, "ebitda": 4380000000, "ebitdaratio": 0.0215576464, "operatingIncome": 1659744000, "operatingIncomeRatio": 0.0081689895, "totalOtherIncomeExpensesNet": 2462000000, "incomeBeforeTax": 4122000000, "incomeBeforeTaxRatio": 0.0202878124, "incomeTaxExpense": 480000000, "netIncome": 3620250000, "netIncomeRatio": 0.0178182806, "eps": 2.34, "epsdiluted": 2.26, "weightedAverageShsOut": 1553500000, "weightedAverageShsOutDil": 1604000000, "link": "https://www.sec.gov/Archives/edgar/data/1549802/000119312521166031/0001193125-21-166031-index.htm", "finalLink": "https://www.sec.gov/Archives/edgar/data/1549802/000119312521166031/d166125dex991.htm"}, {"date": "2020-12-31", "symbol": "JD", "reportedCurrency": "CNY", "cik": "0001549802", "fillingDate": "2021-03-11", "acceptedDate": "2021-03-11 06:12:28", "calendarYear": "2020", "period": "Q4", "revenue": 224328155000, "costOfRevenue": 193185835000, "grossProfit": 31142320000, "grossProfitRatio": 0.138824839, "researchAndDevelopmentExpenses": 4503450000, "generalAndAdministrativeExpenses": 16729873000, "sellingAndMarketingExpenses": 10423229000, "sellingGeneralAndAdministrativeExpenses": 27153102000, "otherExpenses": 0, "operatingExpenses": 31656552000, "costAndExpenses": 224842387000, "interestIncome": 958781000, "interestExpense": 296061000, "depreciationAndAmortization": 1680048000, "ebitda": -2213305000, "ebitdaratio": -0.0098663719, "operatingIncome": 594947000, "operatingIncomeRatio": 0.0026521281, "totalOtherIncomeExpensesNet": 23354886000, "incomeBeforeTax": 23949942000, "incomeBeforeTaxRatio": 0.1067629785, "incomeTaxExpense": 331367000, "netIncome": 24325451000, "netIncomeRatio": 0.1084369057, "eps": 15.68, "epsdiluted": 15.18, "weightedAverageShsOut": 1551484500, "weightedAverageShsOutDil": 1602453000, "link": "https://www.sec.gov/Archives/edgar/data/1549802/000119312521076928/0001193125-21-076928-index.htm", "finalLink": "https://www.sec.gov/Archives/edgar/data/1549802/000119312521076928/d153650dex991.htm"}, {"date": "2020-09-30", "symbol": "JD", "reportedCurrency": "CNY", "cik": "0001549802", "fillingDate": "2020-11-16", "acceptedDate": "2020-11-16 16:02:05", "calendarYear": "2020", "period": "Q3", "revenue": 174214464000, "costOfRevenue": 147419446000, "grossProfit": 26795018000, "grossProfitRatio": 0.153804784, "researchAndDevelopmentExpenses": 4106739000, "generalAndAdministrativeExpenses": 13188404000, "sellingAndMarketingExpenses": 5460508000, "sellingGeneralAndAdministrativeExpenses": 18648912000, "otherExpenses": 0, "operatingExpenses": 22755651000, "costAndExpenses": 170175097000, "interestIncome": 733498000, "interestExpense": 297802000, "depreciationAndAmortization": 1521071000, "ebitda": 5560438000, "ebitdaratio": 0.0319172006, "operatingIncome": 4383349000, "operatingIncomeRatio": 0.0251606491, "totalOtherIncomeExpensesNet": 3892509000, "incomeBeforeTax": 8275858000, "incomeBeforeTaxRatio": 0.0475038513, "incomeTaxExpense": 690373000, "netIncome": 7560338000, "netIncomeRatio": 0.0433967297, "eps": 4.88, "epsdiluted": 4.74, "weightedAverageShsOut": 1548152000, "weightedAverageShsOutDil": 1595579500, "link": "https://www.sec.gov/Archives/edgar/data/1549802/000119312520294736/0001193125-20-294736-index.htm", "finalLink": "https://www.sec.gov/Archives/edgar/data/1549802/000119312520294736/d80629dex991.htm"}, {"date": "2020-06-30", "symbol": "JD", "reportedCurrency": "CNY", "cik": "0001549802", "fillingDate": "2020-08-18", "acceptedDate": "2020-08-18 09:22:52", "calendarYear": "2020", "period": "Q2", "revenue": 201054058000, "costOfRevenue": 172418571000, "grossProfit": 28635487000, "grossProfitRatio": 0.1424268044, "researchAndDevelopmentExpenses": 3603600000, "generalAndAdministrativeExpenses": 13379479000, "sellingAndMarketingExpenses": 6803919000, "sellingGeneralAndAdministrativeExpenses": 20183398000, "otherExpenses": 0, "operatingExpenses": 23786998000, "costAndExpenses": 196205569000, "interestIncome": 538027000, "interestExpense": 324218000, "depreciationAndAmortization": 296922000, "ebitda": 5145411000, "ebitdaratio": 0.0255921768, "operatingIncome": 5044075000, "operatingIncomeRatio": 0.0250881532, "totalOtherIncomeExpensesNet": 12165498000, "incomeBeforeTax": 17209573000, "incomeBeforeTaxRatio": 0.0855967453, "incomeTaxExpense": 796550000, "netIncome": 16447407000, "netIncomeRatio": 0.0818058942, "eps": 11.1, "epsdiluted": 10.82, "weightedAverageShsOut": 1480639000, "weightedAverageShsOutDil": 1520622000, "link": "https://www.sec.gov/Archives/edgar/data/1549802/000119312520222987/0001193125-20-222987-index.htm", "finalLink": "https://www.sec.gov/Archives/edgar/data/1549802/000119312520222987/d10691dex991.htm"}, {"date": "2020-03-31", "symbol": "JD", "reportedCurrency": "CNY", "cik": "0001549802", "fillingDate": "2020-05-15", "acceptedDate": "2020-05-15 16:02:03", "calendarYear": "2020", "period": "Q1", "revenue": 146205209000, "costOfRevenue": 123669699000, "grossProfit": 22535510000, "grossProfitRatio": 0.1541361635, "researchAndDevelopmentExpenses": 3935159000, "generalAndAdministrativeExpenses": 11811586000, "sellingAndMarketingExpenses": 4468316000, "sellingGeneralAndAdministrativeExpenses": 16279902000, "otherExpenses": -132556000, "operatingExpenses": 20215061000, "costAndExpenses": 143884760000, "interestIncome": 523054000, "interestExpense": 207100000, "depreciationAndAmortization": 1405625000, "ebitda": 1590727000, "ebitdaratio": 0.010880098, "operatingIncome": 2320449000, "operatingIncomeRatio": 0.0158711787, "totalOtherIncomeExpensesNet": -936822000, "incomeBeforeTax": 1383627000, "incomeBeforeTaxRatio": 0.0094635958, "incomeTaxExpense": 326444000, "netIncome": 1073603000, "netIncomeRatio": 0.0073431241, "eps": 0.74, "epsdiluted": 0.72, "weightedAverageShsOut": 1463342500, "weightedAverageShsOutDil": 1499393000, "link": "https://www.sec.gov/Archives/edgar/data/1549802/000119312520143937/0001193125-20-143937-index.htm", "finalLink": "https://www.sec.gov/Archives/edgar/data/1549802/000119312520143937/d812724dex991.htm"}, {"date": "2019-12-31", "symbol": "JD", "reportedCurrency": "CNY", "cik": "0001549802", "fillingDate": "2020-03-02", "acceptedDate": "2020-03-02 16:12:40", "calendarYear": "2019", "period": "Q4", "revenue": 170684038000, "costOfRevenue": 146685835000, "grossProfit": 23998203000, "grossProfitRatio": 0.1406001597, "researchAndDevelopmentExpenses": 3591058000, "generalAndAdministrativeExpenses": 12466560000, "sellingAndMarketingExpenses": 8225450000, "sellingGeneralAndAdministrativeExpenses": 20692010000, "otherExpenses": 0, "operatingExpenses": 24283068000, "costAndExpenses": 170968903000, "interestIncome": 594427000, "interestExpense": 219772000, "depreciationAndAmortization": 1409341000, "ebitda": 5662088000, "ebitdaratio": 0.0331729204, "operatingIncome": 529547000, "operatingIncomeRatio": 0.0031024987, "totalOtherIncomeExpensesNet": 3503428000, "incomeBeforeTax": 4032975000, "incomeBeforeTaxRatio": 0.0236283079, "incomeTaxExpense": 479137000, "netIncome": 3634751000, "netIncomeRatio": 0.0212952016, "eps": 2.48, "epsdiluted": 2.44, "weightedAverageShsOut": 1461629000, "weightedAverageShsOutDil": 1490130500, "link": "https://www.sec.gov/Archives/edgar/data/1549802/000119312520058903/0001193125-20-058903-index.htm", "finalLink": "https://www.sec.gov/Archives/edgar/data/1549802/000119312520058903/d871643dex991.htm"}, {"date": "2019-09-30", "symbol": "JD", "reportedCurrency": "CNY", "cik": "0001549802", "fillingDate": "2019-09-30", "acceptedDate": "2019-09-30 00:00:00", "calendarYear": "2019", "period": "Q3", "revenue": 134842785000, "costOfRevenue": 114728621000, "grossProfit": 20114164000, "grossProfitRatio": 0.1491675213, "researchAndDevelopmentExpenses": 3585171000, "generalAndAdministrativeExpenses": 10096049000, "sellingAndMarketingExpenses": 4446816000, "sellingGeneralAndAdministrativeExpenses": 14542865000, "otherExpenses": 0, "operatingExpenses": 18128036000, "costAndExpenses": 132856657000, "interestIncome": 502871000, "interestExpense": 162947000, "depreciationAndAmortization": 1385760000, "ebitda": 3371888000, "ebitdaratio": 0.0250060691, "operatingIncome": 4973207000, "operatingIncomeRatio": 0.036881521, "totalOtherIncomeExpensesNet": -830578000, "incomeBeforeTax": 1155550000, "incomeBeforeTaxRatio": 0.0085696094, "incomeTaxExpense": 604856000, "netIncome": 612251000, "netIncomeRatio": 0.0045404802, "eps": 0.42, "epsdiluted": 0.42, "weightedAverageShsOut": 1459853000, "weightedAverageShsOutDil": 1485622500, "link": null, "finalLink": null}, {"date": "2019-06-30", "symbol": "JD", "reportedCurrency": "CNY", "cik": "0001549802", "fillingDate": "2019-08-14", "acceptedDate": "2019-08-14 09:22:03", "calendarYear": "2019", "period": "Q2", "revenue": 150280602000, "costOfRevenue": 128155583000, "grossProfit": 22125019000, "grossProfitRatio": 0.1472247163, "researchAndDevelopmentExpenses": 3725903000, "generalAndAdministrativeExpenses": 10511184000, "sellingAndMarketingExpenses": 5621380000, "sellingGeneralAndAdministrativeExpenses": 16132564000, "otherExpenses": 0, "operatingExpenses": 19858467000, "costAndExpenses": 148014050000, "interestIncome": 375699000, "interestExpense": 154846000, "depreciationAndAmortization": 147860000, "ebitda": 2414412000, "ebitdaratio": 0.0160660256, "operatingIncome": 2266552000, "operatingIncomeRatio": 0.0150821328, "totalOtherIncomeExpensesNet": -1281863000, "incomeBeforeTax": 984689000, "incomeBeforeTaxRatio": 0.006552336, "incomeTaxExpense": 438807000, "netIncome": 618817000, "netIncomeRatio": 0.0041177437, "eps": 0.42, "epsdiluted": 0.42, "weightedAverageShsOut": 1456804000, "weightedAverageShsOutDil": 1482865500, "link": "https://www.sec.gov/Archives/edgar/data/1549802/000119312519220652/0001193125-19-220652-index.htm", "finalLink": "https://www.sec.gov/Archives/edgar/data/1549802/000119312519220652/d775597dex991.htm"}, {"date": "2019-03-31", "symbol": "JD", "reportedCurrency": "CNY", "cik": "0001549802", "fillingDate": "2019-03-31", "acceptedDate": "2019-03-30 20:00:00", "calendarYear": "2019", "period": "Q1", "revenue": 121081059000, "costOfRevenue": 102897352000, "grossProfit": 18183707000, "grossProfitRatio": 0.1501779647, "researchAndDevelopmentExpenses": 3716545000, "generalAndAdministrativeExpenses": 9384407000, "sellingAndMarketingExpenses": 3940399000, "sellingGeneralAndAdministrativeExpenses": 13324806000, "otherExpenses": 0, "operatingExpenses": 17041351000, "costAndExpenses": 119938703000, "interestIncome": 312575000, "interestExpense": 187445000, "depreciationAndAmortization": 1673068000, "ebitda": 2815424000, "ebitdaratio": 0.02325239, "operatingIncome": 1225574000, "operatingIncomeRatio": 0.01012193, "totalOtherIncomeExpensesNet": 6293744000, "incomeBeforeTax": 7519318000, "incomeBeforeTaxRatio": 0.0621015216, "incomeTaxExpense": 279640000, "netIncome": 7319881000, "netIncomeRatio": 0.0604543854, "eps": 5.06, "epsdiluted": 4.96, "weightedAverageShsOut": 1446988500, "weightedAverageShsOutDil": 1476025500, "link": "https://www.sec.gov/Archives/edgar/data/1549802/000110465919019800/0001104659-19-019800-index.htm", "finalLink": "https://www.sec.gov/Archives/edgar/data/1549802/000110465919019800/a19-7846_16k.htm"}, {"date": "2018-12-31", "symbol": "JD", "reportedCurrency": "CNY", "cik": "0001549802", "fillingDate": "2019-04-15", "acceptedDate": "2019-04-15 08:40:47", "calendarYear": "2018", "period": "Q4", "revenue": 134832549000, "costOfRevenue": 115660696000, "grossProfit": 19171853000, "grossProfitRatio": 0.1421900954, "researchAndDevelopmentExpenses": 3502059000, "generalAndAdministrativeExpenses": 10256155000, "sellingAndMarketingExpenses": 6352543000, "sellingGeneralAndAdministrativeExpenses": 16608698000, "otherExpenses": 0, "operatingExpenses": 20110757000, "costAndExpenses": 135771453000, "interestIncome": 389887000, "interestExpense": 144847000, "depreciationAndAmortization": -3732768000, "ebitda": -4671672000, "ebitdaratio": -0.0346479543, "operatingIncome": -938904000, "operatingIncomeRatio": -0.0069634818, "totalOtherIncomeExpensesNet": -3877615000, "incomeBeforeTax": -4816519000, "incomeBeforeTaxRatio": -0.0357222276, "incomeTaxExpense": 60967000, "netIncome": -4804726000, "netIncomeRatio": -0.0356347635, "eps": -3.32, "epsdiluted": -3.32, "weightedAverageShsOut": 1447557000, "weightedAverageShsOutDil": 1447557000, "link": "https://www.sec.gov/Archives/edgar/data/1549802/000110465919021236/0001104659-19-021236-index.htm", "finalLink": "https://www.sec.gov/Archives/edgar/data/1549802/000110465919021236/a18-42062_120f.htm"}, {"date": "2018-09-30", "symbol": "JD", "reportedCurrency": "CNY", "cik": "0001549802", "fillingDate": "2018-09-30", "acceptedDate": "2018-09-29 20:00:00", "calendarYear": "2018", "period": "Q3", "revenue": 104768279000, "costOfRevenue": 88658757000, "grossProfit": 16109522000, "grossProfitRatio": 0.1537633543, "researchAndDevelopmentExpenses": 3448739000, "generalAndAdministrativeExpenses": 9157566000, "sellingAndMarketingExpenses": 4131639000, "sellingGeneralAndAdministrativeExpenses": 13289205000, "otherExpenses": 0, "operatingExpenses": 16737944000, "costAndExpenses": 105396701000, "interestIncome": 576287000, "interestExpense": 241133000, "depreciationAndAmortization": 3842607000, "ebitda": 3169551000, "ebitdaratio": 0.0302529643, "operatingIncome": -650739000, "operatingIncomeRatio": -0.0062112216, "totalOtherIncomeExpensesNet": 3579157000, "incomeBeforeTax": 2928418000, "incomeBeforeTaxRatio": 0.0279513802, "incomeTaxExpense": 51553000, "netIncome": 3001369000, "netIncomeRatio": 0.0286476883, "eps": 2.08, "epsdiluted": 2.04, "weightedAverageShsOut": 1446686500, "weightedAverageShsOutDil": 1478122000, "link": "https://www.sec.gov/Archives/edgar/data/1549802/000110465918069121/0001104659-18-069121-index.htm", "finalLink": "https://www.sec.gov/Archives/edgar/data/1549802/000110465918069121/a18-40432_16k.htm"}, {"date": "2018-06-30", "symbol": "JD", "reportedCurrency": "CNY", "cik": "0001549802", "fillingDate": "2018-06-30", "acceptedDate": "2018-06-29 20:00:00", "calendarYear": "2018", "period": "Q2", "revenue": 122291030000, "costOfRevenue": 105777074000, "grossProfit": 16513956000, "grossProfitRatio": 0.1350381627, "researchAndDevelopmentExpenses": 2780551000, "generalAndAdministrativeExpenses": 9506185000, "sellingAndMarketingExpenses": 5261139000, "sellingGeneralAndAdministrativeExpenses": 14767324000, "otherExpenses": 0, "operatingExpenses": 17547875000, "costAndExpenses": 123324949000, "interestIncome": 606022000, "interestExpense": 239894000, "depreciationAndAmortization": -840028000, "ebitda": -1873947000, "ebitdaratio": -0.0153236668, "operatingIncome": -1033919000, "operatingIncomeRatio": -0.0084545776, "totalOtherIncomeExpensesNet": -1079922000, "incomeBeforeTax": -2113841000, "incomeBeforeTaxRatio": -0.0172853316, "incomeTaxExpense": 163334000, "netIncome": -2212470000, "netIncomeRatio": -0.0180918421, "eps": -1.54, "epsdiluted": -1.54, "weightedAverageShsOut": 1434378000, "weightedAverageShsOutDil": 1434378000, "link": "https://www.sec.gov/Archives/edgar/data/1549802/000110465918052556/0001104659-18-052556-index.htm", "finalLink": "https://www.sec.gov/Archives/edgar/data/1549802/000110465918052556/a18-19080_16k.htm"}, {"date": "2018-03-31", "symbol": "JD", "reportedCurrency": "CNY", "cik": "0001549802", "fillingDate": "2018-03-31", "acceptedDate": "2018-03-30 20:00:00", "calendarYear": "2018", "period": "Q1", "revenue": 100127901000, "costOfRevenue": 85969599000, "grossProfit": 14158302000, "grossProfitRatio": 0.1414021652, "researchAndDevelopmentExpenses": 2413034000, "generalAndAdministrativeExpenses": 8249418000, "sellingAndMarketingExpenses": 3491419000, "sellingGeneralAndAdministrativeExpenses": 11740837000, "otherExpenses": 0, "operatingExpenses": 14153871000, "costAndExpenses": 100123470000, "interestIncome": 545725000, "interestExpense": 228664000, "depreciationAndAmortization": 1852497000, "ebitda": 1856928000, "ebitdaratio": 0.01854556, "operatingIncome": 4431000, "operatingIncomeRatio": 4.42534e-05, "totalOtherIncomeExpensesNet": 1623833000, "incomeBeforeTax": 1628264000, "incomeBeforeTaxRatio": 0.0162618409, "incomeTaxExpense": 151018000, "netIncome": 1525118000, "netIncomeRatio": 0.0152316985, "eps": 1.06, "epsdiluted": 1.04, "weightedAverageShsOut": 1427184000, "weightedAverageShsOutDil": 1469589000, "link": "https://www.sec.gov/Archives/edgar/data/1549802/000110465918024044/0001104659-18-024044-index.htm", "finalLink": "https://www.sec.gov/Archives/edgar/data/1549802/000110465918024044/a18-11008_16k.htm"}, {"date": "2017-12-31", "symbol": "JD", "reportedCurrency": "CNY", "cik": "0001549802", "fillingDate": "2018-04-27", "acceptedDate": "2018-04-27 16:28:44", "calendarYear": "2017", "period": "Q4", "revenue": 110165334000, "costOfRevenue": 95805441000, "grossProfit": 14359893000, "grossProfitRatio": 0.1303485632, "researchAndDevelopmentExpenses": 2060873000, "generalAndAdministrativeExpenses": 9151895000, "sellingAndMarketingExpenses": 4743326000, "sellingGeneralAndAdministrativeExpenses": 13895221000, "otherExpenses": 0, "operatingExpenses": 15956094000, "costAndExpenses": 111761535000, "interestIncome": 811839000, "interestExpense": 282475000, "depreciationAndAmortization": 927425000, "ebitda": 1267887000, "ebitdaratio": 0.0115089471, "operatingIncome": -1596201000, "operatingIncomeRatio": -0.0144891405, "totalOtherIncomeExpensesNet": 644950000, "incomeBeforeTax": -951251000, "incomeBeforeTaxRatio": -0.008634758, "incomeTaxExpense": 13000000, "netIncome": -909233000, "netIncomeRatio": -0.0082533495, "eps": -0.64, "epsdiluted": -0.64, "weightedAverageShsOut": 1424608000, "weightedAverageShsOutDil": 1424608000, "link": "https://www.sec.gov/Archives/edgar/data/1549802/000110465918027777/0001104659-18-027777-index.htm", "finalLink": "https://www.sec.gov/Archives/edgar/data/1549802/000110465918027777/a18-5116_120f.htm"}, {"date": "2017-09-30", "symbol": "JD", "reportedCurrency": "CNY", "cik": "0001549802", "fillingDate": "2017-09-30", "acceptedDate": "2017-09-29 20:00:00", "calendarYear": "2017", "period": "Q3", "revenue": 83746258000, "costOfRevenue": 70763508000, "grossProfit": 12982750000, "grossProfitRatio": 0.1550248371, "researchAndDevelopmentExpenses": 1756050000, "generalAndAdministrativeExpenses": 7424207000, "sellingAndMarketingExpenses": 3300107000, "sellingGeneralAndAdministrativeExpenses": 10724314000, "otherExpenses": 0, "operatingExpenses": 12480364000, "costAndExpenses": 83243872000, "interestIncome": 804044000, "interestExpense": 282727000, "depreciationAndAmortization": 446412000, "ebitda": 1314064000, "ebitdaratio": 0.0156910175, "operatingIncome": 502386000, "operatingIncomeRatio": 0.0059989068, "totalOtherIncomeExpensesNet": 528951000, "incomeBeforeTax": 1031337000, "incomeBeforeTaxRatio": 0.0123150219, "incomeTaxExpense": 53177000, "netIncome": 1014290000, "netIncomeRatio": 0.0121114665, "eps": 0.72, "epsdiluted": 0.7, "weightedAverageShsOut": 1423755500, "weightedAverageShsOutDil": 1462464500, "link": "https://www.sec.gov/Archives/edgar/data/1549802/000110465917068854/0001104659-17-068854-index.htm", "finalLink": "https://www.sec.gov/Archives/edgar/data/1549802/000110465917068854/a17-26491_16k.htm"}, {"date": "2017-06-30", "symbol": "JD", "reportedCurrency": "CNY", "cik": "0001549802", "fillingDate": "2017-06-30", "acceptedDate": "2017-06-29 20:00:00", "calendarYear": "2017", "period": "Q2", "revenue": 93201975000, "costOfRevenue": 80554156000, "grossProfit": 12647819000, "grossProfitRatio": 0.1357033368, "researchAndDevelopmentExpenses": 1546390000, "generalAndAdministrativeExpenses": 7429270000, "sellingAndMarketingExpenses": 4075143000, "sellingGeneralAndAdministrativeExpenses": 11504413000, "otherExpenses": 0, "operatingExpenses": 13050803000, "costAndExpenses": 93604959000, "interestIncome": 542282000, "interestExpense": 208434000, "depreciationAndAmortization": 442584000, "ebitda": -118957000, "ebitdaratio": -0.0012763356, "operatingIncome": -402984000, "operatingIncomeRatio": -0.004323771, "totalOtherIncomeExpensesNet": 75593000, "incomeBeforeTax": -327391000, "incomeBeforeTaxRatio": -0.0035127045, "incomeTaxExpense": 16267000, "netIncome": -287012000, "netIncomeRatio": -0.0030794626, "eps": -0.2, "epsdiluted": -0.2, "weightedAverageShsOut": 1422687000, "weightedAverageShsOutDil": 1422687000, "link": "https://www.sec.gov/Archives/edgar/data/1549802/000110465917052142/0001104659-17-052142-index.htm", "finalLink": "https://www.sec.gov/Archives/edgar/data/1549802/000110465917052142/a17-20144_16k.htm"}, {"date": "2017-03-31", "symbol": "JD", "reportedCurrency": "CNY", "cik": "0001549802", "fillingDate": "2017-03-31", "acceptedDate": "2017-03-30 20:00:00", "calendarYear": "2017", "period": "Q1", "revenue": 76225660000, "costOfRevenue": 63989962000, "grossProfit": 12235698000, "grossProfitRatio": 0.1605194104, "researchAndDevelopmentExpenses": 1556752000, "generalAndAdministrativeExpenses": 7126848000, "sellingAndMarketingExpenses": 2709000000, "sellingGeneralAndAdministrativeExpenses": 9835848000, "otherExpenses": 83840000, "operatingExpenses": 11392600000, "costAndExpenses": 75382562000, "interestIncome": 372325000, "interestExpense": 190106000, "depreciationAndAmortization": -328542000, "ebitda": 558371000, "ebitdaratio": 0.0073252367, "operatingIncome": 843098000, "operatingIncomeRatio": 0.0110605536, "totalOtherIncomeExpensesNet": -293058000, "incomeBeforeTax": 368265000, "incomeBeforeTaxRatio": 0.0048312471, "incomeTaxExpense": 89683000, "netIncome": 298774000, "netIncomeRatio": 0.0039195987, "eps": 0.22, "epsdiluted": 0.2, "weightedAverageShsOut": 1418601500, "weightedAverageShsOutDil": 1443969000, "link": "https://www.sec.gov/Archives/edgar/data/1549802/000110465917028187/0001104659-17-028187-index.html", "finalLink": "https://www.sec.gov/Archives/edgar/data/1549802/000110465917028187/a17-4445_120f.htm"}, {"date": "2016-12-31", "symbol": "JD", "reportedCurrency": "CNY", "cik": "0001549802", "fillingDate": "2017-05-01", "acceptedDate": "2017-05-01 08:57:36", "calendarYear": "2016", "period": "Q4", "revenue": 80189446000, "costOfRevenue": 67941173000, "grossProfit": 12248273000, "grossProfitRatio": 0.1527417087, "researchAndDevelopmentExpenses": 1468084000, "generalAndAdministrativeExpenses": 7619963000, "sellingAndMarketingExpenses": 3665929000, "sellingGeneralAndAdministrativeExpenses": 11285892000, "otherExpenses": -24546000, "operatingExpenses": 12753976000, "costAndExpenses": 80695149000, "interestIncome": 170186000, "interestExpense": 63197000, "depreciationAndAmortization": -924727000, "ebitda": -1430430000, "ebitdaratio": -0.017838133, "operatingIncome": -505703000, "operatingIncomeRatio": -0.0063063536, "totalOtherIncomeExpensesNet": 52529000, "incomeBeforeTax": -1179193000, "incomeBeforeTaxRatio": -0.0147050897, "incomeTaxExpense": 100608000, "netIncome": -1261380000, "netIncomeRatio": -0.0157300002, "eps": -0.9, "epsdiluted": -0.9, "weightedAverageShsOut": 1417136500, "weightedAverageShsOutDil": 1417136500, "link": "https://www.sec.gov/Archives/edgar/data/1549802/000110465917028187/0001104659-17-028187-index.htm", "finalLink": "https://www.sec.gov/Archives/edgar/data/1549802/000110465917028187/a17-4445_120f.htm"}, {"date": "2016-09-30", "symbol": "JD", "reportedCurrency": "CNY", "cik": "0001549802", "fillingDate": "2016-09-30", "acceptedDate": "2016-09-29 20:00:00", "calendarYear": "2016", "period": "Q3", "revenue": 60725781000, "costOfRevenue": 51077961000, "grossProfit": 9647820000, "grossProfitRatio": 0.1588751901, "researchAndDevelopmentExpenses": 1462600000, "generalAndAdministrativeExpenses": 6408757000, "sellingAndMarketingExpenses": 2192641000, "sellingGeneralAndAdministrativeExpenses": 8601398000, "otherExpenses": 12812000, "operatingExpenses": 10063998000, "costAndExpenses": 61141959000, "interestIncome": 139417000, "interestExpense": 71731000, "depreciationAndAmortization": -317374000, "ebitda": -234422000, "ebitdaratio": -0.0038603373, "operatingIncome": -416178000, "operatingIncomeRatio": -0.0068533989, "totalOtherIncomeExpensesNet": -250930000, "incomeBeforeTax": -485352000, "incomeBeforeTaxRatio": -0.0079925197, "incomeTaxExpense": 2182000, "netIncome": -467373000, "netIncomeRatio": -0.007696451, "eps": -0.32, "epsdiluted": -0.32, "weightedAverageShsOut": 1439600500, "weightedAverageShsOutDil": 1439600500, "link": "", "finalLink": ""}, {"date": "2016-06-30", "symbol": "JD", "reportedCurrency": "CNY", "cik": "0001549802", "fillingDate": "2016-06-30", "acceptedDate": "2016-06-29 20:00:00", "calendarYear": "2016", "period": "Q2", "revenue": 65236755000, "costOfRevenue": 55466733000, "grossProfit": 9770022000, "grossProfitRatio": 0.149762538, "researchAndDevelopmentExpenses": 1338905000, "generalAndAdministrativeExpenses": 6191083000, "sellingAndMarketingExpenses": 2598184000, "sellingGeneralAndAdministrativeExpenses": 8789267000, "otherExpenses": 0, "operatingExpenses": 10128172000, "costAndExpenses": 65594905000, "interestIncome": 105462000, "interestExpense": 91262000, "depreciationAndAmortization": 361650000, "ebitda": 3500000, "ebitdaratio": 5.36507e-05, "operatingIncome": -358150000, "operatingIncomeRatio": -0.0054900033, "totalOtherIncomeExpensesNet": 270388000, "incomeBeforeTax": -87762000, "incomeBeforeTaxRatio": -0.0013452846, "incomeTaxExpense": 44324000, "netIncome": -252309000, "netIncomeRatio": -0.0038675897, "eps": -0.18, "epsdiluted": -0.18, "weightedAverageShsOut": 1381551500, "weightedAverageShsOutDil": 1396970000, "link": "", "finalLink": ""}, {"date": "2016-03-31", "symbol": "JD", "reportedCurrency": "CNY", "cik": "0001549802", "fillingDate": "2016-03-31", "acceptedDate": "2016-03-30 20:00:00", "calendarYear": "2016", "period": "Q1", "revenue": 53969663000, "costOfRevenue": 46212860000, "grossProfit": 7756803000, "grossProfitRatio": 0.1437252443, "researchAndDevelopmentExpenses": 1111318000, "generalAndAdministrativeExpenses": 5394081000, "sellingAndMarketingExpenses": 2116270000, "sellingGeneralAndAdministrativeExpenses": 7510351000, "otherExpenses": 0, "operatingExpenses": 8621669000, "costAndExpenses": 54834529000, "interestIncome": 66553000, "interestExpense": 33467000, "depreciationAndAmortization": 50781000, "ebitda": -814085000, "ebitdaratio": -0.0150841224, "operatingIncome": -864866000, "operatingIncomeRatio": -0.0160250398, "totalOtherIncomeExpensesNet": 17314000, "incomeBeforeTax": -847552000, "incomeBeforeTaxRatio": -0.01570423, "incomeTaxExpense": 19700000, "netIncome": -909792000, "netIncomeRatio": -0.0168574705, "eps": -0.66, "epsdiluted": -0.66, "weightedAverageShsOut": 1371247500, "weightedAverageShsOutDil": 1371247500, "link": "https://www.sec.gov/Archives/edgar/data/1549802/000104746916012227/0001047469-16-012227-index.htm", "finalLink": "https://www.sec.gov/Archives/edgar/data/1549802/000104746916012227/a2228297z6-k.htm"}, {"date": "2015-12-31", "symbol": "JD", "reportedCurrency": "CNY", "cik": "0001549802", "fillingDate": "2016-04-18", "acceptedDate": "2016-04-18 06:30:34", "calendarYear": "2015", "period": "Q4", "revenue": 54607543000, "costOfRevenue": 46798500000, "grossProfit": 7809043000, "grossProfitRatio": 0.1430030097, "researchAndDevelopmentExpenses": 1080054000, "generalAndAdministrativeExpenses": 5560090000, "sellingAndMarketingExpenses": 2665241000, "sellingGeneralAndAdministrativeExpenses": 8225331000, "otherExpenses": 0, "operatingExpenses": 9305385000, "costAndExpenses": 56103885000, "interestIncome": 91923000, "interestExpense": 60987000, "depreciationAndAmortization": -583680000, "ebitda": -4830151000, "ebitdaratio": -0.0884520844, "operatingIncome": -4246471000, "operatingIncomeRatio": -0.0777634511, "totalOtherIncomeExpensesNet": -3124720000, "incomeBeforeTax": -7371191000, "incomeBeforeTaxRatio": -0.13498485, "incomeTaxExpense": 9199000, "netIncome": -7356506000, "netIncomeRatio": -0.1347159311, "eps": -5.38, "epsdiluted": -5.38, "weightedAverageShsOut": 1368257500, "weightedAverageShsOutDil": 1368257500, "link": "https://www.sec.gov/Archives/edgar/data/1549802/000110465916111984/0001104659-16-111984-index.htm", "finalLink": "https://www.sec.gov/Archives/edgar/data/1549802/000110465916111984/a16-3659_120f.htm"}, {"date": "2015-09-30", "symbol": "JD", "reportedCurrency": "CNY", "cik": "0001549802", "fillingDate": "2015-09-30", "acceptedDate": "2015-09-29 20:00:00", "calendarYear": "2015", "period": "Q3", "revenue": 44110150000, "costOfRevenue": 38015664000, "grossProfit": 6094486000, "grossProfitRatio": 0.1381651615, "researchAndDevelopmentExpenses": 884742000, "generalAndAdministrativeExpenses": 4214263000, "sellingAndMarketingExpenses": 1662719000, "sellingGeneralAndAdministrativeExpenses": 5876982000, "otherExpenses": 0, "operatingExpenses": 6761724000, "costAndExpenses": 44777388000, "interestIncome": 70055000, "interestExpense": 17480000, "depreciationAndAmortization": 149819000, "ebitda": -301245000, "ebitdaratio": -0.0068293805, "operatingIncome": -667238000, "operatingIncomeRatio": -0.0151266319, "totalOtherIncomeExpensesNet": 132339000, "incomeBeforeTax": -534899000, "incomeBeforeTaxRatio": -0.012126438, "incomeTaxExpense": 17000, "netIncome": -530802000, "netIncomeRatio": -0.0120335569, "eps": -0.38, "epsdiluted": -0.38, "weightedAverageShsOut": 1367868500, "weightedAverageShsOutDil": 1367868500, "link": "https://www.sec.gov/Archives/edgar/data/1549802/000110465915079777/0001104659-15-079777-index.htm", "finalLink": "https://www.sec.gov/Archives/edgar/data/1549802/000110465915079777/a15-23582_16k.htm"}, {"date": "2015-06-30", "symbol": "JD", "reportedCurrency": "CNY", "cik": "0001549802", "fillingDate": "2015-06-30", "acceptedDate": "2015-06-30 00:00:00", "calendarYear": "2015", "period": "Q2", "revenue": 45928687000, "costOfRevenue": 40019182000, "grossProfit": 5909505000, "grossProfitRatio": 0.1286669702, "researchAndDevelopmentExpenses": 784621000, "generalAndAdministrativeExpenses": 3866102000, "sellingAndMarketingExpenses": 1981922000, "sellingGeneralAndAdministrativeExpenses": 5848024000, "otherExpenses": 0, "operatingExpenses": 6632645000, "costAndExpenses": 46651827000, "interestIncome": 98261000, "interestExpense": 3273000, "depreciationAndAmortization": 213922000, "ebitda": -310506750, "ebitdaratio": -0.0067606276, "operatingIncome": -723140000, "operatingIncomeRatio": -0.0157448437, "totalOtherIncomeExpensesNet": 210649000, "incomeBeforeTax": -512491000, "incomeBeforeTaxRatio": -0.0111584074, "incomeTaxExpense": 2069000, "netIncome": -510422000, "netIncomeRatio": -0.0111133593, "eps": -0.38, "epsdiluted": -0.38, "weightedAverageShsOut": 1367593000, "weightedAverageShsOutDil": 1367593000, "link": null, "finalLink": null}, {"date": "2015-03-31", "symbol": "JD", "reportedCurrency": "CNY", "cik": "0001549802", "fillingDate": "2015-05-11", "acceptedDate": "2015-05-11 06:05:11", "calendarYear": "2015", "period": "Q1", "revenue": 36640575000, "costOfRevenue": 32174983000, "grossProfit": 4465592000, "grossProfitRatio": 0.1218755983, "researchAndDevelopmentExpenses": 704387000, "generalAndAdministrativeExpenses": 3157522000, "sellingAndMarketingExpenses": 1426290000, "sellingGeneralAndAdministrativeExpenses": 4583812000, "otherExpenses": -44573000, "operatingExpenses": 5288199000, "costAndExpenses": 37463182000, "interestIncome": 154760000, "interestExpense": 767000, "depreciationAndAmortization": 110187000, "ebitda": -712420000, "ebitdaratio": -0.0194434722, "operatingIncome": -822607000, "operatingIncomeRatio": -0.0224507121, "totalOtherIncomeExpensesNet": 109420000, "incomeBeforeTax": -713187000, "incomeBeforeTaxRatio": -0.0194644052, "incomeTaxExpense": 2977000, "netIncome": -710210000, "netIncomeRatio": -0.0193831565, "eps": -0.52, "epsdiluted": -0.52, "weightedAverageShsOut": 1366349500, "weightedAverageShsOutDil": 1366349500, "link": "https://www.sec.gov/Archives/edgar/data/1549802/000110465915036442/0001104659-15-036442-index.htm", "finalLink": "https://www.sec.gov/Archives/edgar/data/1549802/000110465915036442/a15-11201_1ex99d1.htm"}, {"date": "2014-12-31", "symbol": "JD", "reportedCurrency": "CNY", "cik": "0001549802", "fillingDate": "2014-12-31", "acceptedDate": "2014-12-31 00:00:00", "calendarYear": "2014", "period": "Q4", "revenue": 34720048000, "costOfRevenue": 30309818000, "grossProfit": 4410230000, "grossProfitRatio": 0.1270225778, "researchAndDevelopmentExpenses": 618946000, "generalAndAdministrativeExpenses": 3076764000, "sellingAndMarketingExpenses": 1470650000, "sellingGeneralAndAdministrativeExpenses": 4547414000, "otherExpenses": 0, "operatingExpenses": 5166360000, "costAndExpenses": 35476178000, "interestIncome": 187160000, "interestExpense": 7158000, "depreciationAndAmortization": 324212000, "ebitda": -431918000, "ebitdaratio": -0.0124400174, "operatingIncome": -756130000, "operatingIncomeRatio": -0.0217779077, "totalOtherIncomeExpensesNet": 317138000, "incomeBeforeTax": -438714000, "incomeBeforeTaxRatio": -0.0126357544, "incomeTaxExpense": 15756000, "netIncome": -1948344000, "netIncomeRatio": -0.056115821, "eps": -1.44, "epsdiluted": -1.44, "weightedAverageShsOut": 1362441500, "weightedAverageShsOutDil": 1362441500, "link": null, "finalLink": null}, {"date": "2014-09-30", "symbol": "JD", "reportedCurrency": "CNY", "cik": "0001549802", "fillingDate": "2014-09-30", "acceptedDate": "2014-09-30 00:00:00", "calendarYear": "2014", "period": "Q3", "revenue": 29012003000, "costOfRevenue": 25467986000, "grossProfit": 3544017000, "grossProfitRatio": 0.1221569224, "researchAndDevelopmentExpenses": 511973000, "generalAndAdministrativeExpenses": 2558710000, "sellingAndMarketingExpenses": 879974000, "sellingGeneralAndAdministrativeExpenses": 3438684000, "otherExpenses": 0, "operatingExpenses": 3950657000, "costAndExpenses": 29418643000, "interestIncome": 197908000, "interestExpense": 8350000, "depreciationAndAmortization": 256836000, "ebitda": -149804000, "ebitdaratio": -0.005163518, "operatingIncome": -406640000, "operatingIncomeRatio": -0.0140162677, "totalOtherIncomeExpensesNet": 248486000, "incomeBeforeTax": -158154000, "incomeBeforeTaxRatio": -0.0054513299, "incomeTaxExpense": 6204000, "netIncome": -164358000, "netIncomeRatio": -0.0056651724, "eps": -0.12, "epsdiluted": -0.12, "weightedAverageShsOut": 1362239000, "weightedAverageShsOutDil": 1362239000, "link": null, "finalLink": null}, {"date": "2014-06-30", "symbol": "JD", "reportedCurrency": "CNY", "cik": "0001549802", "fillingDate": "2014-08-18", "acceptedDate": "2014-08-18 06:22:19", "calendarYear": "2014", "period": "Q2", "revenue": 28612850000, "costOfRevenue": 25457621000, "grossProfit": 3155229000, "grossProfitRatio": 0.1102731465, "researchAndDevelopmentExpenses": 419990000, "generalAndAdministrativeExpenses": 2457164000, "sellingAndMarketingExpenses": 1066020000, "sellingGeneralAndAdministrativeExpenses": 3523184000, "otherExpenses": 0, "operatingExpenses": 3943174000, "costAndExpenses": 29400795000, "interestIncome": 154912000, "interestExpense": 8302000, "depreciationAndAmortization": 214081000, "ebitda": -573864000, "ebitdaratio": -0.0200561636, "operatingIncome": -787945000, "operatingIncomeRatio": -0.0275381516, "totalOtherIncomeExpensesNet": 205779000, "incomeBeforeTax": -582166000, "incomeBeforeTaxRatio": -0.0203463129, "incomeTaxExpense": 364000, "netIncome": -7046296000, "netIncomeRatio": -0.2462633397, "eps": -5.86, "epsdiluted": -5.86, "weightedAverageShsOut": 1202782000, "weightedAverageShsOutDil": 1202782000, "link": "https://www.sec.gov/Archives/edgar/data/1549802/000110465914061548/0001104659-14-061548-index.htm", "finalLink": "https://www.sec.gov/Archives/edgar/data/1549802/000110465914061548/a14-19186_1ex99d1.htm"}, {"date": "2014-03-31", "symbol": "JD", "reportedCurrency": "CNY", "cik": "0001549802", "fillingDate": "2014-03-31", "acceptedDate": "2014-03-31 00:00:00", "calendarYear": "2014", "period": "Q1", "revenue": 22657416000, "costOfRevenue": 20396018000, "grossProfit": 2261398000, "grossProfitRatio": 0.0998082923, "researchAndDevelopmentExpenses": 285010000, "generalAndAdministrativeExpenses": 5234474000, "sellingAndMarketingExpenses": 593636000, "sellingGeneralAndAdministrativeExpenses": 5828110000, "otherExpenses": -38562000, "operatingExpenses": 6113120000, "costAndExpenses": 26509138000, "interestIncome": 97661000, "interestExpense": 5015000, "depreciationAndAmortization": 59099000, "ebitda": -3792623000, "ebitdaratio": -0.1673899177, "operatingIncome": -3851722000, "operatingIncomeRatio": -0.1699982911, "totalOtherIncomeExpensesNet": 54084000, "incomeBeforeTax": -3797638000, "incomeBeforeTaxRatio": -0.1676112581, "incomeTaxExpense": 2490000, "netIncome": -5289022000, "netIncomeRatio": -0.2334344746, "eps": -3.86, "epsdiluted": -3.86, "weightedAverageShsOut": 1367085865, "weightedAverageShsOutDil": 1367085865, "link": "", "finalLink": ""}, {"date": "2013-12-31", "symbol": "JD", "reportedCurrency": "CNY", "cik": "0001549802", "fillingDate": "2013-12-31", "acceptedDate": "2013-12-30 19:00:00", "calendarYear": "2013", "period": "Q4", "revenue": 20123318000, "costOfRevenue": 18082563000, "grossProfit": 2040755000, "grossProfitRatio": 0.101412451, "researchAndDevelopmentExpenses": 275815000, "generalAndAdministrativeExpenses": 1504250000, "sellingAndMarketingExpenses": 523313000, "sellingGeneralAndAdministrativeExpenses": 2027563000, "otherExpenses": -8005000, "operatingExpenses": 2295045000, "costAndExpenses": 20377608000, "interestIncome": 121603000, "interestExpense": 1223000, "depreciationAndAmortization": 85039000, "ebitda": -177584000, "ebitdaratio": -0.0088247872, "operatingIncome": -262623000, "operatingIncomeRatio": -0.0130506808, "totalOtherIncomeExpensesNet": 150037000, "incomeBeforeTax": -112586000, "incomeBeforeTaxRatio": -0.005594803, "incomeTaxExpense": 2611000, "netIncome": -384787000, "netIncomeRatio": -0.0191214491, "eps": -0.28, "epsdiluted": -0.28, "weightedAverageShsOut": 1367085865, "weightedAverageShsOutDil": 1367085865, "link": "", "finalLink": ""}, {"date": "2013-09-30", "symbol": "JD", "reportedCurrency": "CNY", "cik": "0001549802", "fillingDate": "2013-09-30", "acceptedDate": "2013-09-29 20:00:00", "calendarYear": "2013", "period": "Q3", "revenue": 18038518000, "costOfRevenue": 16263353000, "grossProfit": 1775165000, "grossProfitRatio": 0.098409692, "researchAndDevelopmentExpenses": 251126000, "generalAndAdministrativeExpenses": 1229430000, "sellingAndMarketingExpenses": 376584000, "sellingGeneralAndAdministrativeExpenses": 1606014000, "otherExpenses": 0, "operatingExpenses": 1857140000, "costAndExpenses": 18120493000, "interestIncome": 85641000, "interestExpense": 0, "depreciationAndAmortization": 157450000, "ebitda": 75475000, "ebitdaratio": 0.004184102, "operatingIncome": -81975000, "operatingIncomeRatio": -0.0045444421, "totalOtherIncomeExpensesNet": 156975000, "incomeBeforeTax": 75000000, "incomeBeforeTaxRatio": 0.0041577695, "incomeTaxExpense": 378000, "netIncome": 75022000, "netIncomeRatio": 0.0041589891, "eps": 0.06, "epsdiluted": 0.06, "weightedAverageShsOut": 1424607528, "weightedAverageShsOutDil": 1462117634, "link": "", "finalLink": ""}, {"date": "2013-06-30", "symbol": "JD", "reportedCurrency": "CNY", "cik": "0001549802", "fillingDate": "2013-06-30", "acceptedDate": "2013-06-29 20:00:00", "calendarYear": "2013", "period": "Q2", "revenue": 17453166000, "costOfRevenue": 15899888000, "grossProfit": 1553278000, "grossProfitRatio": 0.088996919, "researchAndDevelopmentExpenses": 218182000, "generalAndAdministrativeExpenses": 1139189000, "sellingAndMarketingExpenses": 428216000, "sellingGeneralAndAdministrativeExpenses": 1567405000, "otherExpenses": 0, "operatingExpenses": 1785587000, "costAndExpenses": 17685475000, "interestIncome": 96504000, "interestExpense": 3395000, "depreciationAndAmortization": 209334000, "ebitda": -22975000, "ebitdaratio": -0.0013163801, "operatingIncome": -232309000, "operatingIncomeRatio": -0.0133104217, "totalOtherIncomeExpensesNet": 205939000, "incomeBeforeTax": -26370000, "incomeBeforeTaxRatio": -0.0015109007, "incomeTaxExpense": 1949000, "netIncome": -484213000, "netIncomeRatio": -0.0277435624, "eps": -0.34, "epsdiluted": -0.34, "weightedAverageShsOut": 1424607528, "weightedAverageShsOutDil": 1462117634, "link": "", "finalLink": ""}, {"date": "2013-03-31", "symbol": "JD", "reportedCurrency": "CNY", "cik": "0001549802", "fillingDate": "2013-03-31", "acceptedDate": "2013-03-30 20:00:00", "calendarYear": "2013", "period": "Q1", "revenue": 13725000000, "costOfRevenue": 13095000000, "grossProfit": 630000000, "grossProfitRatio": 0.0459016393, "researchAndDevelopmentExpenses": 219000000, "generalAndAdministrativeExpenses": 151000000, "sellingAndMarketingExpenses": 262000000, "sellingGeneralAndAdministrativeExpenses": 413000000, "otherExpenses": 0, "operatingExpenses": 652000000, "costAndExpenses": 13747000000, "interestIncome": 36000000, "interestExpense": 0, "depreciationAndAmortization": 46432500, "ebitda": 44432500, "ebitdaratio": 0.0032373406, "operatingIncome": -2000000, "operatingIncomeRatio": -0.0001457195, "totalOtherIncomeExpensesNet": 16000000, "incomeBeforeTax": 14000000, "incomeBeforeTaxRatio": 0.0010200364, "incomeTaxExpense": 1000000, "netIncome": 13000000, "netIncomeRatio": 0.0009471767, "eps": 0.0091, "epsdiluted": 0.0089, "weightedAverageShsOut": 1423510267, "weightedAverageShsOutDil": 1458924271, "link": null, "finalLink": null}, {"date": "2012-12-31", "symbol": "JD", "reportedCurrency": "CNY", "cik": "0001549802", "fillingDate": "2012-12-31", "acceptedDate": "2012-12-30 19:00:00", "calendarYear": "2012", "period": "Q4", "revenue": 12574008000, "costOfRevenue": 11425557000, "grossProfit": 1148451000, "grossProfitRatio": 0.0913353165, "researchAndDevelopmentExpenses": 220329000, "generalAndAdministrativeExpenses": 1113200000, "sellingAndMarketingExpenses": 193031000, "sellingGeneralAndAdministrativeExpenses": 1306231000, "otherExpenses": 2767000, "operatingExpenses": 1517115000, "costAndExpenses": 12942672000, "interestIncome": 51534000, "interestExpense": 4306000, "depreciationAndAmortization": 58381000, "ebitda": -319728000, "ebitdaratio": -0.0254276918, "operatingIncome": -378109000, "operatingIncomeRatio": -0.0300706823, "totalOtherIncomeExpensesNet": 76002000, "incomeBeforeTax": -302107000, "incomeBeforeTaxRatio": -0.0240263089, "incomeTaxExpense": 3034000, "netIncome": -1062712000, "netIncomeRatio": -0.0845165678, "eps": -0.74, "epsdiluted": -0.74, "weightedAverageShsOut": 1422413007, "weightedAverageShsOutDil": 1455730908, "link": "", "finalLink": ""}]