[{"date": "2025-07-31", "symbol": "NTNX", "reportedCurrency": "USD", "cik": "0001618732", "fillingDate": "2025-08-27", "acceptedDate": "2025-08-27 16:01:30", "calendarYear": "2025", "period": "Q4", "revenue": 653267000, "costOfRevenue": 83833000, "grossProfit": 569434000, "grossProfitRatio": 0.8716711544, "researchAndDevelopmentExpenses": 193666000, "generalAndAdministrativeExpenses": 63280000, "sellingAndMarketingExpenses": 281280000, "sellingGeneralAndAdministrativeExpenses": 344560000, "otherExpenses": 0, "operatingExpenses": 538226000, "costAndExpenses": 622059000, "interestIncome": 0, "interestExpense": 0, "depreciationAndAmortization": 18250000, "ebitda": 58024000, "ebitdaratio": 0.088821263, "operatingIncome": 31208000, "operatingIncomeRatio": 0.0477721973, "totalOtherIncomeExpensesNet": 13935000, "incomeBeforeTax": 45143000, "incomeBeforeTaxRatio": 0.0691034447, "incomeTaxExpense": 6493000, "netIncome": 38650000, "netIncomeRatio": 0.0591641702, "eps": 0.14, "epsdiluted": 0.13, "weightedAverageShsOut": 268659000, "weightedAverageShsOutDil": 297456000, "link": "https://www.sec.gov/Archives/edgar/data/1618732/000117184325005613/0001171843-25-005613-index.htm", "finalLink": "https://www.sec.gov/Archives/edgar/data/1618732/000117184325005613/exh_991.htm"}, {"date": "2025-04-30", "symbol": "NTNX", "reportedCurrency": "USD", "cik": "0001618732", "fillingDate": "2025-06-03", "acceptedDate": "2025-06-03 16:08:53", "calendarYear": "2025", "period": "Q3", "revenue": 638983000, "costOfRevenue": 82991000, "grossProfit": 555992000, "grossProfitRatio": 0.8701201753, "researchAndDevelopmentExpenses": 186413000, "generalAndAdministrativeExpenses": 60532000, "sellingAndMarketingExpenses": 260402000, "sellingGeneralAndAdministrativeExpenses": 320934000, "otherExpenses": 0, "operatingExpenses": 507347000, "costAndExpenses": 590338000, "interestIncome": 0, "interestExpense": 0, "depreciationAndAmortization": 18024000, "ebitda": 85573000, "ebitdaratio": 0.1339206207, "operatingIncome": 48645000, "operatingIncomeRatio": 0.0761287859, "totalOtherIncomeExpensesNet": 15954000, "incomeBeforeTax": 64599000, "incomeBeforeTaxRatio": 0.1010965863, "incomeTaxExpense": 1236000, "netIncome": 63363000, "netIncomeRatio": 0.0991622625, "eps": 0.24, "epsdiluted": 0.22, "weightedAverageShsOut": 267566000, "weightedAverageShsOutDil": 296804000, "link": "https://www.sec.gov/Archives/edgar/data/1618732/000095017025080917/0000950170-25-080917-index.htm", "finalLink": "https://www.sec.gov/Archives/edgar/data/1618732/000095017025080917/ntnx-20250430.htm"}, {"date": "2025-01-31", "symbol": "NTNX", "reportedCurrency": "USD", "cik": "0001618732", "fillingDate": "2025-03-06", "acceptedDate": "2025-03-06 16:06:34", "calendarYear": "2025", "period": "Q2", "revenue": 654721000, "costOfRevenue": 85288000, "grossProfit": 569433000, "grossProfitRatio": 0.8697338256, "researchAndDevelopmentExpenses": 182785000, "generalAndAdministrativeExpenses": 59828000, "sellingAndMarketingExpenses": 261382000, "sellingGeneralAndAdministrativeExpenses": 321210000, "otherExpenses": 0, "operatingExpenses": 503995000, "costAndExpenses": 589283000, "interestIncome": 13940000, "interestExpense": 1674000, "depreciationAndAmortization": 18247000, "ebitda": 85004000, "ebitdaratio": 0.1298324019, "operatingIncome": 65438000, "operatingIncomeRatio": 0.0999479167, "totalOtherIncomeExpensesNet": -355000, "incomeBeforeTax": 65083000, "incomeBeforeTaxRatio": 0.0994057011, "incomeTaxExpense": 8656000, "netIncome": 56427000, "netIncomeRatio": 0.0861848024, "eps": 0.21, "epsdiluted": 0.19, "weightedAverageShsOut": 267138000, "weightedAverageShsOutDil": 293351000, "link": "https://www.sec.gov/Archives/edgar/data/1618732/000095017025034610/0000950170-25-034610-index.htm", "finalLink": "https://www.sec.gov/Archives/edgar/data/1618732/000095017025034610/ntnx-20250131.htm"}, {"date": "2024-10-31", "symbol": "NTNX", "reportedCurrency": "USD", "cik": "0001618732", "fillingDate": "2024-12-05", "acceptedDate": "2024-12-05 16:08:26", "calendarYear": "2025", "period": "Q1", "revenue": 590956000, "costOfRevenue": 82670000, "grossProfit": 508286000, "grossProfitRatio": 0.8601080283, "researchAndDevelopmentExpenses": 173959000, "generalAndAdministrativeExpenses": 53676000, "sellingAndMarketingExpenses": 253401000, "sellingGeneralAndAdministrativeExpenses": 307077000, "otherExpenses": 0, "operatingExpenses": 481036000, "costAndExpenses": 563706000, "interestIncome": 11094000, "interestExpense": 745000, "depreciationAndAmortization": 18180000, "ebitda": 55748000, "ebitdaratio": 0.0943352805, "operatingIncome": 27250000, "operatingIncomeRatio": 0.0461117241, "totalOtherIncomeExpensesNet": 9573000, "incomeBeforeTax": 36823000, "incomeBeforeTaxRatio": 0.0623108996, "incomeTaxExpense": 6897000, "netIncome": 29926000, "netIncomeRatio": 0.05063998, "eps": 0.11, "epsdiluted": 0.1, "weightedAverageShsOut": 266556000, "weightedAverageShsOutDil": 288829000, "link": "https://www.sec.gov/Archives/edgar/data/1618732/000095017024133675/0000950170-24-133675-index.htm", "finalLink": "https://www.sec.gov/Archives/edgar/data/1618732/000095017024133675/ntnx-20241031.htm"}, {"date": "2024-07-31", "symbol": "NTNX", "reportedCurrency": "USD", "cik": "0001618732", "fillingDate": "2024-09-19", "acceptedDate": "2024-09-19 16:59:17", "calendarYear": "2024", "period": "Q4", "revenue": 547952000, "costOfRevenue": 80978000, "grossProfit": 466974000, "grossProfitRatio": 0.8522169825, "researchAndDevelopmentExpenses": 167396000, "generalAndAdministrativeExpenses": 52406000, "sellingAndMarketingExpenses": 259360000, "sellingGeneralAndAdministrativeExpenses": 311766000, "otherExpenses": 0, "operatingExpenses": 479162000, "costAndExpenses": 560140000, "interestIncome": 16655000, "interestExpense": 119506000, "depreciationAndAmortization": 18213000, "ebitda": 19170000, "ebitdaratio": 0.0349848162, "operatingIncome": -12188000, "operatingIncomeRatio": -0.0222428242, "totalOtherIncomeExpensesNet": -106361000, "incomeBeforeTax": -118549000, "incomeBeforeTaxRatio": -0.2163492423, "incomeTaxExpense": 7552000, "netIncome": -126101000, "netIncomeRatio": -0.2301314714, "eps": -0.51, "epsdiluted": -0.51, "weightedAverageShsOut": 247886000, "weightedAverageShsOutDil": 247886000, "link": "https://www.sec.gov/Archives/edgar/data/1618732/000095017024108159/0000950170-24-108159-index.htm", "finalLink": "https://www.sec.gov/Archives/edgar/data/1618732/000095017024108159/ntnx-20240731.htm"}, {"date": "2024-04-30", "symbol": "NTNX", "reportedCurrency": "USD", "cik": "0001618732", "fillingDate": "2024-06-10", "acceptedDate": "2024-06-10 16:21:24", "calendarYear": "2024", "period": "Q3", "revenue": 524577000, "costOfRevenue": 79718000, "grossProfit": 444859000, "grossProfitRatio": 0.8480337491, "researchAndDevelopmentExpenses": 159220000, "generalAndAdministrativeExpenses": 51425000, "sellingAndMarketingExpenses": 245901000, "sellingGeneralAndAdministrativeExpenses": 297227000, "otherExpenses": -1261000, "operatingExpenses": 456447000, "costAndExpenses": 536165000, "interestIncome": 18796000, "interestExpense": 16876000, "depreciationAndAmortization": 18597000, "ebitda": 24544000, "ebitdaratio": 0.0467881741, "operatingIncome": -11588000, "operatingIncomeRatio": -0.0220901793, "totalOtherIncomeExpensesNet": 659000, "incomeBeforeTax": -10929000, "incomeBeforeTaxRatio": -0.0208339291, "incomeTaxExpense": 4687000, "netIncome": -15616000, "netIncomeRatio": -0.029768747, "eps": -0.0635, "epsdiluted": -0.0635, "weightedAverageShsOut": 245766000, "weightedAverageShsOutDil": 245766000, "link": "https://www.sec.gov/Archives/edgar/data/1618732/000095017024071318/0000950170-24-071318-index.htm", "finalLink": "https://www.sec.gov/Archives/edgar/data/1618732/000095017024071318/ntnx-20240430.htm"}, {"date": "2024-01-31", "symbol": "NTNX", "reportedCurrency": "USD", "cik": "0001618732", "fillingDate": "2024-03-07", "acceptedDate": "2024-03-07 16:07:13", "calendarYear": "2024", "period": "Q2", "revenue": 565233000, "costOfRevenue": 81638000, "grossProfit": 483595000, "grossProfitRatio": 0.855567527, "researchAndDevelopmentExpenses": 160401000, "generalAndAdministrativeExpenses": 49529000, "sellingAndMarketingExpenses": 236702000, "sellingGeneralAndAdministrativeExpenses": 286149000, "otherExpenses": 1098000, "operatingExpenses": 446550000, "costAndExpenses": 528188000, "interestIncome": 17649000, "interestExpense": 16651000, "depreciationAndAmortization": 18202000, "ebitda": 55247000, "ebitdaratio": 0.0977419931, "operatingIncome": 37045000, "operatingIncomeRatio": 0.065539344, "totalOtherIncomeExpensesNet": 2096000, "incomeBeforeTax": 39141000, "incomeBeforeTaxRatio": 0.0692475492, "incomeTaxExpense": 6346000, "netIncome": 32795000, "netIncomeRatio": 0.0580203208, "eps": 0.13, "epsdiluted": 0.11, "weightedAverageShsOut": 243853000, "weightedAverageShsOutDil": 298540000, "link": "https://www.sec.gov/Archives/edgar/data/1618732/000095017024027936/0000950170-24-027936-index.htm", "finalLink": "https://www.sec.gov/Archives/edgar/data/1618732/000095017024027936/ntnx-20240131.htm"}, {"date": "2023-10-31", "symbol": "NTNX", "reportedCurrency": "USD", "cik": "0001618732", "fillingDate": "2023-12-07", "acceptedDate": "2023-12-07 16:06:40", "calendarYear": "2024", "period": "Q1", "revenue": 511054000, "costOfRevenue": 81959000, "grossProfit": 429095000, "grossProfitRatio": 0.8396275149, "researchAndDevelopmentExpenses": 151975000, "generalAndAdministrativeExpenses": 47503000, "sellingAndMarketingExpenses": 235323000, "sellingGeneralAndAdministrativeExpenses": 282826000, "otherExpenses": 0, "operatingExpenses": 434801000, "costAndExpenses": 516760000, "interestIncome": 15386000, "interestExpense": 16347000, "depreciationAndAmortization": 18187000, "ebitda": 23553000, "ebitdaratio": 0.0460871063, "operatingIncome": -5706000, "operatingIncomeRatio": -0.0111651606, "totalOtherIncomeExpensesNet": -5275000, "incomeBeforeTax": -10981000, "incomeBeforeTaxRatio": -0.0214869662, "incomeTaxExpense": 4872000, "netIncome": -15853000, "netIncomeRatio": -0.0310202053, "eps": -0.0656, "epsdiluted": -0.0656, "weightedAverageShsOut": 241490000, "weightedAverageShsOutDil": 241490000, "link": "https://www.sec.gov/Archives/edgar/data/1618732/000095017023068799/0000950170-23-068799-index.htm", "finalLink": "https://www.sec.gov/Archives/edgar/data/1618732/000095017023068799/ntnx-20231031.htm"}, {"date": "2023-07-31", "symbol": "NTNX", "reportedCurrency": "USD", "cik": "0001618732", "fillingDate": "2023-09-21", "acceptedDate": "2023-09-21 16:11:31", "calendarYear": "2023", "period": "Q4", "revenue": 494210000, "costOfRevenue": 80458000, "grossProfit": 413752000, "grossProfitRatio": 0.8371987617, "researchAndDevelopmentExpenses": 146201000, "generalAndAdministrativeExpenses": 49473000, "sellingAndMarketingExpenses": 229425000, "sellingGeneralAndAdministrativeExpenses": 278898000, "otherExpenses": 4261000, "operatingExpenses": 425099000, "costAndExpenses": 505557000, "interestIncome": 12790000, "interestExpense": 16307000, "depreciationAndAmortization": 25602000, "ebitda": 34823000, "ebitdaratio": 0.0704619494, "operatingIncome": -11347000, "operatingIncomeRatio": -0.0229598754, "totalOtherIncomeExpensesNet": 4261000, "incomeBeforeTax": -7086000, "incomeBeforeTaxRatio": -0.0143380344, "incomeTaxExpense": 6201000, "netIncome": -13287000, "netIncomeRatio": -0.0268853321, "eps": -0.0559, "epsdiluted": -0.0559, "weightedAverageShsOut": 237832000, "weightedAverageShsOutDil": 237832000, "link": "https://www.sec.gov/Archives/edgar/data/1618732/000095017023049179/0000950170-23-049179-index.htm", "finalLink": "https://www.sec.gov/Archives/edgar/data/1618732/000095017023049179/ntnx-20230731.htm"}, {"date": "2023-04-30", "symbol": "NTNX", "reportedCurrency": "USD", "cik": "0001618732", "fillingDate": "2023-06-02", "acceptedDate": "2023-06-02 16:16:30", "calendarYear": "2023", "period": "Q3", "revenue": 448581000, "costOfRevenue": 82429000, "grossProfit": 366152000, "grossProfitRatio": 0.8162450037, "researchAndDevelopmentExpenses": 143016000, "generalAndAdministrativeExpenses": 52515000, "sellingAndMarketingExpenses": 229261000, "sellingGeneralAndAdministrativeExpenses": 281776000, "otherExpenses": 0, "operatingExpenses": 424792000, "costAndExpenses": 507221000, "interestIncome": 11179000, "interestExpense": 16189000, "depreciationAndAmortization": 19599000, "ebitda": -30020000, "ebitdaratio": -0.0669221389, "operatingIncome": -58640000, "operatingIncomeRatio": -0.1307233253, "totalOtherIncomeExpensesNet": -7168000, "incomeBeforeTax": -65808000, "incomeBeforeTaxRatio": -0.1467026022, "incomeTaxExpense": 5161000, "netIncome": -70969000, "netIncomeRatio": -0.1582077707, "eps": -0.35, "epsdiluted": -0.35, "weightedAverageShsOut": 234735000, "weightedAverageShsOutDil": 234735000, "link": "https://www.sec.gov/Archives/edgar/data/1618732/000095017023026080/0000950170-23-026080-index.htm", "finalLink": "https://www.sec.gov/Archives/edgar/data/1618732/000095017023026080/ntnx-20230430.htm"}, {"date": "2023-01-31", "symbol": "NTNX", "reportedCurrency": "USD", "cik": "0001618732", "fillingDate": "2023-05-24", "acceptedDate": "2023-05-24 16:04:02", "calendarYear": "2023", "period": "Q2", "revenue": 486495000, "costOfRevenue": 86805000, "grossProfit": 399690000, "grossProfitRatio": 0.8215706225, "researchAndDevelopmentExpenses": 142301000, "generalAndAdministrativeExpenses": 84109000, "sellingAndMarketingExpenses": 229788000, "sellingGeneralAndAdministrativeExpenses": 313897000, "otherExpenses": 0, "operatingExpenses": 456198000, "costAndExpenses": 543003000, "interestIncome": 8946000, "interestExpense": 15887000, "depreciationAndAmortization": 19640000, "ebitda": -31093000, "ebitdaratio": -0.0639122704, "operatingIncome": -56508000, "operatingIncomeRatio": -0.1161533007, "totalOtherIncomeExpensesNet": -10112000, "incomeBeforeTax": -66620000, "incomeBeforeTaxRatio": -0.1369387147, "incomeTaxExpense": 4170000, "netIncome": -70790000, "netIncomeRatio": -0.1455102313, "eps": -0.31, "epsdiluted": -0.31, "weightedAverageShsOut": 228354838, "weightedAverageShsOutDil": 231924000, "link": "https://www.sec.gov/Archives/edgar/data/1618732/000095017023023905/0000950170-23-023905-index.htm", "finalLink": "https://www.sec.gov/Archives/edgar/data/1618732/000095017023023905/ntnx-20230131.htm"}, {"date": "2022-10-31", "symbol": "NTNX", "reportedCurrency": "USD", "cik": "0001618732", "fillingDate": "2022-12-07", "acceptedDate": "2022-12-07 16:17:38", "calendarYear": "2023", "period": "Q1", "revenue": 433609000, "costOfRevenue": 82495000, "grossProfit": 351114000, "grossProfitRatio": 0.8097479526, "researchAndDevelopmentExpenses": 149195000, "generalAndAdministrativeExpenses": 46104000, "sellingAndMarketingExpenses": 236072000, "sellingGeneralAndAdministrativeExpenses": 282176000, "otherExpenses": 0, "operatingExpenses": 431371000, "costAndExpenses": 513866000, "interestIncome": 5512000, "interestExpense": 15730000, "depreciationAndAmortization": 28561000, "ebitda": -60418000, "ebitdaratio": -0.1393375138, "operatingIncome": -80257000, "operatingIncomeRatio": -0.1850907154, "totalOtherIncomeExpensesNet": -13416000, "incomeBeforeTax": -93673000, "incomeBeforeTaxRatio": -0.2160310326, "incomeTaxExpense": 5443000, "netIncome": -99116000, "netIncomeRatio": -0.2285838163, "eps": -0.43, "epsdiluted": -0.43, "weightedAverageShsOut": 228544000, "weightedAverageShsOutDil": 228544000, "link": "https://www.sec.gov/Archives/edgar/data/1618732/000095017022026156/0000950170-22-026156-index.htm", "finalLink": "https://www.sec.gov/Archives/edgar/data/1618732/000095017022026156/ntnx-20221031.htm"}, {"date": "2022-07-31", "symbol": "NTNX", "reportedCurrency": "USD", "cik": "0001618732", "fillingDate": "2022-09-21", "acceptedDate": "2022-09-21 16:28:32", "calendarYear": "2022", "period": "Q4", "revenue": 385540000, "costOfRevenue": 79892000, "grossProfit": 305648000, "grossProfitRatio": 0.7927789594, "researchAndDevelopmentExpenses": 144013000, "generalAndAdministrativeExpenses": 42547000, "sellingAndMarketingExpenses": 252508000, "sellingGeneralAndAdministrativeExpenses": 295055000, "otherExpenses": 0, "operatingExpenses": 439068000, "costAndExpenses": 518960000, "interestIncome": 2566000, "interestExpense": 15525000, "depreciationAndAmortization": 30238000, "ebitda": -108339000, "ebitdaratio": -0.2810058619, "operatingIncome": -133420000, "operatingIncomeRatio": -0.3460600716, "totalOtherIncomeExpensesNet": -11273000, "incomeBeforeTax": -144693000, "incomeBeforeTaxRatio": -0.3752995798, "incomeTaxExpense": 6297000, "netIncome": -150990000, "netIncomeRatio": -0.3916325154, "eps": -0.67, "epsdiluted": -0.67, "weightedAverageShsOut": 225398000, "weightedAverageShsOutDil": 225398000, "link": "https://www.sec.gov/Archives/edgar/data/1618732/000095017022018732/0000950170-22-018732-index.htm", "finalLink": "https://www.sec.gov/Archives/edgar/data/1618732/000095017022018732/ntnx-20220731.htm"}, {"date": "2022-04-30", "symbol": "NTNX", "reportedCurrency": "USD", "cik": "0001618732", "fillingDate": "2022-06-02", "acceptedDate": "2022-06-02 16:08:29", "calendarYear": "2022", "period": "Q3", "revenue": 403658000, "costOfRevenue": 79849000, "grossProfit": 323809000, "grossProfitRatio": 0.8021865044, "researchAndDevelopmentExpenses": 142075000, "generalAndAdministrativeExpenses": 39552000, "sellingAndMarketingExpenses": 234530000, "sellingGeneralAndAdministrativeExpenses": 274082000, "otherExpenses": 0, "operatingExpenses": 416157000, "costAndExpenses": 496006000, "interestIncome": 1123000, "interestExpense": 15325000, "depreciationAndAmortization": 30701000, "ebitda": -71510000, "ebitdaratio": -0.1771549183, "operatingIncome": -92348000, "operatingIncomeRatio": -0.2287778268, "totalOtherIncomeExpensesNet": -15676000, "incomeBeforeTax": -108024000, "incomeBeforeTaxRatio": -0.267612682, "incomeTaxExpense": 3611000, "netIncome": -111635000, "netIncomeRatio": -0.2765583737, "eps": -0.5, "epsdiluted": -0.5, "weightedAverageShsOut": 222473000, "weightedAverageShsOutDil": 222473000, "link": "https://www.sec.gov/Archives/edgar/data/1618732/000095017022011081/0000950170-22-011081-index.htm", "finalLink": "https://www.sec.gov/Archives/edgar/data/1618732/000095017022011081/ntnx-20220430.htm"}, {"date": "2022-01-31", "symbol": "NTNX", "reportedCurrency": "USD", "cik": "0001618732", "fillingDate": "2022-03-10", "acceptedDate": "2022-03-10 16:11:11", "calendarYear": "2022", "period": "Q2", "revenue": 413081000, "costOfRevenue": 79969000, "grossProfit": 333112000, "grossProfitRatio": 0.8064084284, "researchAndDevelopmentExpenses": 141608000, "generalAndAdministrativeExpenses": 44291000, "sellingAndMarketingExpenses": 241633000, "sellingGeneralAndAdministrativeExpenses": 285924000, "otherExpenses": 0, "operatingExpenses": 427532000, "costAndExpenses": 507501000, "interestIncome": 522000, "interestExpense": 15126000, "depreciationAndAmortization": 31438000, "ebitda": -72690000, "ebitdaratio": -0.1759703303, "operatingIncome": -94420000, "operatingIncomeRatio": -0.2285750252, "totalOtherIncomeExpensesNet": -15332000, "incomeBeforeTax": -109752000, "incomeBeforeTaxRatio": -0.2656912325, "incomeTaxExpense": 5309000, "netIncome": -115061000, "netIncomeRatio": -0.2785434334, "eps": -0.53, "epsdiluted": -0.53, "weightedAverageShsOut": 218808000, "weightedAverageShsOutDil": 218808000, "link": "https://www.sec.gov/Archives/edgar/data/1618732/000095017022003363/0000950170-22-003363-index.htm", "finalLink": "https://www.sec.gov/Archives/edgar/data/1618732/000095017022003363/ntnx-20220131.htm"}, {"date": "2021-10-31", "symbol": "NTNX", "reportedCurrency": "USD", "cik": "0001618732", "fillingDate": "2021-12-02", "acceptedDate": "2021-12-02 16:09:39", "calendarYear": "2022", "period": "Q1", "revenue": 378517000, "costOfRevenue": 81446000, "grossProfit": 297071000, "grossProfitRatio": 0.7848286867, "researchAndDevelopmentExpenses": 144266000, "generalAndAdministrativeExpenses": 40028000, "sellingAndMarketingExpenses": 250033000, "sellingGeneralAndAdministrativeExpenses": 290061000, "otherExpenses": 0, "operatingExpenses": 434327000, "costAndExpenses": 515773000, "interestIncome": 554000, "interestExpense": 14757000, "depreciationAndAmortization": 32480000, "ebitda": -368568000, "ebitdaratio": -0.9737158437, "operatingIncome": -137256000, "operatingIncomeRatio": -0.3626151533, "totalOtherIncomeExpensesNet": -278549000, "incomeBeforeTax": -415805000, "incomeBeforeTaxRatio": -1.098510767, "incomeTaxExpense": 4047000, "netIncome": -419852000, "netIncomeRatio": -1.1092024929, "eps": -1.95, "epsdiluted": -1.95, "weightedAverageShsOut": 215499000, "weightedAverageShsOutDil": 215499000, "link": "https://www.sec.gov/Archives/edgar/data/1618732/000095017021005015/0000950170-21-005015-index.htm", "finalLink": "https://www.sec.gov/Archives/edgar/data/1618732/000095017021005015/ntnx-20211031.htm"}, {"date": "2021-07-31", "symbol": "NTNX", "reportedCurrency": "USD", "cik": "0001618732", "fillingDate": "2021-09-21", "acceptedDate": "2021-09-21 16:41:41", "calendarYear": "2021", "period": "Q4", "revenue": 390720000, "costOfRevenue": 78519000, "grossProfit": 312201000, "grossProfitRatio": 0.7990402334, "researchAndDevelopmentExpenses": 140658000, "generalAndAdministrativeExpenses": 42642000, "sellingAndMarketingExpenses": 270789000, "sellingGeneralAndAdministrativeExpenses": 313431000, "otherExpenses": 0, "operatingExpenses": 454089000, "costAndExpenses": 532608000, "interestIncome": 649000, "interestExpense": 22424000, "depreciationAndAmortization": 32703000, "ebitda": -298371000, "ebitdaratio": -0.7636440418, "operatingIncome": -141888000, "operatingIncomeRatio": -0.3631449631, "totalOtherIncomeExpensesNet": -211610000, "incomeBeforeTax": -353498000, "incomeBeforeTaxRatio": -0.9047348485, "incomeTaxExpense": 4684000, "netIncome": -358182000, "netIncomeRatio": -0.916722973, "eps": -1.68, "epsdiluted": -1.68, "weightedAverageShsOut": 212612000, "weightedAverageShsOutDil": 212679000, "link": "https://www.sec.gov/Archives/edgar/data/1618732/000095017021001852/0000950170-21-001852-index.htm", "finalLink": "https://www.sec.gov/Archives/edgar/data/1618732/000095017021001852/ntnx-20210731.htm"}, {"date": "2021-04-30", "symbol": "NTNX", "reportedCurrency": "USD", "cik": "0001618732", "fillingDate": "2021-06-03", "acceptedDate": "2021-06-03 16:20:27", "calendarYear": "2021", "period": "Q3", "revenue": 344508000, "costOfRevenue": 74474000, "grossProfit": 270034000, "grossProfitRatio": 0.7838250491, "researchAndDevelopmentExpenses": 144917000, "generalAndAdministrativeExpenses": 42332000, "sellingAndMarketingExpenses": 263358000, "sellingGeneralAndAdministrativeExpenses": 305690000, "otherExpenses": 0, "operatingExpenses": 450607000, "costAndExpenses": 525081000, "interestIncome": 940000, "interestExpense": 22098000, "depreciationAndAmortization": 32410000, "ebitda": -64713000, "ebitdaratio": -0.1878417918, "operatingIncome": -180573000, "operatingIncomeRatio": -0.5241474799, "totalOtherIncomeExpensesNet": 61352000, "incomeBeforeTax": -119221000, "incomeBeforeTaxRatio": -0.3460616299, "incomeTaxExpense": 4419000, "netIncome": -123640000, "netIncomeRatio": -0.358888618, "eps": -0.6, "epsdiluted": -0.6, "weightedAverageShsOut": 207715000, "weightedAverageShsOutDil": 207715000, "link": "https://www.sec.gov/Archives/edgar/data/1618732/000095017021000299/0000950170-21-000299-index.htm", "finalLink": "https://www.sec.gov/Archives/edgar/data/1618732/000095017021000299/ntnx-20210430.htm"}, {"date": "2021-01-31", "symbol": "NTNX", "reportedCurrency": "USD", "cik": "0001618732", "fillingDate": "2021-03-04", "acceptedDate": "2021-03-04 16:33:15", "calendarYear": "2021", "period": "Q2", "revenue": 346382000, "costOfRevenue": 70954000, "grossProfit": 275428000, "grossProfitRatio": 0.7951567922, "researchAndDevelopmentExpenses": 135571000, "generalAndAdministrativeExpenses": 35034000, "sellingAndMarketingExpenses": 261071000, "sellingGeneralAndAdministrativeExpenses": 296105000, "otherExpenses": 0, "operatingExpenses": 431676000, "costAndExpenses": 502630000, "interestIncome": 1178000, "interestExpense": 21751000, "depreciationAndAmortization": 23588000, "ebitda": -228327000, "ebitdaratio": -0.6591768625, "operatingIncome": -156248000, "operatingIncomeRatio": -0.4510857955, "totalOtherIncomeExpensesNet": -126001000, "incomeBeforeTax": -282249000, "incomeBeforeTaxRatio": -0.814848924, "incomeTaxExpense": 5141000, "netIncome": -287390000, "netIncomeRatio": -0.8296909193, "eps": -1.42, "epsdiluted": -1.42, "weightedAverageShsOut": 202520000, "weightedAverageShsOutDil": 202520000, "link": "https://www.sec.gov/Archives/edgar/data/1618732/000156459021010978/0001564590-21-010978-index.htm", "finalLink": "https://www.sec.gov/Archives/edgar/data/1618732/000156459021010978/ntnx-10q_20210131.htm"}, {"date": "2020-10-31", "symbol": "NTNX", "reportedCurrency": "USD", "cik": "0001618732", "fillingDate": "2020-12-03", "acceptedDate": "2020-12-03 16:51:44", "calendarYear": "2021", "period": "Q1", "revenue": 312754000, "costOfRevenue": 67959000, "grossProfit": 244795000, "grossProfitRatio": 0.7827078151, "researchAndDevelopmentExpenses": 135804000, "generalAndAdministrativeExpenses": 33774000, "sellingAndMarketingExpenses": 257290000, "sellingGeneralAndAdministrativeExpenses": 291064000, "otherExpenses": 0, "operatingExpenses": 426868000, "costAndExpenses": 494827000, "interestIncome": 1300000, "interestExpense": 13660000, "depreciationAndAmortization": 23499000, "ebitda": -215299000, "ebitdaratio": -0.6883972707, "operatingIncome": -182073000, "operatingIncomeRatio": -0.58216042, "totalOtherIncomeExpensesNet": -78732000, "incomeBeforeTax": -260805000, "incomeBeforeTaxRatio": -0.8338982075, "incomeTaxExpense": 4243000, "netIncome": -265048000, "netIncomeRatio": -0.8474647806, "eps": -1.31, "epsdiluted": -1.31, "weightedAverageShsOut": 203095000, "weightedAverageShsOutDil": 203095000, "link": "https://www.sec.gov/Archives/edgar/data/1618732/000161873220000144/0001618732-20-000144-index.htm", "finalLink": "https://www.sec.gov/Archives/edgar/data/1618732/000161873220000144/ntnx-20201031.htm"}, {"date": "2020-07-31", "symbol": "NTNX", "reportedCurrency": "USD", "cik": "0001618732", "fillingDate": "2020-09-23", "acceptedDate": "2020-09-23 16:35:42", "calendarYear": "2020", "period": "Q4", "revenue": 327874000, "costOfRevenue": 66971000, "grossProfit": 260903000, "grossProfitRatio": 0.7957416569, "researchAndDevelopmentExpenses": 135338000, "generalAndAdministrativeExpenses": 32464000, "sellingAndMarketingExpenses": 264453000, "sellingGeneralAndAdministrativeExpenses": 296917000, "otherExpenses": 0, "operatingExpenses": 432255000, "costAndExpenses": 499226000, "interestIncome": 0, "interestExpense": 0, "depreciationAndAmortization": 24058000, "ebitda": -140995000, "ebitdaratio": -0.4300279986, "operatingIncome": -171352000, "operatingIncomeRatio": -0.5226153949, "totalOtherIncomeExpensesNet": -9757000, "incomeBeforeTax": -181109000, "incomeBeforeTaxRatio": -0.5523737777, "incomeTaxExpense": 4239000, "netIncome": -185348000, "netIncomeRatio": -0.5653025248, "eps": -0.93, "epsdiluted": -0.93, "weightedAverageShsOut": 200150100, "weightedAverageShsOutDil": 200188000, "link": "https://www.sec.gov/Archives/edgar/data/1618732/000161873220000112/0001618732-20-000112-index.htm", "finalLink": "https://www.sec.gov/Archives/edgar/data/1618732/000161873220000112/ntnx-20200731.htm"}, {"date": "2020-04-30", "symbol": "NTNX", "reportedCurrency": "USD", "cik": "0001618732", "fillingDate": "2020-06-04", "acceptedDate": "2020-06-04 16:39:59", "calendarYear": "2020", "period": "Q3", "revenue": 318273000, "costOfRevenue": 72294000, "grossProfit": 245979000, "grossProfitRatio": 0.7728553789, "researchAndDevelopmentExpenses": 141346000, "generalAndAdministrativeExpenses": 35644000, "sellingAndMarketingExpenses": 299162000, "sellingGeneralAndAdministrativeExpenses": 334806000, "otherExpenses": 0, "operatingExpenses": 476152000, "costAndExpenses": 548446000, "interestIncome": 2950000, "interestExpense": 7892000, "depreciationAndAmortization": 24175000, "ebitda": -205998000, "ebitdaratio": -0.6472368061, "operatingIncome": -230173000, "operatingIncomeRatio": -0.7231936105, "totalOtherIncomeExpensesNet": -5640000, "incomeBeforeTax": -235813000, "incomeBeforeTaxRatio": -0.7409142466, "incomeTaxExpense": 4858000, "netIncome": -240671000, "netIncomeRatio": -0.7561778725, "eps": -1.23, "epsdiluted": -1.23, "weightedAverageShsOut": 196366000, "weightedAverageShsOutDil": 196366000, "link": "https://www.sec.gov/Archives/edgar/data/1618732/000161873220000051/0001618732-20-000051-index.htm", "finalLink": "https://www.sec.gov/Archives/edgar/data/1618732/000161873220000051/ntnx-20200430.htm"}, {"date": "2020-01-31", "symbol": "NTNX", "reportedCurrency": "USD", "cik": "0001618732", "fillingDate": "2020-03-05", "acceptedDate": "2020-03-05 17:18:42", "calendarYear": "2020", "period": "Q2", "revenue": 346767000, "costOfRevenue": 75223000, "grossProfit": 271544000, "grossProfitRatio": 0.7830733605, "researchAndDevelopmentExpenses": 139088000, "generalAndAdministrativeExpenses": 34579000, "sellingAndMarketingExpenses": 304936000, "sellingGeneralAndAdministrativeExpenses": 339515000, "otherExpenses": 0, "operatingExpenses": 478603000, "costAndExpenses": 553826000, "interestIncome": 3812000, "interestExpense": 7762000, "depreciationAndAmortization": 23078000, "ebitda": -182082000, "ebitdaratio": -0.5250845669, "operatingIncome": -207059000, "operatingIncomeRatio": -0.5971127587, "totalOtherIncomeExpensesNet": -5863000, "incomeBeforeTax": -212922000, "incomeBeforeTaxRatio": -0.6140203653, "incomeTaxExpense": 4642000, "netIncome": -217564000, "netIncomeRatio": -0.6274068755, "eps": -1.13, "epsdiluted": -1.13, "weightedAverageShsOut": 192727000, "weightedAverageShsOutDil": 192727000, "link": "https://www.sec.gov/Archives/edgar/data/1618732/000161873220000012/0001618732-20-000012-index.htm", "finalLink": "https://www.sec.gov/Archives/edgar/data/1618732/000161873220000012/ntnx-01312020x10qxq220.htm"}, {"date": "2019-10-31", "symbol": "NTNX", "reportedCurrency": "USD", "cik": "0001618732", "fillingDate": "2019-12-05", "acceptedDate": "2019-12-05 17:24:48", "calendarYear": "2020", "period": "Q1", "revenue": 314768000, "costOfRevenue": 72201000, "grossProfit": 242567000, "grossProfitRatio": 0.7706215371, "researchAndDevelopmentExpenses": 138206000, "generalAndAdministrativeExpenses": 32860000, "sellingAndMarketingExpenses": 291838000, "sellingGeneralAndAdministrativeExpenses": 324698000, "otherExpenses": 0, "operatingExpenses": 462904000, "costAndExpenses": 535105000, "interestIncome": 4866000, "interestExpense": 7635000, "depreciationAndAmortization": 22462000, "ebitda": -195280000, "ebitdaratio": -0.6203934326, "operatingIncome": -220337000, "operatingIncomeRatio": -0.6999980938, "totalOtherIncomeExpensesNet": -5040000, "incomeBeforeTax": -225377000, "incomeBeforeTaxRatio": -0.7160098866, "incomeTaxExpense": 3923000, "netIncome": -229300000, "netIncomeRatio": -0.7284730341, "eps": -1.21, "epsdiluted": -1.21, "weightedAverageShsOut": 189671000, "weightedAverageShsOutDil": 189671000, "link": "https://www.sec.gov/Archives/edgar/data/1618732/000161873219000123/0001618732-19-000123-index.htm", "finalLink": "https://www.sec.gov/Archives/edgar/data/1618732/000161873219000123/ntnx-10312019x10qxq120.htm"}, {"date": "2019-07-31", "symbol": "NTNX", "reportedCurrency": "USD", "cik": "0001618732", "fillingDate": "2019-09-24", "acceptedDate": "2019-09-24 16:18:58", "calendarYear": "2019", "period": "Q4", "revenue": 299876000, "costOfRevenue": 68963000, "grossProfit": 230913000, "grossProfitRatio": 0.7700282784, "researchAndDevelopmentExpenses": 129169000, "generalAndAdministrativeExpenses": 30420000, "sellingAndMarketingExpenses": 253843000, "sellingGeneralAndAdministrativeExpenses": 284263000, "otherExpenses": 0, "operatingExpenses": 413432000, "costAndExpenses": 482395000, "interestIncome": 0, "interestExpense": 0, "depreciationAndAmortization": 21872000, "ebitda": -157841000, "ebitdaratio": -0.5263542264, "operatingIncome": -182519000, "operatingIncomeRatio": -0.6086482413, "totalOtherIncomeExpensesNet": -4705000, "incomeBeforeTax": -187224000, "incomeBeforeTaxRatio": -0.6243380597, "incomeTaxExpense": 7114000, "netIncome": -194338000, "netIncomeRatio": -0.6480611986, "eps": -1.04, "epsdiluted": -1.04, "weightedAverageShsOut": 186371011, "weightedAverageShsOutDil": 186419000, "link": "https://www.sec.gov/Archives/edgar/data/1618732/000161873219000114/0001618732-19-000114-index.htm", "finalLink": "https://www.sec.gov/Archives/edgar/data/1618732/000161873219000114/ntnx-07312019x10kxq419.htm"}, {"date": "2019-04-30", "symbol": "NTNX", "reportedCurrency": "USD", "cik": "0001618732", "fillingDate": "2019-06-05", "acceptedDate": "2019-06-05 16:38:07", "calendarYear": "2019", "period": "Q3", "revenue": 287624000, "costOfRevenue": 75077000, "grossProfit": 212547000, "grossProfitRatio": 0.7389751898, "researchAndDevelopmentExpenses": 137982000, "generalAndAdministrativeExpenses": 33040000, "sellingAndMarketingExpenses": 245703000, "sellingGeneralAndAdministrativeExpenses": 278743000, "otherExpenses": -3212000, "operatingExpenses": 416725000, "costAndExpenses": 491802000, "interestIncome": 0, "interestExpense": 0, "depreciationAndAmortization": 20735000, "ebitda": -183443000, "ebitdaratio": -0.6377875282, "operatingIncome": -204178000, "operatingIncomeRatio": -0.7098781743, "totalOtherIncomeExpensesNet": -3212000, "incomeBeforeTax": -207390000, "incomeBeforeTaxRatio": -0.7210455317, "incomeTaxExpense": 2423000, "netIncome": -209813000, "netIncomeRatio": -0.7294697244, "eps": -1.15, "epsdiluted": -1.15, "weightedAverageShsOut": 182963000, "weightedAverageShsOutDil": 182963000, "link": "https://www.sec.gov/Archives/edgar/data/1618732/000161873219000060/0001618732-19-000060-index.htm", "finalLink": "https://www.sec.gov/Archives/edgar/data/1618732/000161873219000060/ntnx-04302019x10qxq319.htm"}, {"date": "2019-01-31", "symbol": "NTNX", "reportedCurrency": "USD", "cik": "0001618732", "fillingDate": "2019-03-12", "acceptedDate": "2019-03-11 21:29:27", "calendarYear": "2019", "period": "Q2", "revenue": 335360000, "costOfRevenue": 85982000, "grossProfit": 249378000, "grossProfitRatio": 0.743612834, "researchAndDevelopmentExpenses": 123037000, "generalAndAdministrativeExpenses": 28788000, "sellingAndMarketingExpenses": 213707000, "sellingGeneralAndAdministrativeExpenses": 242495000, "otherExpenses": 0, "operatingExpenses": 365532000, "costAndExpenses": 451514000, "interestIncome": 0, "interestExpense": 0, "depreciationAndAmortization": 18822000, "ebitda": -94464000, "ebitdaratio": -0.2816793893, "operatingIncome": -116154000, "operatingIncomeRatio": -0.3463561546, "totalOtherIncomeExpensesNet": -4399000, "incomeBeforeTax": -120553000, "incomeBeforeTaxRatio": -0.3594734017, "incomeTaxExpense": 2210000, "netIncome": -122763000, "netIncomeRatio": -0.3660633349, "eps": -0.68, "epsdiluted": -0.68, "weightedAverageShsOut": 179445000, "weightedAverageShsOutDil": 179445000, "link": "https://www.sec.gov/Archives/edgar/data/1618732/000161873219000030/0001618732-19-000030-index.htm", "finalLink": "https://www.sec.gov/Archives/edgar/data/1618732/000161873219000030/ntnx-01312019x10qxq2x19.htm"}, {"date": "2018-10-31", "symbol": "NTNX", "reportedCurrency": "USD", "cik": "0001618732", "fillingDate": "2018-12-10", "acceptedDate": "2018-12-07 21:11:19", "calendarYear": "2019", "period": "Q1", "revenue": 313283000, "costOfRevenue": 74106000, "grossProfit": 239177000, "grossProfitRatio": 0.7634534909, "researchAndDevelopmentExpenses": 110531000, "generalAndAdministrativeExpenses": 27339000, "sellingAndMarketingExpenses": 196497000, "sellingGeneralAndAdministrativeExpenses": 223836000, "otherExpenses": -2703000, "operatingExpenses": 334367000, "costAndExpenses": 408473000, "interestIncome": 0, "interestExpense": 0, "depreciationAndAmortization": 16183000, "ebitda": -79007000, "ebitdaratio": -0.2521905115, "operatingIncome": -95190000, "operatingIncomeRatio": -0.3038466818, "totalOtherIncomeExpensesNet": -2703000, "incomeBeforeTax": -97893000, "incomeBeforeTaxRatio": -0.3124746635, "incomeTaxExpense": -3628000, "netIncome": -94265000, "netIncomeRatio": -0.3008940798, "eps": -0.54, "epsdiluted": -0.54, "weightedAverageShsOut": 175446000, "weightedAverageShsOutDil": 175446000, "link": "https://www.sec.gov/Archives/edgar/data/1618732/000161873218000173/0001618732-18-000173-index.htm", "finalLink": "https://www.sec.gov/Archives/edgar/data/1618732/000161873218000173/ntnx-10312018x10qxq1x19.htm"}, {"date": "2018-07-31", "symbol": "NTNX", "reportedCurrency": "USD", "cik": "0001618732", "fillingDate": "2018-09-24", "acceptedDate": "2018-09-21 20:03:34", "calendarYear": "2018", "period": "Q4", "revenue": 303748000, "costOfRevenue": 73265000, "grossProfit": 230483000, "grossProfitRatio": 0.7587967657, "researchAndDevelopmentExpenses": 97050000, "generalAndAdministrativeExpenses": 29472000, "sellingAndMarketingExpenses": 183191000, "sellingGeneralAndAdministrativeExpenses": 212663000, "otherExpenses": 0, "operatingExpenses": 309713000, "costAndExpenses": 382978000, "interestIncome": 0, "interestExpense": 0, "depreciationAndAmortization": 14289000, "ebitda": -59547000, "ebitdaratio": -0.196040797, "operatingIncome": -79230000, "operatingIncomeRatio": -0.2608412236, "totalOtherIncomeExpensesNet": -4021000, "incomeBeforeTax": -83251000, "incomeBeforeTaxRatio": -0.2740791709, "incomeTaxExpense": 4118000, "netIncome": -87369000, "netIncomeRatio": -0.2876364618, "eps": -0.51, "epsdiluted": -0.51, "weightedAverageShsOut": 171197632, "weightedAverageShsOutDil": 171235905, "link": "https://www.sec.gov/Archives/edgar/data/1618732/000161873218000131/0001618732-18-000131-index.htm", "finalLink": "https://www.sec.gov/Archives/edgar/data/1618732/000161873218000131/ntnx-07312018x10kxq4x18.htm"}, {"date": "2018-04-30", "symbol": "NTNX", "reportedCurrency": "USD", "cik": "0001618732", "fillingDate": "2018-06-12", "acceptedDate": "2018-06-12 17:12:55", "calendarYear": "2018", "period": "Q3", "revenue": 289413000, "costOfRevenue": 95615000, "grossProfit": 193798000, "grossProfitRatio": 0.6696243776, "researchAndDevelopmentExpenses": 81291000, "generalAndAdministrativeExpenses": 24929000, "sellingAndMarketingExpenses": 169860000, "sellingGeneralAndAdministrativeExpenses": 194789000, "otherExpenses": 0, "operatingExpenses": 276080000, "costAndExpenses": 371695000, "interestIncome": 0, "interestExpense": 0, "depreciationAndAmortization": 12998000, "ebitda": -70147000, "ebitdaratio": -0.242376811, "operatingIncome": -82282000, "operatingIncomeRatio": -0.2843065101, "totalOtherIncomeExpensesNet": -4235000, "incomeBeforeTax": -86517000, "incomeBeforeTaxRatio": -0.2989395777, "incomeTaxExpense": -843000, "netIncome": -85674000, "netIncomeRatio": -0.2960267853, "eps": -0.51, "epsdiluted": -0.51, "weightedAverageShsOut": 166845544, "weightedAverageShsOutDil": 166845544, "link": "https://www.sec.gov/Archives/edgar/data/1618732/000161873218000079/0001618732-18-000079-index.htm", "finalLink": "https://www.sec.gov/Archives/edgar/data/1618732/000161873218000079/ntnx-04302018x10qxq3x18.htm"}, {"date": "2018-01-31", "symbol": "NTNX", "reportedCurrency": "USD", "cik": "0001618732", "fillingDate": "2018-03-15", "acceptedDate": "2018-03-14 20:59:49", "calendarYear": "2018", "period": "Q2", "revenue": 286744000, "costOfRevenue": 108528000, "grossProfit": 178216000, "grossProfitRatio": 0.6215160561, "researchAndDevelopmentExpenses": 70924000, "generalAndAdministrativeExpenses": 15948000, "sellingAndMarketingExpenses": 151201000, "sellingGeneralAndAdministrativeExpenses": 167149000, "otherExpenses": -861000, "operatingExpenses": 238073000, "costAndExpenses": 346601000, "interestIncome": 0, "interestExpense": 0, "depreciationAndAmortization": 11682000, "ebitda": -49036000, "ebitdaratio": -0.1710096811, "operatingIncome": -59857000, "operatingIncomeRatio": -0.2087471752, "totalOtherIncomeExpensesNet": -861000, "incomeBeforeTax": -60718000, "incomeBeforeTaxRatio": -0.2117498535, "incomeTaxExpense": 1913000, "netIncome": -62631000, "netIncomeRatio": -0.2184213096, "eps": -0.39, "epsdiluted": -0.39, "weightedAverageShsOut": 161737428, "weightedAverageShsOutDil": 161737428, "link": "https://www.sec.gov/Archives/edgar/data/1618732/000161873218000027/0001618732-18-000027-index.htm", "finalLink": "https://www.sec.gov/Archives/edgar/data/1618732/000161873218000027/ntnx-01312018x10qxq2x18.htm"}, {"date": "2017-10-31", "symbol": "NTNX", "reportedCurrency": "USD", "cik": "0001618732", "fillingDate": "2017-12-13", "acceptedDate": "2017-12-12 18:08:38", "calendarYear": "2018", "period": "Q1", "revenue": 275552000, "costOfRevenue": 108622000, "grossProfit": 166930000, "grossProfitRatio": 0.6058021716, "researchAndDevelopmentExpenses": 64512000, "generalAndAdministrativeExpenses": 16052000, "sellingAndMarketingExpenses": 145405000, "sellingGeneralAndAdministrativeExpenses": 161457000, "otherExpenses": -189000, "operatingExpenses": 225969000, "costAndExpenses": 334591000, "interestIncome": 0, "interestExpense": 0, "depreciationAndAmortization": 11333000, "ebitda": -47895000, "ebitdaratio": -0.1738147428, "operatingIncome": -59039000, "operatingIncomeRatio": -0.2142572001, "totalOtherIncomeExpensesNet": -189000, "incomeBeforeTax": -59228000, "incomeBeforeTaxRatio": -0.214943096, "incomeTaxExpense": 2259000, "netIncome": -61487000, "netIncomeRatio": -0.2231411857, "eps": -0.39, "epsdiluted": -0.39, "weightedAverageShsOut": 156780631, "weightedAverageShsOutDil": 156780631, "link": "https://www.sec.gov/Archives/edgar/data/1618732/000161873217000189/0001618732-17-000189-index.htm", "finalLink": "https://www.sec.gov/Archives/edgar/data/1618732/000161873217000189/ntnx-10312017x10qxq1x18.htm"}, {"date": "2017-07-31", "symbol": "NTNX", "reportedCurrency": "USD", "cik": "0001618732", "fillingDate": "2017-09-18", "acceptedDate": "2017-09-18 17:26:36", "calendarYear": "2017", "period": "Q4", "revenue": 226102000, "costOfRevenue": 97517000, "grossProfit": 128585000, "grossProfitRatio": 0.5687035055, "researchAndDevelopmentExpenses": 67817000, "generalAndAdministrativeExpenses": 16878000, "sellingAndMarketingExpenses": 132503000, "sellingGeneralAndAdministrativeExpenses": 149381000, "otherExpenses": -547000, "operatingExpenses": 217198000, "costAndExpenses": 314715000, "interestIncome": 0, "interestExpense": 0, "depreciationAndAmortization": 10465000, "ebitda": -78695000, "ebitdaratio": -0.3480508797, "operatingIncome": -88613000, "operatingIncomeRatio": -0.3919160379, "totalOtherIncomeExpensesNet": -547000, "incomeBeforeTax": -89160000, "incomeBeforeTaxRatio": -0.3943353, "incomeTaxExpense": 1493000, "netIncome": -90653000, "netIncomeRatio": -0.4009385145, "eps": -0.59, "epsdiluted": -0.59, "weightedAverageShsOut": 152581791, "weightedAverageShsOutDil": 153627494, "link": "https://www.sec.gov/Archives/edgar/data/1618732/000161873217000123/0001618732-17-000123-index.htm", "finalLink": "https://www.sec.gov/Archives/edgar/data/1618732/000161873217000123/ntnx-07312017x10k.htm"}, {"date": "2017-04-30", "symbol": "NTNX", "reportedCurrency": "USD", "cik": "0001618732", "fillingDate": "2017-06-02", "acceptedDate": "2017-06-02 16:18:37", "calendarYear": "2017", "period": "Q3", "revenue": 191763000, "costOfRevenue": 83206000, "grossProfit": 108557000, "grossProfitRatio": 0.5660998211, "researchAndDevelopmentExpenses": 74607000, "generalAndAdministrativeExpenses": 15610000, "sellingAndMarketingExpenses": 128007000, "sellingGeneralAndAdministrativeExpenses": 143617000, "otherExpenses": 303000, "operatingExpenses": 218224000, "costAndExpenses": 301430000, "interestIncome": 0, "interestExpense": 0, "depreciationAndAmortization": 9762000, "ebitda": -85391000, "ebitdaratio": -0.445294452, "operatingIncome": -109667000, "operatingIncomeRatio": -0.5718882162, "totalOtherIncomeExpensesNet": -14865000, "incomeBeforeTax": -109364000, "incomeBeforeTaxRatio": -0.5703081408, "incomeTaxExpense": 2613000, "netIncome": -111977000, "netIncomeRatio": -0.5839343356, "eps": -0.78, "epsdiluted": -0.78, "weightedAverageShsOut": 144054432, "weightedAverageShsOutDil": 144054432, "link": "https://www.sec.gov/Archives/edgar/data/1618732/000161873217000061/0001618732-17-000061-index.htm", "finalLink": "https://www.sec.gov/Archives/edgar/data/1618732/000161873217000061/ntnx-4302017x10q.htm"}, {"date": "2017-01-31", "symbol": "NTNX", "reportedCurrency": "USD", "cik": "0001618732", "fillingDate": "2017-03-10", "acceptedDate": "2017-03-09 18:52:40", "calendarYear": "2017", "period": "Q2", "revenue": 182195000, "costOfRevenue": 76846000, "grossProfit": 105349000, "grossProfitRatio": 0.5782211367, "researchAndDevelopmentExpenses": 70914000, "generalAndAdministrativeExpenses": 15481000, "sellingAndMarketingExpenses": 111244000, "sellingGeneralAndAdministrativeExpenses": 126725000, "otherExpenses": -421000, "operatingExpenses": 197639000, "costAndExpenses": 274485000, "interestIncome": 0, "interestExpense": 0, "depreciationAndAmortization": 9600000, "ebitda": -65875000, "ebitdaratio": -0.3615631604, "operatingIncome": -92290000, "operatingIncomeRatio": -0.5065451851, "totalOtherIncomeExpensesNet": -17310000, "incomeBeforeTax": -92711000, "incomeBeforeTaxRatio": -0.5088558962, "incomeTaxExpense": 501000, "netIncome": -93212000, "netIncomeRatio": -0.5116056972, "eps": -0.66, "epsdiluted": -0.66, "weightedAverageShsOut": 141996600, "weightedAverageShsOutDil": 141996600, "link": "https://www.sec.gov/Archives/edgar/data/1618732/000161873217000001/0001618732-17-000001-index.htm", "finalLink": "https://www.sec.gov/Archives/edgar/data/1618732/000161873217000001/ntnx-1312017x10q.htm"}, {"date": "2016-10-31", "symbol": "NTNX", "reportedCurrency": "USD", "cik": "0001618732", "fillingDate": "2016-12-08", "acceptedDate": "2016-12-07 18:07:42", "calendarYear": "2017", "period": "Q1", "revenue": 166809000, "costOfRevenue": 69762000, "grossProfit": 97047000, "grossProfitRatio": 0.5817851555, "researchAndDevelopmentExpenses": 75281000, "generalAndAdministrativeExpenses": 29372000, "sellingAndMarketingExpenses": 128775000, "sellingGeneralAndAdministrativeExpenses": 158147000, "otherExpenses": 0, "operatingExpenses": 233428000, "costAndExpenses": 303190000, "interestIncome": 0, "interestExpense": 0, "depreciationAndAmortization": 8572000, "ebitda": -105959000, "ebitdaratio": -0.6352115294, "operatingIncome": -136381000, "operatingIncomeRatio": -0.81758778, "totalOtherIncomeExpensesNet": -25712000, "incomeBeforeTax": -162093000, "incomeBeforeTaxRatio": -0.9717281442, "incomeTaxExpense": 76000, "netIncome": -162169000, "netIncomeRatio": -0.9721837551, "eps": -1.17, "epsdiluted": -1.17, "weightedAverageShsOut": 139199881, "weightedAverageShsOutDil": 139199881, "link": "https://www.sec.gov/Archives/edgar/data/1618732/000162828016021886/0001628280-16-021886-index.htm", "finalLink": "https://www.sec.gov/Archives/edgar/data/1618732/000162828016021886/ntnx-10312016x10q.htm"}, {"date": "2016-07-31", "symbol": "NTNX", "reportedCurrency": "USD", "cik": "0001618732", "fillingDate": "2016-07-31", "acceptedDate": "2016-07-31 00:00:00", "calendarYear": "2016", "period": "Q4", "revenue": 139785000, "costOfRevenue": 54379000, "grossProfit": 85406000, "grossProfitRatio": 0.6109811496, "researchAndDevelopmentExpenses": 35129000, "generalAndAdministrativeExpenses": 10289000, "sellingAndMarketingExpenses": 87917000, "sellingGeneralAndAdministrativeExpenses": 98206000, "otherExpenses": -959000, "operatingExpenses": 133335000, "costAndExpenses": 187714000, "interestIncome": 0, "interestExpense": 0, "depreciationAndAmortization": 7433000, "ebitda": -40496000, "ebitdaratio": -0.2897020424, "operatingIncome": -47929000, "operatingIncomeRatio": -0.3428765604, "totalOtherIncomeExpensesNet": -959000, "incomeBeforeTax": -48888000, "incomeBeforeTaxRatio": -0.3497370963, "incomeTaxExpense": 1041000, "netIncome": -49929000, "netIncomeRatio": -0.3571842472, "eps": -0.37, "epsdiluted": -0.37, "weightedAverageShsOut": 136403162, "weightedAverageShsOutDil": 136403162, "link": null, "finalLink": null}, {"date": "2016-04-30", "symbol": "NTNX", "reportedCurrency": "USD", "cik": "0001618732", "fillingDate": "2016-04-30", "acceptedDate": "2016-04-30 00:00:00", "calendarYear": "2016", "period": "Q3", "revenue": 114690000, "costOfRevenue": 43393000, "grossProfit": 71297000, "grossProfitRatio": 0.6216496643, "researchAndDevelopmentExpenses": 31390000, "generalAndAdministrativeExpenses": 8761000, "sellingAndMarketingExpenses": 75849000, "sellingGeneralAndAdministrativeExpenses": 84610000, "otherExpenses": 0, "operatingExpenses": 116000000, "costAndExpenses": 159393000, "interestIncome": 0, "interestExpense": 0, "depreciationAndAmortization": 7153000, "ebitda": -37550000, "ebitdaratio": -0.3274043073, "operatingIncome": -44703000, "operatingIncomeRatio": -0.38977243, "totalOtherIncomeExpensesNet": -2106000, "incomeBeforeTax": -46809000, "incomeBeforeTaxRatio": -0.4081349725, "incomeTaxExpense": 11000, "netIncome": -46820000, "netIncomeRatio": -0.4082308833, "eps": -0.39, "epsdiluted": -0.39, "weightedAverageShsOut": 121270682, "weightedAverageShsOutDil": 121270682, "link": null, "finalLink": null}, {"date": "2016-01-31", "symbol": "NTNX", "reportedCurrency": "USD", "cik": "0001618732", "fillingDate": "2016-01-31", "acceptedDate": "2016-01-31 00:00:00", "calendarYear": "2016", "period": "Q2", "revenue": 102697000, "costOfRevenue": 37936000, "grossProfit": 64761000, "grossProfitRatio": 0.6306026466, "researchAndDevelopmentExpenses": 26024000, "generalAndAdministrativeExpenses": 7840000, "sellingAndMarketingExpenses": 66128000, "sellingGeneralAndAdministrativeExpenses": 73968000, "otherExpenses": 0, "operatingExpenses": 99992000, "costAndExpenses": 137928000, "interestIncome": 0, "interestExpense": 0, "depreciationAndAmortization": 6265000, "ebitda": -28966000, "ebitdaratio": -0.2820530298, "operatingIncome": -35231000, "operatingIncomeRatio": -0.3430577329, "totalOtherIncomeExpensesNet": 2646000, "incomeBeforeTax": -32585000, "incomeBeforeTaxRatio": -0.3172926181, "incomeTaxExpense": 620000, "netIncome": -33205000, "netIncomeRatio": -0.3233297954, "eps": -0.27, "epsdiluted": -0.27, "weightedAverageShsOut": 121270682, "weightedAverageShsOutDil": 121270682, "link": null, "finalLink": null}, {"date": "2015-10-31", "symbol": "NTNX", "reportedCurrency": "USD", "cik": "0001618732", "fillingDate": "2015-10-31", "acceptedDate": "2015-10-31 00:00:00", "calendarYear": "2016", "period": "Q1", "revenue": 87756000, "costOfRevenue": 35079000, "grossProfit": 52677000, "grossProfitRatio": 0.6002666484, "researchAndDevelopmentExpenses": 23857000, "generalAndAdministrativeExpenses": 7375000, "sellingAndMarketingExpenses": 58599000, "sellingGeneralAndAdministrativeExpenses": 65974000, "otherExpenses": -871000, "operatingExpenses": 89831000, "costAndExpenses": 124910000, "interestIncome": 0, "interestExpense": 0, "depreciationAndAmortization": 5557000, "ebitda": -31597000, "ebitdaratio": -0.3600551529, "operatingIncome": -37154000, "operatingIncomeRatio": -0.4233784585, "totalOtherIncomeExpensesNet": -871000, "incomeBeforeTax": -38025000, "incomeBeforeTaxRatio": -0.4333037057, "incomeTaxExpense": 520000, "netIncome": -38545000, "netIncomeRatio": -0.4392292265, "eps": -0.32, "epsdiluted": -0.32, "weightedAverageShsOut": 121270682, "weightedAverageShsOutDil": 121270682, "link": null, "finalLink": null}, {"date": "2015-07-31", "symbol": "NTNX", "reportedCurrency": "USD", "cik": "0001618732", "fillingDate": "2015-07-31", "acceptedDate": "2015-07-31 00:00:00", "calendarYear": "2015", "period": "Q4", "revenue": 74085000, "costOfRevenue": 30334000, "grossProfit": 43751000, "grossProfitRatio": 0.5905513937, "researchAndDevelopmentExpenses": 22684000, "generalAndAdministrativeExpenses": 6827000, "sellingAndMarketingExpenses": 48762000, "sellingGeneralAndAdministrativeExpenses": 55589000, "otherExpenses": 0, "operatingExpenses": 78273000, "costAndExpenses": 108607000, "interestIncome": 0, "interestExpense": 0, "depreciationAndAmortization": 4806000, "ebitda": -29716000, "ebitdaratio": -0.4011068367, "operatingIncome": -34522000, "operatingIncomeRatio": -0.4659782682, "totalOtherIncomeExpensesNet": -2187000, "incomeBeforeTax": -36709000, "incomeBeforeTaxRatio": -0.495498414, "incomeTaxExpense": 476000, "netIncome": -37185000, "netIncomeRatio": -0.5019234663, "eps": -0.31, "epsdiluted": -0.31, "weightedAverageShsOut": 121270682, "weightedAverageShsOutDil": 121270682, "link": null, "finalLink": null}, {"date": "2015-04-30", "symbol": "NTNX", "reportedCurrency": "USD", "cik": "0001618732", "fillingDate": "2015-04-30", "acceptedDate": "2015-04-29 20:00:00", "calendarYear": "2015", "period": "Q3", "revenue": 64496000, "costOfRevenue": 26994000, "grossProfit": 37502000, "grossProfitRatio": 0.5814624163, "researchAndDevelopmentExpenses": 19804000, "generalAndAdministrativeExpenses": 6380000, "sellingAndMarketingExpenses": 42785000, "sellingGeneralAndAdministrativeExpenses": 49165000, "otherExpenses": 0, "operatingExpenses": 69642000, "costAndExpenses": 96636000, "interestIncome": 0, "interestExpense": 0, "depreciationAndAmortization": 4098000, "ebitda": -27369000, "ebitdaratio": -0.4243518978, "operatingIncome": -31467000, "operatingIncomeRatio": -0.4878907219, "totalOtherIncomeExpensesNet": -673000, "incomeBeforeTax": -32140000, "incomeBeforeTaxRatio": -0.4983254775, "incomeTaxExpense": 474000, "netIncome": -32614000, "netIncomeRatio": -0.5056747705, "eps": -0.27, "epsdiluted": -0.27, "weightedAverageShsOut": 121270682, "weightedAverageShsOutDil": 121270682, "link": null, "finalLink": null}, {"date": "2015-01-31", "symbol": "NTNX", "reportedCurrency": "USD", "cik": "0001618732", "fillingDate": "2015-01-31", "acceptedDate": "2015-01-30 19:00:00", "calendarYear": "2015", "period": "Q2", "revenue": 56798000, "costOfRevenue": 23811000, "grossProfit": 32987000, "grossProfitRatio": 0.5807774922, "researchAndDevelopmentExpenses": 16717000, "generalAndAdministrativeExpenses": 5307000, "sellingAndMarketingExpenses": 37151000, "sellingGeneralAndAdministrativeExpenses": 42458000, "otherExpenses": 0, "operatingExpenses": 60443000, "costAndExpenses": 84254000, "interestIncome": 0, "interestExpense": 0, "depreciationAndAmortization": 4029000, "ebitda": -22159000, "ebitdaratio": -0.3901369767, "operatingIncome": -26188000, "operatingIncomeRatio": -0.461072573, "totalOtherIncomeExpensesNet": -1268000, "incomeBeforeTax": -27456000, "incomeBeforeTaxRatio": -0.4833973027, "incomeTaxExpense": 350000, "netIncome": -27806000, "netIncomeRatio": -0.4895594915, "eps": -0.23, "epsdiluted": -0.23, "weightedAverageShsOut": 121270682, "weightedAverageShsOutDil": 121270682, "link": null, "finalLink": null}, {"date": "2014-10-31", "symbol": "NTNX", "reportedCurrency": "USD", "cik": "0001618732", "fillingDate": "2014-10-31", "acceptedDate": "2014-10-31 00:00:00", "calendarYear": "2015", "period": "Q1", "revenue": 46053000, "costOfRevenue": 19820000, "grossProfit": 26233000, "grossProfitRatio": 0.5696263001, "researchAndDevelopmentExpenses": 14305000, "generalAndAdministrativeExpenses": 5385000, "sellingAndMarketingExpenses": 33131000, "sellingGeneralAndAdministrativeExpenses": 38516000, "otherExpenses": 0, "operatingExpenses": 52821000, "costAndExpenses": 72641000, "interestIncome": 0, "interestExpense": 0, "depreciationAndAmortization": 3634000, "ebitda": -22954000, "ebitdaratio": -0.4984257269, "operatingIncome": -26588000, "operatingIncomeRatio": -0.5773348099, "totalOtherIncomeExpensesNet": -1690000, "incomeBeforeTax": -28278000, "incomeBeforeTaxRatio": -0.6140316592, "incomeTaxExpense": 244000, "netIncome": -28522000, "netIncomeRatio": -0.6193299025, "eps": -0.24, "epsdiluted": -0.24, "weightedAverageShsOut": 121270682, "weightedAverageShsOutDil": 121270682, "link": null, "finalLink": null}, {"date": "2014-07-31", "symbol": "NTNX", "reportedCurrency": "USD", "cik": "0001618732", "fillingDate": "2014-07-31", "acceptedDate": "2014-07-30 20:00:00", "calendarYear": "2014", "period": "Q4", "revenue": 39091000, "costOfRevenue": 17343000, "grossProfit": 21748000, "grossProfitRatio": 0.5563428922, "researchAndDevelopmentExpenses": 13013000, "generalAndAdministrativeExpenses": 4380000, "sellingAndMarketingExpenses": 30917000, "sellingGeneralAndAdministrativeExpenses": 35297000, "otherExpenses": 0, "operatingExpenses": 50874000, "costAndExpenses": 68217000, "interestIncome": 0, "interestExpense": 0, "depreciationAndAmortization": 3601000, "ebitda": -22961000, "ebitdaratio": -0.5873730526, "operatingIncome": -26562000, "operatingIncomeRatio": -0.679491443, "totalOtherIncomeExpensesNet": -2564000, "incomeBeforeTax": -29126000, "incomeBeforeTaxRatio": -0.7450819882, "incomeTaxExpense": 304000, "netIncome": -29430000, "netIncomeRatio": -0.7528587143, "eps": -0.77, "epsdiluted": -0.77, "weightedAverageShsOut": 38155755, "weightedAverageShsOutDil": 38155755, "link": null, "finalLink": null}, {"date": "2014-04-30", "symbol": "NTNX", "reportedCurrency": "USD", "cik": "0001618732", "fillingDate": "2014-04-30", "acceptedDate": "2014-04-29 20:00:00", "calendarYear": "2014", "period": "Q3", "revenue": 35997000, "costOfRevenue": 17405000, "grossProfit": 18592000, "grossProfitRatio": 0.5164874851, "researchAndDevelopmentExpenses": 10878000, "generalAndAdministrativeExpenses": 4128000, "sellingAndMarketingExpenses": 25558000, "sellingGeneralAndAdministrativeExpenses": 29686000, "otherExpenses": 0, "operatingExpenses": 41927000, "costAndExpenses": 59332000, "interestIncome": 0, "interestExpense": 0, "depreciationAndAmortization": 2660331, "ebitda": -19311669, "ebitdaratio": -0.5364799567, "operatingIncome": -21972000, "operatingIncomeRatio": -0.6103841987, "totalOtherIncomeExpensesNet": -1363000, "incomeBeforeTax": -23335000, "incomeBeforeTaxRatio": -0.6482484651, "incomeTaxExpense": 152000, "netIncome": -23487000, "netIncomeRatio": -0.6524710393, "eps": -0.65, "epsdiluted": -0.65, "weightedAverageShsOut": 35974891, "weightedAverageShsOutDil": 35974891, "link": null, "finalLink": null}]