[{"date": "2025-06-27", "symbol": "NOVT", "reportedCurrency": "USD", "cik": "0001076930", "fillingDate": "2025-08-05", "acceptedDate": "2025-08-05 09:31:01", "calendarYear": "2025", "period": "Q2", "revenue": 241049000, "costOfRevenue": 134303000, "grossProfit": 106746000, "grossProfitRatio": 0.4428394227, "researchAndDevelopmentExpenses": 25289000, "generalAndAdministrativeExpenses": 0, "sellingAndMarketingExpenses": 0, "sellingGeneralAndAdministrativeExpenses": 47103000, "otherExpenses": 19443000, "operatingExpenses": 91835000, "costAndExpenses": 226138000, "interestIncome": 0, "interestExpense": 0, "depreciationAndAmortization": 15581000, "ebitda": 43064000, "ebitdaratio": 0.1786524731, "operatingIncome": 14911000, "operatingIncomeRatio": 0.0618587922, "totalOtherIncomeExpensesNet": -9122000, "incomeBeforeTax": 5789000, "incomeBeforeTaxRatio": 0.024015864, "incomeTaxExpense": 1292000, "netIncome": 4497000, "netIncomeRatio": 0.0186559579, "eps": 0.12, "epsdiluted": 0.12, "weightedAverageShsOut": 36022000, "weightedAverageShsOutDil": 36076000, "link": "https://www.sec.gov/Archives/edgar/data/1076930/000095017025102475/0000950170-25-102475-index.htm", "finalLink": "https://www.sec.gov/Archives/edgar/data/1076930/000095017025102475/novt-20250627.htm"}, {"date": "2025-03-28", "symbol": "NOVT", "reportedCurrency": "USD", "cik": "0001076930", "fillingDate": "2025-05-06", "acceptedDate": "2025-05-06 09:30:25", "calendarYear": "2025", "period": "Q1", "revenue": 233366000, "costOfRevenue": 129012000, "grossProfit": 104354000, "grossProfitRatio": 0.4471688249, "researchAndDevelopmentExpenses": 23238000, "generalAndAdministrativeExpenses": 0, "sellingAndMarketingExpenses": 0, "sellingGeneralAndAdministrativeExpenses": 45596000, "otherExpenses": 3099000, "operatingExpenses": 71933000, "costAndExpenses": 200945000, "interestIncome": 0, "interestExpense": 0, "depreciationAndAmortization": 13563000, "ebitda": 43529000, "ebitdaratio": 0.1865267434, "operatingIncome": 32421000, "operatingIncomeRatio": 0.138927693, "totalOtherIncomeExpensesNet": -6003000, "incomeBeforeTax": 26418000, "incomeBeforeTaxRatio": 0.1132041514, "incomeTaxExpense": 5210000, "netIncome": 21208000, "netIncomeRatio": 0.0908787056, "eps": 0.59, "epsdiluted": 0.59, "weightedAverageShsOut": 36024000, "weightedAverageShsOutDil": 36130000, "link": "https://www.sec.gov/Archives/edgar/data/1076930/000095017025064018/0000950170-25-064018-index.htm", "finalLink": "https://www.sec.gov/Archives/edgar/data/1076930/000095017025064018/novt-20250328.htm"}, {"date": "2024-12-31", "symbol": "NOVT", "reportedCurrency": "USD", "cik": "0001076930", "fillingDate": "2025-02-25", "acceptedDate": "2025-02-25 09:30:35", "calendarYear": "2024", "period": "Q4", "revenue": 238060000, "costOfRevenue": 129835000, "grossProfit": 108225000, "grossProfitRatio": 0.4546122826, "researchAndDevelopmentExpenses": 25285000, "generalAndAdministrativeExpenses": 0, "sellingAndMarketingExpenses": 0, "sellingGeneralAndAdministrativeExpenses": 43301000, "otherExpenses": 12932000, "operatingExpenses": 81518000, "costAndExpenses": 211353000, "interestIncome": 0, "interestExpense": 6890000, "depreciationAndAmortization": 14363000, "ebitda": 42048000, "ebitdaratio": 0.1766277409, "operatingIncome": 26707000, "operatingIncomeRatio": 0.1121860035, "totalOtherIncomeExpensesNet": -5912000, "incomeBeforeTax": 20795000, "incomeBeforeTaxRatio": 0.0873519281, "incomeTaxExpense": 4331000, "netIncome": 16464000, "netIncomeRatio": 0.0691590355, "eps": 0.46, "epsdiluted": 0.46, "weightedAverageShsOut": 35980000, "weightedAverageShsOutDil": 36148000, "link": "https://www.sec.gov/Archives/edgar/data/1076930/000095017025026131/0000950170-25-026131-index.htm", "finalLink": "https://www.sec.gov/Archives/edgar/data/1076930/000095017025026131/novt-20241231.htm"}, {"date": "2024-09-27", "symbol": "NOVT", "reportedCurrency": "USD", "cik": "0001076930", "fillingDate": "2024-11-05", "acceptedDate": "2024-11-05 09:30:26", "calendarYear": "2024", "period": "Q3", "revenue": 244405000, "costOfRevenue": 135190000, "grossProfit": 109215000, "grossProfitRatio": 0.4468607434, "researchAndDevelopmentExpenses": 23253000, "generalAndAdministrativeExpenses": 0, "sellingAndMarketingExpenses": 0, "sellingGeneralAndAdministrativeExpenses": 44319000, "otherExpenses": 9088000, "operatingExpenses": 76660000, "costAndExpenses": 211850000, "interestIncome": 0, "interestExpense": 8079000, "depreciationAndAmortization": 14155000, "ebitda": 49209000, "ebitdaratio": 0.2013420347, "operatingIncome": 32555000, "operatingIncomeRatio": 0.1332010393, "totalOtherIncomeExpensesNet": -8330000, "incomeBeforeTax": 24225000, "incomeBeforeTaxRatio": 0.0991182668, "incomeTaxExpense": 5033000, "netIncome": 19192000, "netIncomeRatio": 0.0785253984, "eps": 0.53, "epsdiluted": 0.53, "weightedAverageShsOut": 35959000, "weightedAverageShsOutDil": 36129000, "link": "https://www.sec.gov/Archives/edgar/data/1076930/000095017024121113/0000950170-24-121113-index.htm", "finalLink": "https://www.sec.gov/Archives/edgar/data/1076930/000095017024121113/novt-20240927.htm"}, {"date": "2024-06-28", "symbol": "NOVT", "reportedCurrency": "USD", "cik": "0001076930", "fillingDate": "2024-08-06", "acceptedDate": "2024-08-06 09:30:29", "calendarYear": "2024", "period": "Q2", "revenue": 235864000, "costOfRevenue": 132175000, "grossProfit": 103689000, "grossProfitRatio": 0.4396135061, "researchAndDevelopmentExpenses": 23731000, "generalAndAdministrativeExpenses": 0, "sellingAndMarketingExpenses": 0, "sellingGeneralAndAdministrativeExpenses": 44793000, "otherExpenses": 9450000, "operatingExpenses": 77974000, "costAndExpenses": 210149000, "interestIncome": 0, "interestExpense": 8266000, "depreciationAndAmortization": 14116000, "ebitda": 42374000, "ebitdaratio": 0.1796543771, "operatingIncome": 25715000, "operatingIncomeRatio": 0.1090246922, "totalOtherIncomeExpensesNet": -8585000, "incomeBeforeTax": 17130000, "incomeBeforeTaxRatio": 0.0726265984, "incomeTaxExpense": 3375000, "netIncome": 13755000, "netIncomeRatio": 0.058317505, "eps": 0.38, "epsdiluted": 0.38, "weightedAverageShsOut": 35946000, "weightedAverageShsOutDil": 36092000, "link": "https://www.sec.gov/Archives/edgar/data/1076930/000095017024091261/0000950170-24-091261-index.htm", "finalLink": "https://www.sec.gov/Archives/edgar/data/1076930/000095017024091261/novt-20240628.htm"}, {"date": "2024-03-29", "symbol": "NOVT", "reportedCurrency": "USD", "cik": "0001076930", "fillingDate": "2024-05-07", "acceptedDate": "2024-05-07 09:31:12", "calendarYear": "2024", "period": "Q1", "revenue": 230916000, "costOfRevenue": 130500000, "grossProfit": 100416000, "grossProfitRatio": 0.4348594294, "researchAndDevelopmentExpenses": 23246000, "generalAndAdministrativeExpenses": 0, "sellingAndMarketingExpenses": 0, "sellingGeneralAndAdministrativeExpenses": 43530000, "otherExpenses": 8033000, "operatingExpenses": 74809000, "costAndExpenses": 205309000, "interestIncome": 0, "interestExpense": 8254000, "depreciationAndAmortization": 12929000, "ebitda": 40819000, "ebitdaratio": 0.1767699077, "operatingIncome": 25607000, "operatingIncomeRatio": 0.1108931386, "totalOtherIncomeExpensesNet": -8691000, "incomeBeforeTax": 16916000, "incomeBeforeTaxRatio": 0.0732560758, "incomeTaxExpense": 2240000, "netIncome": 14676000, "netIncomeRatio": 0.0635555787, "eps": 0.41, "epsdiluted": 0.41, "weightedAverageShsOut": 35914000, "weightedAverageShsOutDil": 36127000, "link": "https://www.sec.gov/Archives/edgar/data/1076930/000095017024054007/0000950170-24-054007-index.htm", "finalLink": "https://www.sec.gov/Archives/edgar/data/1076930/000095017024054007/novt-20240329.htm"}, {"date": "2023-12-31", "symbol": "NOVT", "reportedCurrency": "USD", "cik": "0001076930", "fillingDate": "2024-02-28", "acceptedDate": "2024-02-28 09:30:49", "calendarYear": "2023", "period": "Q4", "revenue": 211569000, "costOfRevenue": 115014000, "grossProfit": 96555000, "grossProfitRatio": 0.4563759341, "researchAndDevelopmentExpenses": 23452000, "generalAndAdministrativeExpenses": 0, "sellingAndMarketingExpenses": 0, "sellingGeneralAndAdministrativeExpenses": 41702000, "otherExpenses": 9724000, "operatingExpenses": 69878000, "costAndExpenses": 189892000, "interestIncome": 0, "interestExpense": 5920000, "depreciationAndAmortization": 11547000, "ebitda": 33213000, "ebitdaratio": 0.1569842463, "operatingIncome": 21677000, "operatingIncomeRatio": 0.1024582997, "totalOtherIncomeExpensesNet": -5931000, "incomeBeforeTax": 15746000, "incomeBeforeTaxRatio": 0.0744248921, "incomeTaxExpense": 3235000, "netIncome": 12511000, "netIncomeRatio": 0.0591343722, "eps": 0.35, "epsdiluted": 0.35, "weightedAverageShsOut": 36052000, "weightedAverageShsOutDil": 36052000, "link": "https://www.sec.gov/Archives/edgar/data/1076930/000095017024021689/0000950170-24-021689-index.htm", "finalLink": "https://www.sec.gov/Archives/edgar/data/1076930/000095017024021689/novt-20231231.htm"}, {"date": "2023-09-29", "symbol": "NOVT", "reportedCurrency": "USD", "cik": "0001076930", "fillingDate": "2023-11-07", "acceptedDate": "2023-11-07 09:30:56", "calendarYear": "2023", "period": "Q3", "revenue": 221503000, "costOfRevenue": 119912000, "grossProfit": 101591000, "grossProfitRatio": 0.458643901, "researchAndDevelopmentExpenses": 22022000, "generalAndAdministrativeExpenses": 0, "sellingAndMarketingExpenses": 0, "sellingGeneralAndAdministrativeExpenses": 39648000, "otherExpenses": 9612000, "operatingExpenses": 71282000, "costAndExpenses": 191194000, "interestIncome": 0, "interestExpense": 6756000, "depreciationAndAmortization": 11397000, "ebitda": 46187000, "ebitdaratio": 0.2085163632, "operatingIncome": 30309000, "operatingIncomeRatio": 0.1368333612, "totalOtherIncomeExpensesNet": -7315000, "incomeBeforeTax": 22994000, "incomeBeforeTaxRatio": 0.1038089778, "incomeTaxExpense": 1771000, "netIncome": 21223000, "netIncomeRatio": 0.0958136007, "eps": 0.59, "epsdiluted": 0.59, "weightedAverageShsOut": 35856000, "weightedAverageShsOutDil": 36041000, "link": "https://www.sec.gov/Archives/edgar/data/1076930/000095017023059817/0000950170-23-059817-index.htm", "finalLink": "https://www.sec.gov/Archives/edgar/data/1076930/000095017023059817/novt-20230929.htm"}, {"date": "2023-06-30", "symbol": "NOVT", "reportedCurrency": "USD", "cik": "0001076930", "fillingDate": "2023-08-08", "acceptedDate": "2023-08-08 09:34:53", "calendarYear": "2023", "period": "Q2", "revenue": 229464000, "costOfRevenue": 125341000, "grossProfit": 104123000, "grossProfitRatio": 0.4537661681, "researchAndDevelopmentExpenses": 23380000, "generalAndAdministrativeExpenses": 0, "sellingAndMarketingExpenses": 0, "sellingGeneralAndAdministrativeExpenses": 42187000, "otherExpenses": 6358000, "operatingExpenses": 71925000, "costAndExpenses": 197266000, "interestIncome": 0, "interestExpense": 6810000, "depreciationAndAmortization": 11937000, "ebitda": 45369000, "ebitdaratio": 0.197717289, "operatingIncome": 32198000, "operatingIncomeRatio": 0.140318307, "totalOtherIncomeExpensesNet": -6927000, "incomeBeforeTax": 25271000, "incomeBeforeTaxRatio": 0.1101305651, "incomeTaxExpense": 4392000, "netIncome": 20879000, "netIncomeRatio": 0.0909903078, "eps": 0.58, "epsdiluted": 0.58, "weightedAverageShsOut": 35851000, "weightedAverageShsOutDil": 36032000, "link": "https://www.sec.gov/Archives/edgar/data/1076930/000095017023039422/0000950170-23-039422-index.htm", "finalLink": "https://www.sec.gov/Archives/edgar/data/1076930/000095017023039422/novt-20230630.htm"}, {"date": "2023-03-31", "symbol": "NOVT", "reportedCurrency": "USD", "cik": "0001076930", "fillingDate": "2023-05-09", "acceptedDate": "2023-05-09 09:31:33", "calendarYear": "2023", "period": "Q1", "revenue": 219126000, "costOfRevenue": 121498000, "grossProfit": 97628000, "grossProfitRatio": 0.4455336199, "researchAndDevelopmentExpenses": 22828000, "generalAndAdministrativeExpenses": 0, "sellingAndMarketingExpenses": 0, "sellingGeneralAndAdministrativeExpenses": 40923000, "otherExpenses": 7565000, "operatingExpenses": 71316000, "costAndExpenses": 192814000, "interestIncome": 0, "interestExpense": 6332000, "depreciationAndAmortization": 11731000, "ebitda": 40519000, "ebitdaratio": 0.1849118772, "operatingIncome": 26312000, "operatingIncomeRatio": 0.1200770333, "totalOtherIncomeExpensesNet": -6575000, "incomeBeforeTax": 19737000, "incomeBeforeTaxRatio": 0.0900714657, "incomeTaxExpense": 1472000, "netIncome": 18265000, "netIncomeRatio": 0.0833538695, "eps": 0.51, "epsdiluted": 0.51, "weightedAverageShsOut": 35810000, "weightedAverageShsOutDil": 35999000, "link": "https://www.sec.gov/Archives/edgar/data/1076930/000095017023019206/0000950170-23-019206-index.htm", "finalLink": "https://www.sec.gov/Archives/edgar/data/1076930/000095017023019206/novt-20230331.htm"}, {"date": "2022-12-31", "symbol": "NOVT", "reportedCurrency": "USD", "cik": "0001076930", "fillingDate": "2023-03-01", "acceptedDate": "2023-03-01 09:47:22", "calendarYear": "2022", "period": "Q4", "revenue": 218373000, "costOfRevenue": 123830000, "grossProfit": 94543000, "grossProfitRatio": 0.4329427173, "researchAndDevelopmentExpenses": 21904000, "generalAndAdministrativeExpenses": 0, "sellingAndMarketingExpenses": 0, "sellingGeneralAndAdministrativeExpenses": 38710000, "otherExpenses": 5351000, "operatingExpenses": 65965000, "costAndExpenses": 189795000, "interestIncome": 0, "interestExpense": 5688000, "depreciationAndAmortization": 12159000, "ebitda": 41102000, "ebitdaratio": 0.1882192396, "operatingIncome": 26844000, "operatingIncomeRatio": 0.122927285, "totalOtherIncomeExpensesNet": -7909000, "incomeBeforeTax": 18935000, "incomeBeforeTaxRatio": 0.0867094375, "incomeTaxExpense": 3673000, "netIncome": 15262000, "netIncomeRatio": 0.0698895926, "eps": 0.43, "epsdiluted": 0.42, "weightedAverageShsOut": 35738000, "weightedAverageShsOutDil": 36000000, "link": "https://www.sec.gov/Archives/edgar/data/1076930/000095017023005365/0000950170-23-005365-index.htm", "finalLink": "https://www.sec.gov/Archives/edgar/data/1076930/000095017023005365/novt-20221231.htm"}, {"date": "2022-09-30", "symbol": "NOVT", "reportedCurrency": "USD", "cik": "0001076930", "fillingDate": "2022-11-08", "acceptedDate": "2022-11-08 09:31:04", "calendarYear": "2022", "period": "Q3", "revenue": 222958000, "costOfRevenue": 124550000, "grossProfit": 98408000, "grossProfitRatio": 0.4413746087, "researchAndDevelopmentExpenses": 21349000, "generalAndAdministrativeExpenses": 0, "sellingAndMarketingExpenses": 0, "sellingGeneralAndAdministrativeExpenses": 40301000, "otherExpenses": 6472000, "operatingExpenses": 68122000, "costAndExpenses": 192672000, "interestIncome": 0, "interestExpense": 4062000, "depreciationAndAmortization": 13144000, "ebitda": 43430000, "ebitdaratio": 0.1947900501, "operatingIncome": 28661000, "operatingIncomeRatio": 0.1285488747, "totalOtherIncomeExpensesNet": -1889000, "incomeBeforeTax": 26772000, "incomeBeforeTaxRatio": 0.120076427, "incomeTaxExpense": 4282000, "netIncome": 22490000, "netIncomeRatio": 0.1008710161, "eps": 0.63, "epsdiluted": 0.63, "weightedAverageShsOut": 35729000, "weightedAverageShsOutDil": 35928000, "link": "https://www.sec.gov/Archives/edgar/data/1076930/000095017022022949/0000950170-22-022949-index.htm", "finalLink": "https://www.sec.gov/Archives/edgar/data/1076930/000095017022022949/novt-20220930.htm"}, {"date": "2022-07-01", "symbol": "NOVT", "reportedCurrency": "USD", "cik": "0001076930", "fillingDate": "2022-08-09", "acceptedDate": "2022-08-09 09:31:34", "calendarYear": "2022", "period": "Q2", "revenue": 215356000, "costOfRevenue": 120111000, "grossProfit": 95245000, "grossProfitRatio": 0.442267687, "researchAndDevelopmentExpenses": 21588000, "generalAndAdministrativeExpenses": 0, "sellingAndMarketingExpenses": 0, "sellingGeneralAndAdministrativeExpenses": 40538000, "otherExpenses": 7173000, "operatingExpenses": 69299000, "costAndExpenses": 189410000, "interestIncome": 0, "interestExpense": 0, "depreciationAndAmortization": 13811000, "ebitda": 39757000, "ebitdaratio": 0.1846105983, "operatingIncome": 23291000, "operatingIncomeRatio": 0.1081511544, "totalOtherIncomeExpensesNet": -2537000, "incomeBeforeTax": 20754000, "incomeBeforeTaxRatio": 0.0963706607, "incomeTaxExpense": 3275000, "netIncome": 17479000, "netIncomeRatio": 0.0811632831, "eps": 0.49, "epsdiluted": 0.49, "weightedAverageShsOut": 35609000, "weightedAverageShsOutDil": 35933000, "link": "https://www.sec.gov/Archives/edgar/data/1076930/000156459022028608/0001564590-22-028608-index.htm", "finalLink": "https://www.sec.gov/Archives/edgar/data/1076930/000156459022028608/novt-10q_20220701.htm"}, {"date": "2022-04-01", "symbol": "NOVT", "reportedCurrency": "USD", "cik": "0001076930", "fillingDate": "2022-05-10", "acceptedDate": "2022-05-10 09:37:03", "calendarYear": "2022", "period": "Q1", "revenue": 204216000, "costOfRevenue": 113940000, "grossProfit": 90276000, "grossProfitRatio": 0.4420613468, "researchAndDevelopmentExpenses": 20929000, "generalAndAdministrativeExpenses": 0, "sellingAndMarketingExpenses": 0, "sellingGeneralAndAdministrativeExpenses": 39352000, "otherExpenses": 5712000, "operatingExpenses": 65993000, "costAndExpenses": 181563000, "interestIncome": 0, "interestExpense": 3109000, "depreciationAndAmortization": 14044000, "ebitda": 36697000, "ebitdaratio": 0.1796969875, "operatingIncome": 24283000, "operatingIncomeRatio": 0.1189084107, "totalOtherIncomeExpensesNet": -3585000, "incomeBeforeTax": 20698000, "incomeBeforeTaxRatio": 0.1013534689, "incomeTaxExpense": 1878000, "netIncome": 18820000, "netIncomeRatio": 0.0921573236, "eps": 0.53, "epsdiluted": 0.53, "weightedAverageShsOut": 35538000, "weightedAverageShsOutDil": 35781000, "link": "https://www.sec.gov/Archives/edgar/data/1076930/000156459022019106/0001564590-22-019106-index.htm", "finalLink": "https://www.sec.gov/Archives/edgar/data/1076930/000156459022019106/novt-10q_20220401.htm"}, {"date": "2021-12-31", "symbol": "NOVT", "reportedCurrency": "USD", "cik": "0001076930", "fillingDate": "2022-03-01", "acceptedDate": "2022-03-01 09:29:30", "calendarYear": "2021", "period": "Q4", "revenue": 198960000, "costOfRevenue": 116076000, "grossProfit": 82884000, "grossProfitRatio": 0.4165862485, "researchAndDevelopmentExpenses": 19418000, "generalAndAdministrativeExpenses": 0, "sellingAndMarketingExpenses": 0, "sellingGeneralAndAdministrativeExpenses": 34966000, "otherExpenses": 5277000, "operatingExpenses": 59507000, "costAndExpenses": 175737000, "interestIncome": 0, "interestExpense": 2891000, "depreciationAndAmortization": 12781000, "ebitda": 34511000, "ebitdaratio": 0.1734569763, "operatingIncome": 21688000, "operatingIncomeRatio": 0.1090068355, "totalOtherIncomeExpensesNet": -2849000, "incomeBeforeTax": 18839000, "incomeBeforeTaxRatio": 0.0946873743, "incomeTaxExpense": 5085000, "netIncome": 13754000, "netIncomeRatio": 0.0691294733, "eps": 0.39, "epsdiluted": 0.38, "weightedAverageShsOut": 35485000, "weightedAverageShsOutDil": 35811000, "link": "https://www.sec.gov/Archives/edgar/data/1076930/000156459022007880/0001564590-22-007880-index.htm", "finalLink": "https://www.sec.gov/Archives/edgar/data/1076930/000156459022007880/novt-10k_20211231.htm"}, {"date": "2021-10-01", "symbol": "NOVT", "reportedCurrency": "USD", "cik": "0001076930", "fillingDate": "2021-11-09", "acceptedDate": "2021-11-09 09:32:35", "calendarYear": "2021", "period": "Q3", "revenue": 177726000, "costOfRevenue": 101428000, "grossProfit": 76298000, "grossProfitRatio": 0.429301284, "researchAndDevelopmentExpenses": 17468000, "generalAndAdministrativeExpenses": 0, "sellingAndMarketingExpenses": 0, "sellingGeneralAndAdministrativeExpenses": 31296000, "otherExpenses": 4139000, "operatingExpenses": 52903000, "costAndExpenses": 154331000, "interestIncome": 0, "interestExpense": 1710000, "depreciationAndAmortization": 10889000, "ebitda": 34684000, "ebitdaratio": 0.1951543387, "operatingIncome": 15275000, "operatingIncomeRatio": 0.085946907, "totalOtherIncomeExpensesNet": -1747000, "incomeBeforeTax": 13528000, "incomeBeforeTaxRatio": 0.0761171691, "incomeTaxExpense": -75000, "netIncome": 13603000, "netIncomeRatio": 0.076539167, "eps": 0.38, "epsdiluted": 0.38, "weightedAverageShsOut": 35447000, "weightedAverageShsOutDil": 35764000, "link": "https://www.sec.gov/Archives/edgar/data/1076930/000156459021055480/0001564590-21-055480-index.htm", "finalLink": "https://www.sec.gov/Archives/edgar/data/1076930/000156459021055480/novt-10q_20211001.htm"}, {"date": "2021-07-02", "symbol": "NOVT", "reportedCurrency": "USD", "cik": "0001076930", "fillingDate": "2021-08-10", "acceptedDate": "2021-08-10 09:31:41", "calendarYear": "2021", "period": "Q2", "revenue": 167523000, "costOfRevenue": 95117000, "grossProfit": 72406000, "grossProfitRatio": 0.4322152779, "researchAndDevelopmentExpenses": 16954000, "generalAndAdministrativeExpenses": 0, "sellingAndMarketingExpenses": 0, "sellingGeneralAndAdministrativeExpenses": 31240000, "otherExpenses": 3586000, "operatingExpenses": 51780000, "costAndExpenses": 146897000, "interestIncome": 0, "interestExpense": 1378000, "depreciationAndAmortization": 9875000, "ebitda": 30501000, "ebitdaratio": 0.1820705217, "operatingIncome": 15992000, "operatingIncomeRatio": 0.0954615187, "totalOtherIncomeExpensesNet": -1551000, "incomeBeforeTax": 14441000, "incomeBeforeTaxRatio": 0.0862030885, "incomeTaxExpense": 2777000, "netIncome": 11664000, "netIncomeRatio": 0.0696262603, "eps": 0.33, "epsdiluted": 0.33, "weightedAverageShsOut": 35374000, "weightedAverageShsOutDil": 35763000, "link": "https://www.sec.gov/Archives/edgar/data/1076930/000156459021042907/0001564590-21-042907-index.htm", "finalLink": "https://www.sec.gov/Archives/edgar/data/1076930/000156459021042907/novt-10q_20210702.htm"}, {"date": "2021-04-02", "symbol": "NOVT", "reportedCurrency": "USD", "cik": "0001076930", "fillingDate": "2021-05-11", "acceptedDate": "2021-05-11 09:29:16", "calendarYear": "2021", "period": "Q1", "revenue": 162584000, "costOfRevenue": 93844000, "grossProfit": 68740000, "grossProfitRatio": 0.4227968312, "researchAndDevelopmentExpenses": 18682000, "generalAndAdministrativeExpenses": 0, "sellingAndMarketingExpenses": 0, "sellingGeneralAndAdministrativeExpenses": 31653000, "otherExpenses": 3575000, "operatingExpenses": 53910000, "costAndExpenses": 147754000, "interestIncome": 0, "interestExpense": 1408000, "depreciationAndAmortization": 9849000, "ebitda": 24679000, "ebitdaratio": 0.1517923043, "operatingIncome": 11099000, "operatingIncomeRatio": 0.0682662501, "totalOtherIncomeExpensesNet": -1735000, "incomeBeforeTax": 9364000, "incomeBeforeTaxRatio": 0.0575948433, "incomeTaxExpense": -1946000, "netIncome": 11310000, "netIncomeRatio": 0.0695640407, "eps": 0.32, "epsdiluted": 0.32, "weightedAverageShsOut": 35279000, "weightedAverageShsOutDil": 35789000, "link": "https://www.sec.gov/Archives/edgar/data/1076930/000156459021026327/0001564590-21-026327-index.htm", "finalLink": "https://www.sec.gov/Archives/edgar/data/1076930/000156459021026327/novt-10q_20210402.htm"}, {"date": "2020-12-31", "symbol": "NOVT", "reportedCurrency": "USD", "cik": "0001076930", "fillingDate": "2021-03-01", "acceptedDate": "2021-03-01 09:55:31", "calendarYear": "2020", "period": "Q4", "revenue": 147498000, "costOfRevenue": 85233000, "grossProfit": 62265000, "grossProfitRatio": 0.4221413172, "researchAndDevelopmentExpenses": 15991000, "generalAndAdministrativeExpenses": 0, "sellingAndMarketingExpenses": 0, "sellingGeneralAndAdministrativeExpenses": 27402000, "otherExpenses": 3582000, "operatingExpenses": 45382000, "costAndExpenses": 132208000, "interestIncome": 0, "interestExpense": 1487000, "depreciationAndAmortization": 9930000, "ebitda": 25297000, "ebitdaratio": 0.1715074103, "operatingIncome": 17071000, "operatingIncomeRatio": 0.1157371625, "totalOtherIncomeExpensesNet": -2291000, "incomeBeforeTax": 14780000, "incomeBeforeTaxRatio": 0.1002047485, "incomeTaxExpense": 2124000, "netIncome": 12656000, "netIncomeRatio": 0.0858045533, "eps": 0.36, "epsdiluted": 0.35, "weightedAverageShsOut": 35163000, "weightedAverageShsOutDil": 35787000, "link": "https://www.sec.gov/Archives/edgar/data/1076930/000156459021009673/0001564590-21-009673-index.htm", "finalLink": "https://www.sec.gov/Archives/edgar/data/1076930/000156459021009673/novt-10k_20201231.htm"}, {"date": "2020-10-02", "symbol": "NOVT", "reportedCurrency": "USD", "cik": "0001076930", "fillingDate": "2020-11-10", "acceptedDate": "2020-11-10 09:31:19", "calendarYear": "2020", "period": "Q3", "revenue": 142929000, "costOfRevenue": 83824000, "grossProfit": 59105000, "grossProfitRatio": 0.4135269959, "researchAndDevelopmentExpenses": 15231000, "generalAndAdministrativeExpenses": 0, "sellingAndMarketingExpenses": 0, "sellingGeneralAndAdministrativeExpenses": 26788000, "otherExpenses": 3533000, "operatingExpenses": 45552000, "costAndExpenses": 129376000, "interestIncome": 0, "interestExpense": 1698000, "depreciationAndAmortization": 9596000, "ebitda": 23149000, "ebitdaratio": 0.1619615333, "operatingIncome": 11866000, "operatingIncomeRatio": 0.0830202408, "totalOtherIncomeExpensesNet": -1848000, "incomeBeforeTax": 10018000, "incomeBeforeTaxRatio": 0.0700907444, "incomeTaxExpense": 1760000, "netIncome": 8258000, "netIncomeRatio": 0.0577769382, "eps": 0.23, "epsdiluted": 0.23, "weightedAverageShsOut": 35142000, "weightedAverageShsOutDil": 35688000, "link": "https://www.sec.gov/Archives/edgar/data/1076930/000156459020052761/0001564590-20-052761-index.htm", "finalLink": "https://www.sec.gov/Archives/edgar/data/1076930/000156459020052761/novt-10q_20201002.htm"}, {"date": "2020-07-03", "symbol": "NOVT", "reportedCurrency": "USD", "cik": "0001076930", "fillingDate": "2020-08-06", "acceptedDate": "2020-08-06 09:30:59", "calendarYear": "2020", "period": "Q2", "revenue": 144728000, "costOfRevenue": 86026000, "grossProfit": 58702000, "grossProfitRatio": 0.4056022332, "researchAndDevelopmentExpenses": 14440000, "generalAndAdministrativeExpenses": 0, "sellingAndMarketingExpenses": 0, "sellingGeneralAndAdministrativeExpenses": 24908000, "otherExpenses": 3410000, "operatingExpenses": 42758000, "costAndExpenses": 128784000, "interestIncome": 0, "interestExpense": 1701000, "depreciationAndAmortization": 9437000, "ebitda": 25381000, "ebitdaratio": 0.1753703499, "operatingIncome": 13701000, "operatingIncomeRatio": 0.0946672379, "totalOtherIncomeExpensesNet": -2005000, "incomeBeforeTax": 11696000, "incomeBeforeTaxRatio": 0.0808136643, "incomeTaxExpense": 36000, "netIncome": 11660000, "netIncomeRatio": 0.0805649218, "eps": 0.33, "epsdiluted": 0.33, "weightedAverageShsOut": 35137000, "weightedAverageShsOutDil": 35579000, "link": "https://www.sec.gov/Archives/edgar/data/1076930/000156459020037326/0001564590-20-037326-index.htm", "finalLink": "https://www.sec.gov/Archives/edgar/data/1076930/000156459020037326/novt-10q_20200703.htm"}, {"date": "2020-04-03", "symbol": "NOVT", "reportedCurrency": "USD", "cik": "0001076930", "fillingDate": "2020-05-12", "acceptedDate": "2020-05-12 10:58:37", "calendarYear": "2020", "period": "Q1", "revenue": 155468000, "costOfRevenue": 91023000, "grossProfit": 64445000, "grossProfitRatio": 0.4145226027, "researchAndDevelopmentExpenses": 15334000, "generalAndAdministrativeExpenses": 0, "sellingAndMarketingExpenses": 0, "sellingGeneralAndAdministrativeExpenses": 30755000, "otherExpenses": 3445000, "operatingExpenses": 49534000, "costAndExpenses": 140557000, "interestIncome": 0, "interestExpense": 1678000, "depreciationAndAmortization": 9330000, "ebitda": 24241000, "ebitdaratio": 0.1559227622, "operatingIncome": 13250000, "operatingIncomeRatio": 0.0852265418, "totalOtherIncomeExpensesNet": -1341000, "incomeBeforeTax": 11909000, "incomeBeforeTaxRatio": 0.0766009725, "incomeTaxExpense": -38000, "netIncome": 11947000, "netIncomeRatio": 0.0768453958, "eps": 0.34, "epsdiluted": 0.34, "weightedAverageShsOut": 35152000, "weightedAverageShsOutDil": 35561000, "link": "https://www.sec.gov/Archives/edgar/data/1076930/000156459020024512/0001564590-20-024512-index.htm", "finalLink": "https://www.sec.gov/Archives/edgar/data/1076930/000156459020024512/novt-10q_20200403.htm"}, {"date": "2019-12-31", "symbol": "NOVT", "reportedCurrency": "USD", "cik": "0001076930", "fillingDate": "2020-02-26", "acceptedDate": "2020-02-26 09:33:21", "calendarYear": "2019", "period": "Q4", "revenue": 159702000, "costOfRevenue": 93742000, "grossProfit": 65960000, "grossProfitRatio": 0.4130192484, "researchAndDevelopmentExpenses": 14769000, "generalAndAdministrativeExpenses": 0, "sellingAndMarketingExpenses": 0, "sellingGeneralAndAdministrativeExpenses": 29430000, "otherExpenses": 4117000, "operatingExpenses": 48316000, "costAndExpenses": 142058000, "interestIncome": 0, "interestExpense": 2136000, "depreciationAndAmortization": 10326000, "ebitda": 28954000, "ebitdaratio": 0.1813001716, "operatingIncome": 12983000, "operatingIncomeRatio": 0.0812951622, "totalOtherIncomeExpensesNet": -3428000, "incomeBeforeTax": 9555000, "incomeBeforeTaxRatio": 0.0598301837, "incomeTaxExpense": 338000, "netIncome": 9217000, "netIncomeRatio": 0.0577137418, "eps": 0.26, "epsdiluted": 0.26, "weightedAverageShsOut": 35079000, "weightedAverageShsOutDil": 35611000, "link": "https://www.sec.gov/Archives/edgar/data/1076930/000156459020006601/0001564590-20-006601-index.htm", "finalLink": "https://www.sec.gov/Archives/edgar/data/1076930/000156459020006601/novt-10k_20191231.htm"}, {"date": "2019-09-27", "symbol": "NOVT", "reportedCurrency": "USD", "cik": "0001076930", "fillingDate": "2019-11-05", "acceptedDate": "2019-11-05 09:32:09", "calendarYear": "2019", "period": "Q3", "revenue": 154066000, "costOfRevenue": 90012000, "grossProfit": 64054000, "grossProfitRatio": 0.4157568834, "researchAndDevelopmentExpenses": 13811000, "generalAndAdministrativeExpenses": 0, "sellingAndMarketingExpenses": 0, "sellingGeneralAndAdministrativeExpenses": 27926000, "otherExpenses": 3970000, "operatingExpenses": 45707000, "costAndExpenses": 135719000, "interestIncome": 0, "interestExpense": 2153000, "depreciationAndAmortization": 9840000, "ebitda": 28187000, "ebitdaratio": 0.1829540587, "operatingIncome": 12801000, "operatingIncomeRatio": 0.0830877676, "totalOtherIncomeExpensesNet": -1814000, "incomeBeforeTax": 10987000, "incomeBeforeTaxRatio": 0.0713135929, "incomeTaxExpense": 2064000, "netIncome": 8923000, "netIncomeRatio": 0.057916737, "eps": 0.25, "epsdiluted": 0.25, "weightedAverageShsOut": 35074000, "weightedAverageShsOutDil": 35585000, "link": "https://www.sec.gov/Archives/edgar/data/1076930/000156459019040094/0001564590-19-040094-index.htm", "finalLink": "https://www.sec.gov/Archives/edgar/data/1076930/000156459019040094/novt-10q_20190927.htm"}, {"date": "2019-06-28", "symbol": "NOVT", "reportedCurrency": "USD", "cik": "0001076930", "fillingDate": "2019-08-06", "acceptedDate": "2019-08-06 09:52:01", "calendarYear": "2019", "period": "Q2", "revenue": 155145000, "costOfRevenue": 89363000, "grossProfit": 65782000, "grossProfitRatio": 0.4240033517, "researchAndDevelopmentExpenses": 13388000, "generalAndAdministrativeExpenses": 0, "sellingAndMarketingExpenses": 0, "sellingGeneralAndAdministrativeExpenses": 29204000, "otherExpenses": 3772000, "operatingExpenses": 46364000, "costAndExpenses": 135727000, "interestIncome": 0, "interestExpense": 2160000, "depreciationAndAmortization": 9040000, "ebitda": 28458000, "ebitdaratio": 0.1834284057, "operatingIncome": 15105000, "operatingIncomeRatio": 0.0973605337, "totalOtherIncomeExpensesNet": -2203000, "incomeBeforeTax": 12902000, "incomeBeforeTaxRatio": 0.083160914, "incomeTaxExpense": 2522000, "netIncome": 10380000, "netIncomeRatio": 0.0669051532, "eps": 0.3, "epsdiluted": 0.29, "weightedAverageShsOut": 34998000, "weightedAverageShsOutDil": 35503000, "link": "https://www.sec.gov/Archives/edgar/data/1076930/000156459019029035/0001564590-19-029035-index.htm", "finalLink": "https://www.sec.gov/Archives/edgar/data/1076930/000156459019029035/novt-10q_20190628.htm"}, {"date": "2019-03-29", "symbol": "NOVT", "reportedCurrency": "USD", "cik": "0001076930", "fillingDate": "2019-05-07", "acceptedDate": "2019-05-07 09:31:36", "calendarYear": "2019", "period": "Q1", "revenue": 157186000, "costOfRevenue": 90897000, "grossProfit": 66289000, "grossProfitRatio": 0.4217233087, "researchAndDevelopmentExpenses": 13997000, "generalAndAdministrativeExpenses": 0, "sellingAndMarketingExpenses": 0, "sellingGeneralAndAdministrativeExpenses": 31847000, "otherExpenses": 3998000, "operatingExpenses": 49842000, "costAndExpenses": 140739000, "interestIncome": 0, "interestExpense": 2044000, "depreciationAndAmortization": 9074000, "ebitda": 25521000, "ebitdaratio": 0.1623617879, "operatingIncome": 14393000, "operatingIncomeRatio": 0.091566679, "totalOtherIncomeExpensesNet": -2071000, "incomeBeforeTax": 12322000, "incomeBeforeTaxRatio": 0.0783912053, "incomeTaxExpense": 69000, "netIncome": 12253000, "netIncomeRatio": 0.0779522349, "eps": 0.35, "epsdiluted": 0.35, "weightedAverageShsOut": 34958000, "weightedAverageShsOutDil": 35474000, "link": "https://www.sec.gov/Archives/edgar/data/1076930/000156459019016239/0001564590-19-016239-index.htm", "finalLink": "https://www.sec.gov/Archives/edgar/data/1076930/000156459019016239/novt-10q_20190329.htm"}, {"date": "2018-12-31", "symbol": "NOVT", "reportedCurrency": "USD", "cik": "0001076930", "fillingDate": "2019-02-27", "acceptedDate": "2019-02-27 09:49:19", "calendarYear": "2018", "period": "Q4", "revenue": 156178000, "costOfRevenue": 91672000, "grossProfit": 64506000, "grossProfitRatio": 0.4130287236, "researchAndDevelopmentExpenses": 13280000, "generalAndAdministrativeExpenses": 0, "sellingAndMarketingExpenses": 0, "sellingGeneralAndAdministrativeExpenses": 28302000, "otherExpenses": 4012000, "operatingExpenses": 45594000, "costAndExpenses": 137266000, "interestIncome": 0, "interestExpense": 2499000, "depreciationAndAmortization": 9666000, "ebitda": 28530000, "ebitdaratio": 0.1826761772, "operatingIncome": 15676000, "operatingIncomeRatio": 0.1003726517, "totalOtherIncomeExpensesNet": -2101000, "incomeBeforeTax": 13575000, "incomeBeforeTaxRatio": 0.0869200528, "incomeTaxExpense": 1931000, "netIncome": 11644000, "netIncomeRatio": 0.0745559554, "eps": 0.33, "epsdiluted": 0.33, "weightedAverageShsOut": 34897000, "weightedAverageShsOutDil": 35485000, "link": "https://www.sec.gov/Archives/edgar/data/1076930/000156459019004717/0001564590-19-004717-index.htm", "finalLink": "https://www.sec.gov/Archives/edgar/data/1076930/000156459019004717/novt-10k_20181231.htm"}, {"date": "2018-09-28", "symbol": "NOVT", "reportedCurrency": "USD", "cik": "0001076930", "fillingDate": "2018-11-06", "acceptedDate": "2018-11-06 08:31:39", "calendarYear": "2018", "period": "Q3", "revenue": 160794000, "costOfRevenue": 91160000, "grossProfit": 69634000, "grossProfitRatio": 0.4330634228, "researchAndDevelopmentExpenses": 13204000, "generalAndAdministrativeExpenses": 0, "sellingAndMarketingExpenses": 0, "sellingGeneralAndAdministrativeExpenses": 29147000, "otherExpenses": 3947000, "operatingExpenses": 46298000, "costAndExpenses": 137458000, "interestIncome": 0, "interestExpense": 2396000, "depreciationAndAmortization": 9199000, "ebitda": 32535000, "ebitdaratio": 0.2023396395, "operatingIncome": 20995000, "operatingIncomeRatio": 0.1305707924, "totalOtherIncomeExpensesNet": -2374000, "incomeBeforeTax": 18621000, "incomeBeforeTaxRatio": 0.1158065599, "incomeTaxExpense": 3632000, "netIncome": 14554000, "netIncomeRatio": 0.0905133276, "eps": 0.61, "epsdiluted": 0.6, "weightedAverageShsOut": 34899000, "weightedAverageShsOutDil": 35485000, "link": "https://www.sec.gov/Archives/edgar/data/1076930/000156459018027107/0001564590-18-027107-index.htm", "finalLink": "https://www.sec.gov/Archives/edgar/data/1076930/000156459018027107/novt-10q_20180928.htm"}, {"date": "2018-06-29", "symbol": "NOVT", "reportedCurrency": "USD", "cik": "0001076930", "fillingDate": "2018-08-08", "acceptedDate": "2018-08-08 08:31:46", "calendarYear": "2018", "period": "Q2", "revenue": 150400000, "costOfRevenue": 85171000, "grossProfit": 65229000, "grossProfitRatio": 0.4337034574, "researchAndDevelopmentExpenses": 12551000, "generalAndAdministrativeExpenses": 0, "sellingAndMarketingExpenses": 0, "sellingGeneralAndAdministrativeExpenses": 29231000, "otherExpenses": 3893000, "operatingExpenses": 45675000, "costAndExpenses": 130846000, "interestIncome": 0, "interestExpense": 2561000, "depreciationAndAmortization": 9120000, "ebitda": 28674000, "ebitdaratio": 0.1906515957, "operatingIncome": 17115000, "operatingIncomeRatio": 0.1137965426, "totalOtherIncomeExpensesNet": -2430000, "incomeBeforeTax": 14685000, "incomeBeforeTaxRatio": 0.0976396277, "incomeTaxExpense": 3060000, "netIncome": 11000000, "netIncomeRatio": 0.0731382979, "eps": 0.32, "epsdiluted": 0.32, "weightedAverageShsOut": 34949000, "weightedAverageShsOutDil": 35474000, "link": "https://www.sec.gov/Archives/edgar/data/1076930/000156459018020214/0001564590-18-020214-index.htm", "finalLink": "https://www.sec.gov/Archives/edgar/data/1076930/000156459018020214/novt-10q_20180629.htm"}, {"date": "2018-03-30", "symbol": "NOVT", "reportedCurrency": "USD", "cik": "0001076930", "fillingDate": "2018-05-08", "acceptedDate": "2018-05-08 09:51:22", "calendarYear": "2018", "period": "Q1", "revenue": 146965000, "costOfRevenue": 84806000, "grossProfit": 62159000, "grossProfitRatio": 0.4229510428, "researchAndDevelopmentExpenses": 11989000, "generalAndAdministrativeExpenses": 0, "sellingAndMarketingExpenses": 0, "sellingGeneralAndAdministrativeExpenses": 29220000, "otherExpenses": 3723000, "operatingExpenses": 44932000, "costAndExpenses": 129713000, "interestIncome": 0, "interestExpense": 2358000, "depreciationAndAmortization": 9067000, "ebitda": 26319000, "ebitdaratio": 0.1790834552, "operatingIncome": 17227000, "operatingIncomeRatio": 0.1172183853, "totalOtherIncomeExpensesNet": -2806000, "incomeBeforeTax": 14421000, "incomeBeforeTaxRatio": 0.098125404, "incomeTaxExpense": 1584000, "netIncome": 11911000, "netIncomeRatio": 0.0810465077, "eps": 0.19, "epsdiluted": 0.18, "weightedAverageShsOut": 34887000, "weightedAverageShsOutDil": 35428000, "link": "https://www.sec.gov/Archives/edgar/data/1076930/000156459018011529/0001564590-18-011529-index.htm", "finalLink": "https://www.sec.gov/Archives/edgar/data/1076930/000156459018011529/novt-10q_20180330.htm"}, {"date": "2017-12-31", "symbol": "NOVT", "reportedCurrency": "USD", "cik": "0001076930", "fillingDate": "2018-02-28", "acceptedDate": "2018-02-28 10:00:42", "calendarYear": "2017", "period": "Q4", "revenue": 146918000, "costOfRevenue": 84677000, "grossProfit": 62241000, "grossProfitRatio": 0.423644482, "researchAndDevelopmentExpenses": 11795000, "generalAndAdministrativeExpenses": 0, "sellingAndMarketingExpenses": 0, "sellingGeneralAndAdministrativeExpenses": 27359000, "otherExpenses": 2683000, "operatingExpenses": 43168000, "costAndExpenses": 126514000, "interestIncome": 0, "interestExpense": 2291000, "depreciationAndAmortization": 8318000, "ebitda": 28701000, "ebitdaratio": 0.1953538709, "operatingIncome": 19094000, "operatingIncomeRatio": 0.1299636532, "totalOtherIncomeExpensesNet": -2524000, "incomeBeforeTax": 16570000, "incomeBeforeTaxRatio": 0.112784002, "incomeTaxExpense": 6893000, "netIncome": 8865000, "netIncomeRatio": 0.0603397814, "eps": -0.0022, "epsdiluted": -0.0022, "weightedAverageShsOut": 34842000, "weightedAverageShsOutDil": 34842000, "link": "https://www.sec.gov/Archives/edgar/data/1076930/000156459018003687/0001564590-18-003687-index.htm", "finalLink": "https://www.sec.gov/Archives/edgar/data/1076930/000156459018003687/novt-10k_20171231.htm"}, {"date": "2017-09-29", "symbol": "NOVT", "reportedCurrency": "USD", "cik": "0001076930", "fillingDate": "2017-11-01", "acceptedDate": "2017-11-01 16:31:50", "calendarYear": "2017", "period": "Q3", "revenue": 146296000, "costOfRevenue": 87589000, "grossProfit": 58707000, "grossProfitRatio": 0.4012891672, "researchAndDevelopmentExpenses": 11659000, "generalAndAdministrativeExpenses": 0, "sellingAndMarketingExpenses": 0, "sellingGeneralAndAdministrativeExpenses": 27724000, "otherExpenses": 3217000, "operatingExpenses": 42600000, "costAndExpenses": 134023000, "interestIncome": 0, "interestExpense": 2111000, "depreciationAndAmortization": 8864000, "ebitda": 25105000, "ebitdaratio": 0.171604145, "operatingIncome": 12407000, "operatingIncomeRatio": 0.0848075135, "totalOtherIncomeExpensesNet": -2910000, "incomeBeforeTax": 9497000, "incomeBeforeTaxRatio": 0.064916334, "incomeTaxExpense": 1131000, "netIncome": 7532000, "netIncomeRatio": 0.0514846612, "eps": -0.0015, "epsdiluted": -0.0015, "weightedAverageShsOut": 34833000, "weightedAverageShsOutDil": 34833000, "link": "https://www.sec.gov/Archives/edgar/data/1076930/000156459017020806/0001564590-17-020806-index.htm", "finalLink": "https://www.sec.gov/Archives/edgar/data/1076930/000156459017020806/novt-10q_20170929.htm"}, {"date": "2017-06-30", "symbol": "NOVT", "reportedCurrency": "USD", "cik": "0001076930", "fillingDate": "2017-08-03", "acceptedDate": "2017-08-03 09:39:54", "calendarYear": "2017", "period": "Q2", "revenue": 119102000, "costOfRevenue": 65613000, "grossProfit": 53489000, "grossProfitRatio": 0.44910245, "researchAndDevelopmentExpenses": 9004000, "generalAndAdministrativeExpenses": 0, "sellingAndMarketingExpenses": 0, "sellingGeneralAndAdministrativeExpenses": 23941000, "otherExpenses": 3347000, "operatingExpenses": 36161000, "costAndExpenses": 103486000, "interestIncome": 0, "interestExpense": 1435000, "depreciationAndAmortization": 7094000, "ebitda": 24422000, "ebitdaratio": 0.2050511326, "operatingIncome": 15747000, "operatingIncomeRatio": 0.1322144045, "totalOtherIncomeExpensesNet": -1068000, "incomeBeforeTax": 14679000, "incomeBeforeTaxRatio": 0.1232473006, "incomeTaxExpense": 4689000, "netIncome": 9402000, "netIncomeRatio": 0.0789407399, "eps": 0.16, "epsdiluted": 0.16, "weightedAverageShsOut": 34827000, "weightedAverageShsOutDil": 35463000, "link": "https://www.sec.gov/Archives/edgar/data/1076930/000156459017015146/0001564590-17-015146-index.htm", "finalLink": "https://www.sec.gov/Archives/edgar/data/1076930/000156459017015146/novt-10q_20170630.htm"}, {"date": "2017-03-31", "symbol": "NOVT", "reportedCurrency": "USD", "cik": "0001076930", "fillingDate": "2017-05-08", "acceptedDate": "2017-05-08 10:11:55", "calendarYear": "2017", "period": "Q1", "revenue": 108974000, "costOfRevenue": 62880000, "grossProfit": 46094000, "grossProfitRatio": 0.4229816286, "researchAndDevelopmentExpenses": 9215000, "generalAndAdministrativeExpenses": 0, "sellingAndMarketingExpenses": 0, "sellingGeneralAndAdministrativeExpenses": 23001000, "otherExpenses": 2849000, "operatingExpenses": 35065000, "costAndExpenses": 98762000, "interestIncome": 0, "interestExpense": 1328000, "depreciationAndAmortization": 6482000, "ebitda": 18673000, "ebitdaratio": 0.1713527998, "operatingIncome": 10339000, "operatingIncomeRatio": 0.0948758419, "totalOtherIncomeExpensesNet": 25049000, "incomeBeforeTax": 35388000, "incomeBeforeTaxRatio": 0.3247380109, "incomeTaxExpense": 1114000, "netIncome": 34252000, "netIncomeRatio": 0.314313506, "eps": 0.99, "epsdiluted": 0.98, "weightedAverageShsOut": 34765000, "weightedAverageShsOutDil": 35125000, "link": "https://www.sec.gov/Archives/edgar/data/1076930/000156459017009263/0001564590-17-009263-index.htm", "finalLink": "https://www.sec.gov/Archives/edgar/data/1076930/000156459017009263/novt-10q_20170331.htm"}, {"date": "2016-12-31", "symbol": "NOVT", "reportedCurrency": "USD", "cik": "0001076930", "fillingDate": "2017-03-06", "acceptedDate": "2017-03-06 10:05:44", "calendarYear": "2016", "period": "Q4", "revenue": 98879000, "costOfRevenue": 56027000, "grossProfit": 42852000, "grossProfitRatio": 0.4333781693, "researchAndDevelopmentExpenses": 7973000, "generalAndAdministrativeExpenses": 0, "sellingAndMarketingExpenses": 0, "sellingGeneralAndAdministrativeExpenses": 19334000, "otherExpenses": 2098000, "operatingExpenses": 27930000, "costAndExpenses": 85432000, "interestIncome": 0, "interestExpense": 1088000, "depreciationAndAmortization": 5040000, "ebitda": 18487000, "ebitdaratio": 0.1869658876, "operatingIncome": 11330000, "operatingIncomeRatio": 0.1145844922, "totalOtherIncomeExpensesNet": 753000, "incomeBeforeTax": 12083000, "incomeBeforeTaxRatio": 0.1221998604, "incomeTaxExpense": 4327000, "netIncome": 7756000, "netIncomeRatio": 0.0784393046, "eps": 0.22, "epsdiluted": 0.22, "weightedAverageShsOut": 34706000, "weightedAverageShsOutDil": 34987000, "link": "https://www.sec.gov/Archives/edgar/data/1076930/000156459017003421/0001564590-17-003421-index.htm", "finalLink": "https://www.sec.gov/Archives/edgar/data/1076930/000156459017003421/novt-10k_20161231.htm"}, {"date": "2016-09-30", "symbol": "NOVT", "reportedCurrency": "USD", "cik": "0001076930", "fillingDate": "2016-11-02", "acceptedDate": "2016-11-02 17:04:07", "calendarYear": "2016", "period": "Q3", "revenue": 97829000, "costOfRevenue": 56617000, "grossProfit": 41212000, "grossProfitRatio": 0.4212656779, "researchAndDevelopmentExpenses": 7961000, "generalAndAdministrativeExpenses": 0, "sellingAndMarketingExpenses": 0, "sellingGeneralAndAdministrativeExpenses": 20972000, "otherExpenses": 2066000, "operatingExpenses": 30999000, "costAndExpenses": 87616000, "interestIncome": 0, "interestExpense": 1081000, "depreciationAndAmortization": 5164000, "ebitda": 15377000, "ebitdaratio": 0.1571824306, "operatingIncome": 11048000, "operatingIncomeRatio": 0.1129317483, "totalOtherIncomeExpensesNet": -207000, "incomeBeforeTax": 10841000, "incomeBeforeTaxRatio": 0.1108158113, "incomeTaxExpense": 3371000, "netIncome": 7470000, "netIncomeRatio": 0.0763577262, "eps": 0.22, "epsdiluted": 0.21, "weightedAverageShsOut": 34677000, "weightedAverageShsOutDil": 34928000, "link": "https://www.sec.gov/Archives/edgar/data/1076930/000156459016027044/0001564590-16-027044-index.htm", "finalLink": "https://www.sec.gov/Archives/edgar/data/1076930/000156459016027044/novt-10q_20160930.htm"}, {"date": "2016-07-01", "symbol": "NOVT", "reportedCurrency": "USD", "cik": "0001076930", "fillingDate": "2016-08-02", "acceptedDate": "2016-08-02 16:49:55", "calendarYear": "2016", "period": "Q2", "revenue": 97734000, "costOfRevenue": 56238000, "grossProfit": 41496000, "grossProfitRatio": 0.4245810056, "researchAndDevelopmentExpenses": 8016000, "generalAndAdministrativeExpenses": 0, "sellingAndMarketingExpenses": 0, "sellingGeneralAndAdministrativeExpenses": 20198000, "otherExpenses": 1979000, "operatingExpenses": 30193000, "costAndExpenses": 90136000, "interestIncome": 0, "interestExpense": 0, "depreciationAndAmortization": 4924000, "ebitda": 16227000, "ebitdaratio": 0.1660322917, "operatingIncome": 7598000, "operatingIncomeRatio": 0.0777416252, "totalOtherIncomeExpensesNet": -228000, "incomeBeforeTax": 7370000, "incomeBeforeTaxRatio": 0.0754087626, "incomeTaxExpense": 2499000, "netIncome": 4871000, "netIncomeRatio": 0.0498393599, "eps": 0.14, "epsdiluted": 0.14, "weightedAverageShsOut": 34734000, "weightedAverageShsOutDil": 34887000, "link": "https://www.sec.gov/Archives/edgar/data/1076930/000156459016022089/0001564590-16-022089-index.htm", "finalLink": "https://www.sec.gov/Archives/edgar/data/1076930/000156459016022089/novt-10q_20160701.htm"}, {"date": "2016-04-01", "symbol": "NOVT", "reportedCurrency": "USD", "cik": "0001076930", "fillingDate": "2016-05-06", "acceptedDate": "2016-05-06 10:01:25", "calendarYear": "2016", "period": "Q1", "revenue": 90316000, "costOfRevenue": 53424000, "grossProfit": 36892000, "grossProfitRatio": 0.4084769033, "researchAndDevelopmentExpenses": 8052000, "generalAndAdministrativeExpenses": 0, "sellingAndMarketingExpenses": 0, "sellingGeneralAndAdministrativeExpenses": 21187000, "otherExpenses": 2108000, "operatingExpenses": 31347000, "costAndExpenses": 87729000, "interestIncome": 0, "interestExpense": 0, "depreciationAndAmortization": 5229000, "ebitda": 10774000, "ebitdaratio": 0.1192922627, "operatingIncome": 2587000, "operatingIncomeRatio": 0.0286438726, "totalOtherIncomeExpensesNet": -359000, "incomeBeforeTax": 2228000, "incomeBeforeTaxRatio": 0.0246689402, "incomeTaxExpense": 322000, "netIncome": 1906000, "netIncomeRatio": 0.0211036804, "eps": 0.05, "epsdiluted": 0.05, "weightedAverageShsOut": 34657000, "weightedAverageShsOutDil": 34853000, "link": "https://www.sec.gov/Archives/edgar/data/1076930/000156459016018159/0001564590-16-018159-index.htm", "finalLink": "https://www.sec.gov/Archives/edgar/data/1076930/000156459016018159/gsig-10q_20160401.htm"}, {"date": "2015-12-31", "symbol": "NOVT", "reportedCurrency": "USD", "cik": "0001076930", "fillingDate": "2016-03-02", "acceptedDate": "2016-03-02 17:17:06", "calendarYear": "2015", "period": "Q4", "revenue": 90219000, "costOfRevenue": 53590000, "grossProfit": 36629000, "grossProfitRatio": 0.4060009532, "researchAndDevelopmentExpenses": 7295000, "generalAndAdministrativeExpenses": 0, "sellingAndMarketingExpenses": 0, "sellingGeneralAndAdministrativeExpenses": 19080000, "otherExpenses": 2018000, "operatingExpenses": 28393000, "costAndExpenses": 86005000, "interestIncome": 0, "interestExpense": 0, "depreciationAndAmortization": 5026000, "ebitda": 13262000, "ebitdaratio": 0.1469978608, "operatingIncome": 4214000, "operatingIncomeRatio": 0.0467085647, "totalOtherIncomeExpensesNet": 1721000, "incomeBeforeTax": 5935000, "incomeBeforeTaxRatio": 0.0657843691, "incomeTaxExpense": -168000, "netIncome": 6103000, "netIncomeRatio": 0.0676465046, "eps": 0.18, "epsdiluted": 0.18, "weightedAverageShsOut": 34579000, "weightedAverageShsOutDil": 34811000, "link": "https://www.sec.gov/Archives/edgar/data/1076930/000156459016013893/0001564590-16-013893-index.htm", "finalLink": "https://www.sec.gov/Archives/edgar/data/1076930/000156459016013893/gsig-10k_20151231.htm"}, {"date": "2015-10-02", "symbol": "NOVT", "reportedCurrency": "USD", "cik": "0001076930", "fillingDate": "2015-11-04", "acceptedDate": "2015-11-04 16:18:27", "calendarYear": "2015", "period": "Q3", "revenue": 92271000, "costOfRevenue": 52361000, "grossProfit": 39910000, "grossProfitRatio": 0.4325302641, "researchAndDevelopmentExpenses": 7693000, "generalAndAdministrativeExpenses": 0, "sellingAndMarketingExpenses": 0, "sellingGeneralAndAdministrativeExpenses": 19979000, "otherExpenses": 1852000, "operatingExpenses": 29524000, "costAndExpenses": 83264000, "interestIncome": 0, "interestExpense": 0, "depreciationAndAmortization": 4703000, "ebitda": 15089000, "ebitdaratio": 0.1635291695, "operatingIncome": 9007000, "operatingIncomeRatio": 0.0976146352, "totalOtherIncomeExpensesNet": 13000, "incomeBeforeTax": 9020000, "incomeBeforeTaxRatio": 0.0977555245, "incomeTaxExpense": 2452000, "netIncome": 6568000, "netIncomeRatio": 0.071181628, "eps": 0.19, "epsdiluted": 0.19, "weightedAverageShsOut": 34599000, "weightedAverageShsOutDil": 35055000, "link": "https://www.sec.gov/Archives/edgar/data/1076930/000156459015009356/0001564590-15-009356-index.htm", "finalLink": "https://www.sec.gov/Archives/edgar/data/1076930/000156459015009356/gsig-10q_20151002.htm"}, {"date": "2015-07-03", "symbol": "NOVT", "reportedCurrency": "USD", "cik": "0001076930", "fillingDate": "2015-08-05", "acceptedDate": "2015-08-05 09:31:50", "calendarYear": "2015", "period": "Q2", "revenue": 96494000, "costOfRevenue": 55149000, "grossProfit": 41345000, "grossProfitRatio": 0.4284722366, "researchAndDevelopmentExpenses": 7840000, "generalAndAdministrativeExpenses": 0, "sellingAndMarketingExpenses": 0, "sellingGeneralAndAdministrativeExpenses": 20922000, "otherExpenses": 1852000, "operatingExpenses": 30614000, "costAndExpenses": 86179000, "interestIncome": 0, "interestExpense": 0, "depreciationAndAmortization": 4623000, "ebitda": 15354000, "ebitdaratio": 0.1591187017, "operatingIncome": 10315000, "operatingIncomeRatio": 0.1068978382, "totalOtherIncomeExpensesNet": 15506000, "incomeBeforeTax": 25821000, "incomeBeforeTaxRatio": 0.2675917674, "incomeTaxExpense": 6310000, "netIncome": 19498000, "netIncomeRatio": 0.2020643771, "eps": 0.56, "epsdiluted": 0.56, "weightedAverageShsOut": 34630000, "weightedAverageShsOutDil": 35029000, "link": "https://www.sec.gov/Archives/edgar/data/1076930/000156459015006146/0001564590-15-006146-index.htm", "finalLink": "https://www.sec.gov/Archives/edgar/data/1076930/000156459015006146/gsig-10q_20150703.htm"}, {"date": "2015-04-03", "symbol": "NOVT", "reportedCurrency": "USD", "cik": "0001076930", "fillingDate": "2015-05-07", "acceptedDate": "2015-05-07 10:02:45", "calendarYear": "2015", "period": "Q1", "revenue": 94614000, "costOfRevenue": 54608000, "grossProfit": 40006000, "grossProfitRatio": 0.4228338301, "researchAndDevelopmentExpenses": 8215000, "generalAndAdministrativeExpenses": 0, "sellingAndMarketingExpenses": 0, "sellingGeneralAndAdministrativeExpenses": 22068000, "otherExpenses": 1889000, "operatingExpenses": 32172000, "costAndExpenses": 89217000, "interestIncome": 0, "interestExpense": 0, "depreciationAndAmortization": 4762000, "ebitda": 12596000, "ebitdaratio": 0.1331304035, "operatingIncome": 5397000, "operatingIncomeRatio": 0.0570422982, "totalOtherIncomeExpensesNet": -151000, "incomeBeforeTax": 5246000, "incomeBeforeTaxRatio": 0.0554463399, "incomeTaxExpense": 1800000, "netIncome": 3446000, "netIncomeRatio": 0.0364216712, "eps": 0.1, "epsdiluted": 0.1, "weightedAverageShsOut": 34506000, "weightedAverageShsOutDil": 34999000, "link": "https://www.sec.gov/Archives/edgar/data/1076930/000156459015003506/0001564590-15-003506-index.htm", "finalLink": "https://www.sec.gov/Archives/edgar/data/1076930/000156459015003506/gsig-10q_20150403.htm"}, {"date": "2014-12-31", "symbol": "NOVT", "reportedCurrency": "USD", "cik": "0001076930", "fillingDate": "2015-03-09", "acceptedDate": "2015-03-06 20:53:35", "calendarYear": "2014", "period": "Q4", "revenue": 94012000, "costOfRevenue": 54284000, "grossProfit": 39728000, "grossProfitRatio": 0.4225843509, "researchAndDevelopmentExpenses": 7837000, "generalAndAdministrativeExpenses": 0, "sellingAndMarketingExpenses": 0, "sellingGeneralAndAdministrativeExpenses": 21840000, "otherExpenses": 2799000, "operatingExpenses": 32476000, "costAndExpenses": 128188000, "interestIncome": 0, "interestExpense": 0, "depreciationAndAmortization": 6302000, "ebitda": 13554000, "ebitdaratio": 0.1441730843, "operatingIncome": -34176000, "operatingIncomeRatio": -0.3635280602, "totalOtherIncomeExpensesNet": -127000, "incomeBeforeTax": -34303000, "incomeBeforeTaxRatio": -0.3648789516, "incomeTaxExpense": -6013000, "netIncome": -30485000, "netIncomeRatio": -0.3242671148, "eps": -0.89, "epsdiluted": -0.88, "weightedAverageShsOut": 34352000, "weightedAverageShsOutDil": 34405000, "link": "https://www.sec.gov/Archives/edgar/data/1076930/000156459015001413/0001564590-15-001413-index.htm", "finalLink": "https://www.sec.gov/Archives/edgar/data/1076930/000156459015001413/gsig-10k_20141231.htm"}, {"date": "2014-09-26", "symbol": "NOVT", "reportedCurrency": "USD", "cik": "0001076930", "fillingDate": "2014-11-05", "acceptedDate": "2014-11-05 16:20:08", "calendarYear": "2014", "period": "Q3", "revenue": 94656000, "costOfRevenue": 54973000, "grossProfit": 39683000, "grossProfitRatio": 0.4192338573, "researchAndDevelopmentExpenses": 7735000, "generalAndAdministrativeExpenses": 0, "sellingAndMarketingExpenses": 0, "sellingGeneralAndAdministrativeExpenses": 21512000, "otherExpenses": 2843000, "operatingExpenses": 32090000, "costAndExpenses": 87834000, "interestIncome": 0, "interestExpense": 0, "depreciationAndAmortization": 6344000, "ebitda": 13937000, "ebitdaratio": 0.1472384212, "operatingIncome": 6822000, "operatingIncomeRatio": 0.072071501, "totalOtherIncomeExpensesNet": 310000, "incomeBeforeTax": 7132000, "incomeBeforeTaxRatio": 0.0753465179, "incomeTaxExpense": 2013000, "netIncome": 4525000, "netIncomeRatio": 0.0478046822, "eps": 0.15, "epsdiluted": 0.15, "weightedAverageShsOut": 34389000, "weightedAverageShsOutDil": 34793000, "link": "https://www.sec.gov/Archives/edgar/data/1076930/000156459014005029/0001564590-14-005029-index.htm", "finalLink": "https://www.sec.gov/Archives/edgar/data/1076930/000156459014005029/gsig-10q_20140926.htm"}, {"date": "2014-06-27", "symbol": "NOVT", "reportedCurrency": "USD", "cik": "0001076930", "fillingDate": "2014-08-06", "acceptedDate": "2014-08-06 16:11:23", "calendarYear": "2014", "period": "Q2", "revenue": 96905000, "costOfRevenue": 58254000, "grossProfit": 38651000, "grossProfitRatio": 0.3988545483, "researchAndDevelopmentExpenses": 7525000, "generalAndAdministrativeExpenses": 0, "sellingAndMarketingExpenses": 0, "sellingGeneralAndAdministrativeExpenses": 21410000, "otherExpenses": 2876000, "operatingExpenses": 31811000, "costAndExpenses": 90425000, "interestIncome": 0, "interestExpense": 0, "depreciationAndAmortization": 6322000, "ebitda": 13162000, "ebitdaratio": 0.1358237449, "operatingIncome": 6480000, "operatingIncomeRatio": 0.0668696146, "totalOtherIncomeExpensesNet": -1017000, "incomeBeforeTax": 5463000, "incomeBeforeTaxRatio": 0.0563748001, "incomeTaxExpense": 2057000, "netIncome": 725000, "netIncomeRatio": 0.0074815541, "eps": 0.02, "epsdiluted": 0.02, "weightedAverageShsOut": 34378000, "weightedAverageShsOutDil": 34707000, "link": "https://www.sec.gov/Archives/edgar/data/1076930/000119312514298221/0001193125-14-298221-index.htm", "finalLink": "https://www.sec.gov/Archives/edgar/data/1076930/000119312514298221/d754517d10q.htm"}, {"date": "2014-03-28", "symbol": "NOVT", "reportedCurrency": "USD", "cik": "0001076930", "fillingDate": "2014-05-06", "acceptedDate": "2014-05-06 16:15:57", "calendarYear": "2014", "period": "Q1", "revenue": 79133000, "costOfRevenue": 47028000, "grossProfit": 32105000, "grossProfitRatio": 0.4057093754, "researchAndDevelopmentExpenses": 5857000, "generalAndAdministrativeExpenses": 0, "sellingAndMarketingExpenses": 0, "sellingGeneralAndAdministrativeExpenses": 19618000, "otherExpenses": 1744000, "operatingExpenses": 27219000, "costAndExpenses": 75065000, "interestIncome": 0, "interestExpense": 0, "depreciationAndAmortization": 4829000, "ebitda": 9715000, "ebitdaratio": 0.1227679982, "operatingIncome": 4068000, "operatingIncomeRatio": 0.0514071247, "totalOtherIncomeExpensesNet": -275000, "incomeBeforeTax": 3793000, "incomeBeforeTaxRatio": 0.0479319626, "incomeTaxExpense": 937000, "netIncome": 983000, "netIncomeRatio": 0.0124221248, "eps": 0.03, "epsdiluted": 0.03, "weightedAverageShsOut": 34227000, "weightedAverageShsOutDil": 34669000, "link": "https://www.sec.gov/Archives/edgar/data/1076930/000119312514184884/0001193125-14-184884-index.htm", "finalLink": "https://www.sec.gov/Archives/edgar/data/1076930/000119312514184884/d709072d10q.htm"}, {"date": "2013-12-31", "symbol": "NOVT", "reportedCurrency": "USD", "cik": "0001076930", "fillingDate": "2014-03-13", "acceptedDate": "2014-03-13 17:21:09", "calendarYear": "2013", "period": "Q4", "revenue": 87707000, "costOfRevenue": 51711000, "grossProfit": 35996000, "grossProfitRatio": 0.4104119398, "researchAndDevelopmentExpenses": 6364000, "generalAndAdministrativeExpenses": 0, "sellingAndMarketingExpenses": 0, "sellingGeneralAndAdministrativeExpenses": 20516000, "otherExpenses": 1645000, "operatingExpenses": 27401000, "costAndExpenses": 80236000, "interestIncome": 0, "interestExpense": 806000, "depreciationAndAmortization": 4902000, "ebitda": 12373000, "ebitdaratio": 0.1410719783, "operatingIncome": 6677000, "operatingIncomeRatio": 0.0761284732, "totalOtherIncomeExpensesNet": -847000, "incomeBeforeTax": 5830000, "incomeBeforeTaxRatio": 0.0664713193, "incomeTaxExpense": 1463000, "netIncome": 4308000, "netIncomeRatio": 0.0491180864, "eps": 0.13, "epsdiluted": 0.13, "weightedAverageShsOut": 34114000, "weightedAverageShsOutDil": 34607000, "link": "https://www.sec.gov/Archives/edgar/data/1076930/000119312514098040/0001193125-14-098040-index.htm", "finalLink": "https://www.sec.gov/Archives/edgar/data/1076930/000119312514098040/d635538d10k.htm"}, {"date": "2013-09-27", "symbol": "NOVT", "reportedCurrency": "USD", "cik": "0001076930", "fillingDate": "2013-11-05", "acceptedDate": "2013-11-05 16:16:01", "calendarYear": "2013", "period": "Q3", "revenue": 79858000, "costOfRevenue": 45697000, "grossProfit": 34161000, "grossProfitRatio": 0.4277717949, "researchAndDevelopmentExpenses": 6031000, "generalAndAdministrativeExpenses": 0, "sellingAndMarketingExpenses": 0, "sellingGeneralAndAdministrativeExpenses": 20075000, "otherExpenses": 1772000, "operatingExpenses": 28432000, "costAndExpenses": 72506000, "interestIncome": 0, "interestExpense": 0, "depreciationAndAmortization": 4911000, "ebitda": 12137000, "ebitdaratio": 0.1519822685, "operatingIncome": 5799000, "operatingIncomeRatio": 0.0726163941, "totalOtherIncomeExpensesNet": -2022000, "incomeBeforeTax": 3777000, "incomeBeforeTaxRatio": 0.0472964512, "incomeTaxExpense": 1533000, "netIncome": 1790000, "netIncomeRatio": 0.0224147862, "eps": 0.05, "epsdiluted": 0.05, "weightedAverageShsOut": 34102000, "weightedAverageShsOutDil": 34417000, "link": "https://www.sec.gov/Archives/edgar/data/1076930/000119312513427693/0001193125-13-427693-index.htm", "finalLink": "https://www.sec.gov/Archives/edgar/data/1076930/000119312513427693/d593192d10q.htm"}, {"date": "2013-06-28", "symbol": "NOVT", "reportedCurrency": "USD", "cik": "0001076930", "fillingDate": "2013-08-06", "acceptedDate": "2013-08-06 16:16:53", "calendarYear": "2013", "period": "Q2", "revenue": 79769000, "costOfRevenue": 46530000, "grossProfit": 33239000, "grossProfitRatio": 0.4166906944, "researchAndDevelopmentExpenses": 6782000, "generalAndAdministrativeExpenses": 0, "sellingAndMarketingExpenses": 0, "sellingGeneralAndAdministrativeExpenses": 20618000, "otherExpenses": 1617000, "operatingExpenses": 27106000, "costAndExpenses": 73636000, "interestIncome": 0, "interestExpense": 0, "depreciationAndAmortization": 4912000, "ebitda": 10881000, "ebitdaratio": 0.1364063734, "operatingIncome": 5390000, "operatingIncomeRatio": 0.0675701087, "totalOtherIncomeExpensesNet": -1087000, "incomeBeforeTax": 4303000, "incomeBeforeTaxRatio": 0.0539432612, "incomeTaxExpense": 3018000, "netIncome": -871000, "netIncomeRatio": -0.0109190287, "eps": -0.0256, "epsdiluted": -0.0254, "weightedAverageShsOut": 34088000, "weightedAverageShsOutDil": 34285000, "link": "https://www.sec.gov/Archives/edgar/data/1076930/000119312513321588/0001193125-13-321588-index.htm", "finalLink": "https://www.sec.gov/Archives/edgar/data/1076930/000119312513321588/d549898d10q.htm"}, {"date": "2013-03-29", "symbol": "NOVT", "reportedCurrency": "USD", "cik": "0001076930", "fillingDate": "2013-05-08", "acceptedDate": "2013-05-08 16:15:59", "calendarYear": "2013", "period": "Q1", "revenue": 75071000, "costOfRevenue": 49951000, "grossProfit": 25120000, "grossProfitRatio": 0.334616563, "researchAndDevelopmentExpenses": 6621000, "generalAndAdministrativeExpenses": 0, "sellingAndMarketingExpenses": 0, "sellingGeneralAndAdministrativeExpenses": 20240000, "otherExpenses": 2236000, "operatingExpenses": 26741000, "costAndExpenses": 71181000, "interestIncome": 0, "interestExpense": 0, "depreciationAndAmortization": 5482000, "ebitda": 9149000, "ebitdaratio": 0.1218712952, "operatingIncome": 1462000, "operatingIncomeRatio": 0.0194748971, "totalOtherIncomeExpensesNet": 690000, "incomeBeforeTax": 2152000, "incomeBeforeTaxRatio": 0.028666196, "incomeTaxExpense": 403000, "netIncome": 2082000, "netIncomeRatio": 0.0277337454, "eps": 0.06, "epsdiluted": 0.06, "weightedAverageShsOut": 33983000, "weightedAverageShsOutDil": 34271000, "link": "https://www.sec.gov/Archives/edgar/data/1076930/000119312513207510/0001193125-13-207510-index.htm", "finalLink": "https://www.sec.gov/Archives/edgar/data/1076930/000119312513207510/d507248d10q.htm"}, {"date": "2012-12-31", "symbol": "NOVT", "reportedCurrency": "USD", "cik": "0001076930", "fillingDate": "2013-03-18", "acceptedDate": "2013-03-18 14:02:15", "calendarYear": "2012", "period": "Q4", "revenue": 52792000, "costOfRevenue": 39138000, "grossProfit": 13654000, "grossProfitRatio": 0.2586376724, "researchAndDevelopmentExpenses": 5460000, "generalAndAdministrativeExpenses": 0, "sellingAndMarketingExpenses": 0, "sellingGeneralAndAdministrativeExpenses": 16410000, "otherExpenses": 662000, "operatingExpenses": 22532000, "costAndExpenses": 61670000, "interestIncome": 0, "interestExpense": 0, "depreciationAndAmortization": 3247000, "ebitda": 7990000, "ebitdaratio": 0.1513486892, "operatingIncome": 3297000, "operatingIncomeRatio": 0.0624526443, "totalOtherIncomeExpensesNet": -772000, "incomeBeforeTax": 2525000, "incomeBeforeTaxRatio": 0.0478292165, "incomeTaxExpense": -12363000, "netIncome": 15818000, "netIncomeRatio": 0.2996287316, "eps": 0.47, "epsdiluted": 0.47, "weightedAverageShsOut": 33574755, "weightedAverageShsOutDil": 33936000, "link": "https://www.sec.gov/Archives/edgar/data/1076930/000119312513112072/0001193125-13-112072-index.htm", "finalLink": "https://www.sec.gov/Archives/edgar/data/1076930/000119312513112072/d447911d10k.htm"}, {"date": "2012-09-28", "symbol": "NOVT", "reportedCurrency": "USD", "cik": "0001076930", "fillingDate": "2012-11-07", "acceptedDate": "2012-11-07 08:30:49", "calendarYear": "2012", "period": "Q3", "revenue": 69520000, "costOfRevenue": 40667000, "grossProfit": 28853000, "grossProfitRatio": 0.4150316456, "researchAndDevelopmentExpenses": 5545000, "generalAndAdministrativeExpenses": 16125000, "sellingAndMarketingExpenses": 0, "sellingGeneralAndAdministrativeExpenses": 16125000, "otherExpenses": 663000, "operatingExpenses": 22333000, "costAndExpenses": 65728000, "interestIncome": 0, "interestExpense": 656000, "depreciationAndAmortization": 3203000, "ebitda": 9723000, "ebitdaratio": 0.1398590334, "operatingIncome": 3792000, "operatingIncomeRatio": 0.0545454545, "totalOtherIncomeExpensesNet": -1174000, "incomeBeforeTax": 2618000, "incomeBeforeTaxRatio": 0.0376582278, "incomeTaxExpense": 563000, "netIncome": -2534000, "netIncomeRatio": -0.0364499425, "eps": -0.075, "epsdiluted": -0.0747, "weightedAverageShsOut": 33803000, "weightedAverageShsOutDil": 33912000, "link": "https://www.sec.gov/Archives/edgar/data/1076930/000119312512455971/0001193125-12-455971-index.htm", "finalLink": "https://www.sec.gov/Archives/edgar/data/1076930/000119312512455971/d401674d10q.htm"}, {"date": "2012-06-29", "symbol": "NOVT", "reportedCurrency": "USD", "cik": "0001076930", "fillingDate": "2012-08-07", "acceptedDate": "2012-08-07 16:28:14", "calendarYear": "2012", "period": "Q2", "revenue": 70379000, "costOfRevenue": 39712000, "grossProfit": 30667000, "grossProfitRatio": 0.4357407749, "researchAndDevelopmentExpenses": 5615000, "generalAndAdministrativeExpenses": 16841000, "sellingAndMarketingExpenses": 0, "sellingGeneralAndAdministrativeExpenses": 16841000, "otherExpenses": 663000, "operatingExpenses": 23119000, "costAndExpenses": 65282000, "interestIncome": 0, "interestExpense": 678000, "depreciationAndAmortization": 3426000, "ebitda": 10974000, "ebitdaratio": 0.1559271942, "operatingIncome": 5097000, "operatingIncomeRatio": 0.0724221714, "totalOtherIncomeExpensesNet": -13000, "incomeBeforeTax": 5084000, "incomeBeforeTaxRatio": 0.0722374572, "incomeTaxExpense": 617000, "netIncome": 4873000, "netIncomeRatio": 0.0692394038, "eps": 0.14, "epsdiluted": 0.14, "weightedAverageShsOut": 33782000, "weightedAverageShsOutDil": 33953000, "link": "https://www.sec.gov/Archives/edgar/data/1076930/000119312512341006/0001193125-12-341006-index.htm", "finalLink": "https://www.sec.gov/Archives/edgar/data/1076930/000119312512341006/d360205d10q.htm"}, {"date": "2012-03-30", "symbol": "NOVT", "reportedCurrency": "USD", "cik": "0001076930", "fillingDate": "2012-05-08", "acceptedDate": "2012-05-08 16:25:36", "calendarYear": "2012", "period": "Q1", "revenue": 78807000, "costOfRevenue": 46035000, "grossProfit": 32772000, "grossProfitRatio": 0.4158513838, "researchAndDevelopmentExpenses": 7435000, "generalAndAdministrativeExpenses": 18957000, "sellingAndMarketingExpenses": 0, "sellingGeneralAndAdministrativeExpenses": 18957000, "otherExpenses": 3329000, "operatingExpenses": 27054000, "costAndExpenses": 73089000, "interestIncome": 21000, "interestExpense": 828000, "depreciationAndAmortization": 3800000, "ebitda": 8838000, "ebitdaratio": 0.1121473981, "operatingIncome": 3051000, "operatingIncomeRatio": 0.038714835, "totalOtherIncomeExpensesNet": -1744000, "incomeBeforeTax": 1307000, "incomeBeforeTaxRatio": 0.0165848211, "incomeTaxExpense": 230000, "netIncome": 1381000, "netIncomeRatio": 0.017523824, "eps": 0.04, "epsdiluted": 0.04, "weightedAverageShsOut": 33679000, "weightedAverageShsOutDil": 33878000, "link": "https://www.sec.gov/Archives/edgar/data/1076930/000119312512218532/0001193125-12-218532-index.htm", "finalLink": "https://www.sec.gov/Archives/edgar/data/1076930/000119312512218532/d318198d10q.htm"}, {"date": "2011-12-31", "symbol": "NOVT", "reportedCurrency": "USD", "cik": "0001076930", "fillingDate": "2012-03-14", "acceptedDate": "2012-03-14 16:22:52", "calendarYear": "2011", "period": "Q4", "revenue": 79795000, "costOfRevenue": 45210000, "grossProfit": 34585000, "grossProfitRatio": 0.4334231468, "researchAndDevelopmentExpenses": 7836000, "generalAndAdministrativeExpenses": 40526000, "sellingAndMarketingExpenses": -22099000, "sellingGeneralAndAdministrativeExpenses": 18427000, "otherExpenses": 662000, "operatingExpenses": 26925000, "costAndExpenses": 74439000, "interestIncome": 23000, "interestExpense": 2695000, "depreciationAndAmortization": 3804000, "ebitda": 9391000, "ebitdaratio": 0.1176890783, "operatingIncome": 5492000, "operatingIncomeRatio": 0.0688263676, "totalOtherIncomeExpensesNet": -2600000, "incomeBeforeTax": 2892000, "incomeBeforeTaxRatio": 0.0362428724, "incomeTaxExpense": -956000, "netIncome": 3855000, "netIncomeRatio": 0.0483112977, "eps": 0.12, "epsdiluted": 0.11, "weightedAverageShsOut": 33481000, "weightedAverageShsOutDil": 33589000, "link": "https://www.sec.gov/Archives/edgar/data/1076930/000119312512114902/0001193125-12-114902-index.htm", "finalLink": "https://www.sec.gov/Archives/edgar/data/1076930/000119312512114902/d262588d10k.htm"}, {"date": "2011-09-30", "symbol": "NOVT", "reportedCurrency": "USD", "cik": "0001076930", "fillingDate": "2011-11-10", "acceptedDate": "2011-11-10 16:38:33", "calendarYear": "2011", "period": "Q3", "revenue": 93257000, "costOfRevenue": 52349000, "grossProfit": 40908000, "grossProfitRatio": 0.4386587602, "researchAndDevelopmentExpenses": 8013000, "generalAndAdministrativeExpenses": 19474000, "sellingAndMarketingExpenses": 0, "sellingGeneralAndAdministrativeExpenses": 19474000, "otherExpenses": 874000, "operatingExpenses": 28361000, "costAndExpenses": 80710000, "interestIncome": 30000, "interestExpense": 3283000, "depreciationAndAmortization": 3764000, "ebitda": 14602000, "ebitdaratio": 0.1565780585, "operatingIncome": 12533000, "operatingIncomeRatio": 0.1343920564, "totalOtherIncomeExpensesNet": -4355000, "incomeBeforeTax": 8178000, "incomeBeforeTaxRatio": 0.087693149, "incomeTaxExpense": 907000, "netIncome": 8845000, "netIncomeRatio": 0.0948454272, "eps": 0.26, "epsdiluted": 0.26, "weightedAverageShsOut": 33489000, "weightedAverageShsOutDil": 33588000, "link": "https://www.sec.gov/Archives/edgar/data/1076930/000119312511307047/0001193125-11-307047-index.htm", "finalLink": "https://www.sec.gov/Archives/edgar/data/1076930/000119312511307047/d231348d10q.htm"}, {"date": "2011-07-01", "symbol": "NOVT", "reportedCurrency": "USD", "cik": "0001076930", "fillingDate": "2011-08-11", "acceptedDate": "2011-08-11 16:41:37", "calendarYear": "2011", "period": "Q2", "revenue": 101370000, "costOfRevenue": 56377000, "grossProfit": 44993000, "grossProfitRatio": 0.4438492651, "researchAndDevelopmentExpenses": 7946000, "generalAndAdministrativeExpenses": 21348000, "sellingAndMarketingExpenses": 0, "sellingGeneralAndAdministrativeExpenses": 21348000, "otherExpenses": 987000, "operatingExpenses": 30281000, "costAndExpenses": 86658000, "interestIncome": 19000, "interestExpense": 3414000, "depreciationAndAmortization": 3867000, "ebitda": 15559000, "ebitdaratio": 0.153487225, "operatingIncome": 14773000, "operatingIncomeRatio": 0.1457334517, "totalOtherIncomeExpensesNet": -6478000, "incomeBeforeTax": 8295000, "incomeBeforeTaxRatio": 0.0818289435, "incomeTaxExpense": 1363000, "netIncome": 10066000, "netIncomeRatio": 0.0992995955, "eps": 0.3, "epsdiluted": 0.3, "weightedAverageShsOut": 33478000, "weightedAverageShsOutDil": 33595000, "link": "https://www.sec.gov/Archives/edgar/data/1076930/000119312511219695/0001193125-11-219695-index.htm", "finalLink": "https://www.sec.gov/Archives/edgar/data/1076930/000119312511219695/d10q.htm"}, {"date": "2011-04-01", "symbol": "NOVT", "reportedCurrency": "USD", "cik": "0001076930", "fillingDate": "2011-05-16", "acceptedDate": "2011-05-16 16:47:54", "calendarYear": "2011", "period": "Q1", "revenue": 91858000, "costOfRevenue": 51964000, "grossProfit": 39894000, "grossProfitRatio": 0.4343007686, "researchAndDevelopmentExpenses": 8171000, "generalAndAdministrativeExpenses": 19407000, "sellingAndMarketingExpenses": 19129000, "sellingGeneralAndAdministrativeExpenses": 19268000, "otherExpenses": 1131000, "operatingExpenses": 28570000, "costAndExpenses": 80717000, "interestIncome": 20000, "interestExpense": 3670000, "depreciationAndAmortization": 3832000, "ebitda": 15331000, "ebitdaratio": 0.1668989092, "operatingIncome": 11141000, "operatingIncomeRatio": 0.1212850269, "totalOtherIncomeExpensesNet": -3312000, "incomeBeforeTax": 7829000, "incomeBeforeTaxRatio": 0.0852293758, "incomeTaxExpense": 1567000, "netIncome": 6207000, "netIncomeRatio": 0.0675716867, "eps": 0.19, "epsdiluted": 0.19, "weightedAverageShsOut": 33449000, "weightedAverageShsOutDil": 33532000, "link": "https://www.sec.gov/Archives/edgar/data/1076930/000119312511141612/0001193125-11-141612-index.htm", "finalLink": "https://www.sec.gov/Archives/edgar/data/1076930/000119312511141612/d10q.htm"}, {"date": "2010-12-31", "symbol": "NOVT", "reportedCurrency": "USD", "cik": "0001076930", "fillingDate": "2011-03-30", "acceptedDate": "2011-03-30 17:13:05", "calendarYear": "2010", "period": "Q4", "revenue": 91619000, "costOfRevenue": 53256000, "grossProfit": 38363000, "grossProfitRatio": 0.4187231906, "researchAndDevelopmentExpenses": 7833000, "generalAndAdministrativeExpenses": 246000, "sellingAndMarketingExpenses": 19566000, "sellingGeneralAndAdministrativeExpenses": 19812000, "otherExpenses": 593000, "operatingExpenses": 28238000, "costAndExpenses": 81494000, "interestIncome": 17000, "interestExpense": 3929000, "depreciationAndAmortization": 3992000, "ebitda": 13815000, "ebitdaratio": 0.1507875004, "operatingIncome": 9548000, "operatingIncomeRatio": 0.1042141914, "totalOtherIncomeExpensesNet": -3654000, "incomeBeforeTax": 5894000, "incomeBeforeTaxRatio": 0.0643316343, "incomeTaxExpense": 7611000, "netIncome": -1742000, "netIncomeRatio": -0.0190135234, "eps": -0.0735, "epsdiluted": -0.0735, "weightedAverageShsOut": 23703000, "weightedAverageShsOutDil": 23703000, "link": "https://www.sec.gov/Archives/edgar/data/1076930/000119312511083091/0001193125-11-083091-index.htm", "finalLink": "https://www.sec.gov/Archives/edgar/data/1076930/000119312511083091/d10k.htm"}, {"date": "2010-10-01", "symbol": "NOVT", "reportedCurrency": "USD", "cik": "0001076930", "fillingDate": "2010-12-13", "acceptedDate": "2010-12-13 17:16:33", "calendarYear": "2010", "period": "Q3", "revenue": 91545000, "costOfRevenue": 50601000, "grossProfit": 40944000, "grossProfitRatio": 0.4472554481, "researchAndDevelopmentExpenses": 7260000, "generalAndAdministrativeExpenses": 21131000, "sellingAndMarketingExpenses": 20169000, "sellingGeneralAndAdministrativeExpenses": 20650000, "otherExpenses": 1589000, "operatingExpenses": 29499000, "costAndExpenses": 80436000, "interestIncome": 20000, "interestExpense": 4424000, "depreciationAndAmortization": 4156000, "ebitda": 9337000, "ebitdaratio": 0.1019935551, "operatingIncome": 11109000, "operatingIncomeRatio": 0.1213501557, "totalOtherIncomeExpensesNet": -10352000, "incomeBeforeTax": 757000, "incomeBeforeTaxRatio": 0.0082691572, "incomeTaxExpense": 665000, "netIncome": 121000, "netIncomeRatio": 0.0013217543, "eps": 0.0677, "epsdiluted": 0.0677, "weightedAverageShsOut": 29551000, "weightedAverageShsOutDil": 29565000, "link": "https://www.sec.gov/Archives/edgar/data/1076930/000119312510279483/0001193125-10-279483-index.htm", "finalLink": "https://www.sec.gov/Archives/edgar/data/1076930/000119312510279483/d10q.htm"}]