[{"date": "2025-06-30", "symbol": "UNH", "reportedCurrency": "USD", "cik": "0000731766", "fillingDate": "2025-07-29", "acceptedDate": "2025-07-29 06:04:05", "calendarYear": "2025", "period": "Q2", "revenue": 111616000000, "costOfRevenue": 91604000000, "grossProfit": 20012000000, "grossProfitRatio": 0.1792932913, "researchAndDevelopmentExpenses": 0, "generalAndAdministrativeExpenses": 0, "sellingAndMarketingExpenses": 0, "sellingGeneralAndAdministrativeExpenses": 0, "otherExpenses": 14862000000, "operatingExpenses": 14862000000, "costAndExpenses": 106466000000, "interestIncome": 0, "interestExpense": 1027000000, "depreciationAndAmortization": 1084000000, "ebitda": 7224000000, "ebitdaratio": 0.0647219037, "operatingIncome": 5150000000, "operatingIncomeRatio": 0.0461403383, "totalOtherIncomeExpensesNet": -1068000000, "incomeBeforeTax": 4082000000, "incomeBeforeTaxRatio": 0.0365718177, "incomeTaxExpense": 510000000, "netIncome": 3406000000, "netIncomeRatio": 0.0305153383, "eps": 3.74, "epsdiluted": 3.74, "weightedAverageShsOut": 910000000, "weightedAverageShsOutDil": 910000000, "link": "https://www.sec.gov/Archives/edgar/data/731766/000073176625000228/0000731766-25-000228-index.htm", "finalLink": "https://www.sec.gov/Archives/edgar/data/731766/000073176625000228/a2025q2exhibit991.htm"}, {"date": "2025-03-31", "symbol": "UNH", "reportedCurrency": "USD", "cik": "0000731766", "fillingDate": "2025-05-07", "acceptedDate": "2025-05-06 18:44:00", "calendarYear": "2025", "period": "Q1", "revenue": 109575000000, "costOfRevenue": 85801000000, "grossProfit": 23774000000, "grossProfitRatio": 0.2169655487, "researchAndDevelopmentExpenses": 0, "generalAndAdministrativeExpenses": 0, "sellingAndMarketingExpenses": 0, "sellingGeneralAndAdministrativeExpenses": 0, "otherExpenses": 14655000000, "operatingExpenses": 14655000000, "costAndExpenses": 100456000000, "interestIncome": 0, "interestExpense": 998000000, "depreciationAndAmortization": 1061000000, "ebitda": 10165000000, "ebitdaratio": 0.0927675108, "operatingIncome": 9119000000, "operatingIncomeRatio": 0.0832215378, "totalOtherIncomeExpensesNet": -1013000000, "incomeBeforeTax": 8106000000, "incomeBeforeTaxRatio": 0.0739767283, "incomeTaxExpense": 1632000000, "netIncome": 6292000000, "netIncomeRatio": 0.0574218572, "eps": 6.91, "epsdiluted": 6.85, "weightedAverageShsOut": 918000000, "weightedAverageShsOutDil": 918000000, "link": "https://www.sec.gov/Archives/edgar/data/731766/000073176625000131/0000731766-25-000131-index.htm", "finalLink": "https://www.sec.gov/Archives/edgar/data/731766/000073176625000131/unh-20250331.htm"}, {"date": "2024-12-31", "symbol": "UNH", "reportedCurrency": "USD", "cik": "0000731766", "fillingDate": "2025-02-27", "acceptedDate": "2025-02-27 17:16:21", "calendarYear": "2024", "period": "Q4", "revenue": 100807000000, "costOfRevenue": 79499000000, "grossProfit": 21308000000, "grossProfitRatio": 0.2113742101, "researchAndDevelopmentExpenses": 0, "generalAndAdministrativeExpenses": 0, "sellingAndMarketingExpenses": 0, "sellingGeneralAndAdministrativeExpenses": 0, "otherExpenses": 13535000000, "operatingExpenses": 13535000000, "costAndExpenses": 93034000000, "interestIncome": 0, "interestExpense": 1003000000, "depreciationAndAmortization": 1041000000, "ebitda": 8835000000, "ebitdaratio": 0.0876427232, "operatingIncome": 7773000000, "operatingIncomeRatio": 0.0771077405, "totalOtherIncomeExpensesNet": -982000000, "incomeBeforeTax": 6791000000, "incomeBeforeTaxRatio": 0.0673663535, "incomeTaxExpense": 1007000000, "netIncome": 5543000000, "netIncomeRatio": 0.0549862609, "eps": 5.98, "epsdiluted": 5.98, "weightedAverageShsOut": 927000000, "weightedAverageShsOutDil": 927000000, "link": "https://www.sec.gov/Archives/edgar/data/731766/000073176625000063/0000731766-25-000063-index.htm", "finalLink": "https://www.sec.gov/Archives/edgar/data/731766/000073176625000063/unh-20241231.htm"}, {"date": "2024-09-30", "symbol": "UNH", "reportedCurrency": "USD", "cik": "0000731766", "fillingDate": "2024-11-04", "acceptedDate": "2024-11-04 16:22:23", "calendarYear": "2024", "period": "Q3", "revenue": 99177000000, "costOfRevenue": 77791000000, "grossProfit": 21386000000, "grossProfitRatio": 0.2156346734, "researchAndDevelopmentExpenses": 0, "generalAndAdministrativeExpenses": 0, "sellingAndMarketingExpenses": 0, "sellingGeneralAndAdministrativeExpenses": 0, "otherExpenses": 12678000000, "operatingExpenses": 12678000000, "costAndExpenses": 90469000000, "interestIncome": 0, "interestExpense": 1074000000, "depreciationAndAmortization": 1041000000, "ebitda": 9729000000, "ebitdaratio": 0.0980973411, "operatingIncome": 8708000000, "operatingIncomeRatio": 0.0878026155, "totalOtherIncomeExpensesNet": -1094000000, "incomeBeforeTax": 7614000000, "incomeBeforeTaxRatio": 0.0767718322, "incomeTaxExpense": 1356000000, "netIncome": 6055000000, "netIncomeRatio": 0.0610524618, "eps": 6.56, "epsdiluted": 6.51, "weightedAverageShsOut": 923000000, "weightedAverageShsOutDil": 930000000, "link": "https://www.sec.gov/Archives/edgar/data/731766/000073176624000323/0000731766-24-000323-index.htm", "finalLink": "https://www.sec.gov/Archives/edgar/data/731766/000073176624000323/unh-20240930.htm"}, {"date": "2024-06-30", "symbol": "UNH", "reportedCurrency": "USD", "cik": "0000731766", "fillingDate": "2024-08-09", "acceptedDate": "2024-08-09 16:10:48", "calendarYear": "2024", "period": "Q2", "revenue": 97858000000, "costOfRevenue": 76798000000, "grossProfit": 21060000000, "grossProfitRatio": 0.2152097938, "researchAndDevelopmentExpenses": 0, "generalAndAdministrativeExpenses": 0, "sellingAndMarketingExpenses": 0, "sellingGeneralAndAdministrativeExpenses": 0, "otherExpenses": 13185000000, "operatingExpenses": 13185000000, "costAndExpenses": 89983000000, "interestIncome": 0, "interestExpense": 985000000, "depreciationAndAmortization": 1020000000, "ebitda": 7670000000, "ebitdaratio": 0.0783788755, "operatingIncome": 7875000000, "operatingIncomeRatio": 0.0804737477, "totalOtherIncomeExpensesNet": -2210000000, "incomeBeforeTax": 5665000000, "incomeBeforeTaxRatio": 0.0578900039, "incomeTaxExpense": 1244000000, "netIncome": 4216000000, "netIncomeRatio": 0.0430828343, "eps": 4.58, "epsdiluted": 4.54, "weightedAverageShsOut": 921000000, "weightedAverageShsOutDil": 928000000, "link": "https://www.sec.gov/Archives/edgar/data/731766/000073176624000262/0000731766-24-000262-index.htm", "finalLink": "https://www.sec.gov/Archives/edgar/data/731766/000073176624000262/unh-20240630.htm"}, {"date": "2024-03-31", "symbol": "UNH", "reportedCurrency": "USD", "cik": "0000731766", "fillingDate": "2024-05-09", "acceptedDate": "2024-05-08 18:57:43", "calendarYear": "2024", "period": "Q1", "revenue": 98785000000, "costOfRevenue": 76791000000, "grossProfit": 21994000000, "grossProfitRatio": 0.2226451384, "researchAndDevelopmentExpenses": 0, "generalAndAdministrativeExpenses": 0, "sellingAndMarketingExpenses": 0, "sellingGeneralAndAdministrativeExpenses": 0, "otherExpenses": 14063000000, "operatingExpenses": 14063000000, "costAndExpenses": 90854000000, "interestIncome": 0, "interestExpense": 844000000, "depreciationAndAmortization": 997000000, "ebitda": 1842000000, "ebitdaratio": 0.0186465557, "operatingIncome": 7931000000, "operatingIncomeRatio": 0.0802854684, "totalOtherIncomeExpensesNet": -7930000000, "incomeBeforeTax": 1000000, "incomeBeforeTaxRatio": 1.0123e-05, "incomeTaxExpense": 1222000000, "netIncome": -1409000000, "netIncomeRatio": -0.0142632991, "eps": -1.53, "epsdiluted": -1.53, "weightedAverageShsOut": 920000000, "weightedAverageShsOutDil": 922000000, "link": "https://www.sec.gov/Archives/edgar/data/731766/000073176624000155/0000731766-24-000155-index.htm", "finalLink": "https://www.sec.gov/Archives/edgar/data/731766/000073176624000155/unh-20240331.htm"}, {"date": "2023-12-31", "symbol": "UNH", "reportedCurrency": "USD", "cik": "0000731766", "fillingDate": "2023-12-31", "acceptedDate": "2023-12-29 19:00:00", "calendarYear": "2023", "period": "Q4", "revenue": 94427000000, "costOfRevenue": 72425000000, "grossProfit": 22002000000, "grossProfitRatio": 0.2330053904, "researchAndDevelopmentExpenses": 0, "generalAndAdministrativeExpenses": 0, "sellingAndMarketingExpenses": 0, "sellingGeneralAndAdministrativeExpenses": 0, "otherExpenses": 14313000000, "operatingExpenses": 14313000000, "costAndExpenses": 86738000000, "interestIncome": 0, "interestExpense": 830000000, "depreciationAndAmortization": 974000000, "ebitda": 8663000000, "ebitdaratio": 0.0917428278, "operatingIncome": 7689000000, "operatingIncomeRatio": 0.0814279814, "totalOtherIncomeExpensesNet": -830000000, "incomeBeforeTax": 6859000000, "incomeBeforeTaxRatio": 0.0726381226, "incomeTaxExpense": 1184000000, "netIncome": 5455000000, "netIncomeRatio": 0.0577694939, "eps": 5.9, "epsdiluted": 5.83, "weightedAverageShsOut": 924000000, "weightedAverageShsOutDil": 935000000, "link": "https://www.sec.gov/Archives/edgar/data/731766/000073176624000081/0000731766-24-000081-index.html", "finalLink": "https://www.sec.gov/Archives/edgar/data/731766/000073176624000081/unh-20231231.htm"}, {"date": "2023-09-30", "symbol": "UNH", "reportedCurrency": "USD", "cik": "0000731766", "fillingDate": "2023-11-06", "acceptedDate": "2023-11-06 16:05:14", "calendarYear": "2023", "period": "Q3", "revenue": 92361000000, "costOfRevenue": 68973000000, "grossProfit": 23388000000, "grossProfitRatio": 0.2532237633, "researchAndDevelopmentExpenses": 0, "generalAndAdministrativeExpenses": 0, "sellingAndMarketingExpenses": 0, "sellingGeneralAndAdministrativeExpenses": 0, "otherExpenses": 14862000000, "operatingExpenses": 14862000000, "costAndExpenses": 83835000000, "interestIncome": 0, "interestExpense": 834000000, "depreciationAndAmortization": 1007000000, "ebitda": 9533000000, "ebitdaratio": 0.1032145603, "operatingIncome": 8526000000, "operatingIncomeRatio": 0.09231169, "totalOtherIncomeExpensesNet": -834000000, "incomeBeforeTax": 7692000000, "incomeBeforeTaxRatio": 0.0832819047, "incomeTaxExpense": 1654000000, "netIncome": 5841000000, "netIncomeRatio": 0.0632409783, "eps": 6.31, "epsdiluted": 6.24, "weightedAverageShsOut": 926000000, "weightedAverageShsOutDil": 936000000, "link": "https://www.sec.gov/Archives/edgar/data/731766/000073176623000064/0000731766-23-000064-index.htm", "finalLink": "https://www.sec.gov/Archives/edgar/data/731766/000073176623000064/unh-20230930.htm"}, {"date": "2023-06-30", "symbol": "UNH", "reportedCurrency": "USD", "cik": "0000731766", "fillingDate": "2023-08-02", "acceptedDate": "2023-08-02 16:21:04", "calendarYear": "2023", "period": "Q2", "revenue": 92903000000, "costOfRevenue": 70016000000, "grossProfit": 22887000000, "grossProfitRatio": 0.2463537238, "researchAndDevelopmentExpenses": 0, "generalAndAdministrativeExpenses": 0, "sellingAndMarketingExpenses": 0, "sellingGeneralAndAdministrativeExpenses": 0, "otherExpenses": 14830000000, "operatingExpenses": 14830000000, "costAndExpenses": 84846000000, "interestIncome": 0, "interestExpense": 828000000, "depreciationAndAmortization": 1021000000, "ebitda": 9078000000, "ebitdaratio": 0.0977148208, "operatingIncome": 8057000000, "operatingIncomeRatio": 0.0867248636, "totalOtherIncomeExpensesNet": -828000000, "incomeBeforeTax": 7229000000, "incomeBeforeTaxRatio": 0.0778123419, "incomeTaxExpense": 1572000000, "netIncome": 5474000000, "netIncomeRatio": 0.058921671, "eps": 5.89, "epsdiluted": 5.82, "weightedAverageShsOut": 930000000, "weightedAverageShsOutDil": 940000000, "link": "https://www.sec.gov/Archives/edgar/data/731766/000073176623000053/0000731766-23-000053-index.htm", "finalLink": "https://www.sec.gov/Archives/edgar/data/731766/000073176623000053/unh-20230630.htm"}, {"date": "2023-03-31", "symbol": "UNH", "reportedCurrency": "USD", "cik": "0000731766", "fillingDate": "2023-05-03", "acceptedDate": "2023-05-03 16:05:05", "calendarYear": "2023", "period": "Q1", "revenue": 91931000000, "costOfRevenue": 69250000000, "grossProfit": 22681000000, "grossProfitRatio": 0.2467176469, "researchAndDevelopmentExpenses": 0, "generalAndAdministrativeExpenses": 0, "sellingAndMarketingExpenses": 0, "sellingGeneralAndAdministrativeExpenses": 0, "otherExpenses": 14595000000, "operatingExpenses": 14595000000, "costAndExpenses": 83845000000, "interestIncome": 0, "interestExpense": 754000000, "depreciationAndAmortization": 970000000, "ebitda": 9056000000, "ebitdaratio": 0.0985086641, "operatingIncome": 8086000000, "operatingIncomeRatio": 0.0879572723, "totalOtherIncomeExpensesNet": -754000000, "incomeBeforeTax": 7332000000, "incomeBeforeTaxRatio": 0.0797554688, "incomeTaxExpense": 1558000000, "netIncome": 5611000000, "netIncomeRatio": 0.0610349066, "eps": 6.02, "epsdiluted": 5.95, "weightedAverageShsOut": 932000000, "weightedAverageShsOutDil": 943000000, "link": "https://www.sec.gov/Archives/edgar/data/731766/000073176623000029/0000731766-23-000029-index.htm", "finalLink": "https://www.sec.gov/Archives/edgar/data/731766/000073176623000029/unh-20230331.htm"}, {"date": "2022-12-31", "symbol": "UNH", "reportedCurrency": "USD", "cik": "0000731766", "fillingDate": "2023-02-24", "acceptedDate": "2023-02-24 17:28:40", "calendarYear": "2022", "period": "Q4", "revenue": 82787000000, "costOfRevenue": 61905000000, "grossProfit": 20882000000, "grossProfitRatio": 0.2522376702, "researchAndDevelopmentExpenses": 0, "generalAndAdministrativeExpenses": 0, "sellingAndMarketingExpenses": 0, "sellingGeneralAndAdministrativeExpenses": 0, "otherExpenses": 13991000000, "operatingExpenses": 13991000000, "costAndExpenses": 75896000000, "interestIncome": 0, "interestExpense": 676000000, "depreciationAndAmortization": 982000000, "ebitda": 7873000000, "ebitdaratio": 0.0950994721, "operatingIncome": 6891000000, "operatingIncomeRatio": 0.0832377064, "totalOtherIncomeExpensesNet": -676000000, "incomeBeforeTax": 6215000000, "incomeBeforeTaxRatio": 0.0750721732, "incomeTaxExpense": 1307000000, "netIncome": 4761000000, "netIncomeRatio": 0.0575090292, "eps": 5.1, "epsdiluted": 5.03, "weightedAverageShsOut": 934000000, "weightedAverageShsOutDil": 947000000, "link": "https://www.sec.gov/Archives/edgar/data/731766/000073176623000008/0000731766-23-000008-index.htm", "finalLink": "https://www.sec.gov/Archives/edgar/data/731766/000073176623000008/unh-20221231.htm"}, {"date": "2022-09-30", "symbol": "UNH", "reportedCurrency": "USD", "cik": "0000731766", "fillingDate": "2022-11-02", "acceptedDate": "2022-11-02 16:08:29", "calendarYear": "2022", "period": "Q3", "revenue": 80894000000, "costOfRevenue": 60941000000, "grossProfit": 19953000000, "grossProfitRatio": 0.2466561179, "researchAndDevelopmentExpenses": 0, "generalAndAdministrativeExpenses": 0, "sellingAndMarketingExpenses": 0, "sellingGeneralAndAdministrativeExpenses": 0, "otherExpenses": 12491000000, "operatingExpenses": 12491000000, "costAndExpenses": 73432000000, "interestIncome": 0, "interestExpense": 516000000, "depreciationAndAmortization": 828000000, "ebitda": 8290000000, "ebitdaratio": 0.1024797884, "operatingIncome": 7462000000, "operatingIncomeRatio": 0.0922441714, "totalOtherIncomeExpensesNet": -516000000, "incomeBeforeTax": 6946000000, "incomeBeforeTaxRatio": 0.0858654536, "incomeTaxExpense": 1562000000, "netIncome": 5262000000, "netIncomeRatio": 0.0650480876, "eps": 5.63, "epsdiluted": 5.55, "weightedAverageShsOut": 935000000, "weightedAverageShsOutDil": 948000000, "link": "https://www.sec.gov/Archives/edgar/data/731766/000073176622000044/0000731766-22-000044-index.htm", "finalLink": "https://www.sec.gov/Archives/edgar/data/731766/000073176622000044/unh-20220930.htm"}, {"date": "2022-06-30", "symbol": "UNH", "reportedCurrency": "USD", "cik": "0000731766", "fillingDate": "2022-08-03", "acceptedDate": "2022-08-03 16:06:54", "calendarYear": "2022", "period": "Q2", "revenue": 80332000000, "costOfRevenue": 60689000000, "grossProfit": 19643000000, "grossProfitRatio": 0.2445227307, "researchAndDevelopmentExpenses": 0, "generalAndAdministrativeExpenses": 0, "sellingAndMarketingExpenses": 0, "sellingGeneralAndAdministrativeExpenses": 0, "otherExpenses": 12511000000, "operatingExpenses": 12511000000, "costAndExpenses": 73200000000, "interestIncome": 0, "interestExpense": 467000000, "depreciationAndAmortization": 802000000, "ebitda": 7934000000, "ebitdaratio": 0.0987651247, "operatingIncome": 7132000000, "operatingIncomeRatio": 0.0887815565, "totalOtherIncomeExpensesNet": -467000000, "incomeBeforeTax": 6665000000, "incomeBeforeTaxRatio": 0.082968182, "incomeTaxExpense": 1466000000, "netIncome": 5070000000, "netIncomeRatio": 0.0631130807, "eps": 5.42, "epsdiluted": 5.34, "weightedAverageShsOut": 935000000, "weightedAverageShsOutDil": 950000000, "link": "https://www.sec.gov/Archives/edgar/data/731766/000073176622000036/0000731766-22-000036-index.htm", "finalLink": "https://www.sec.gov/Archives/edgar/data/731766/000073176622000036/unh-20220630.htm"}, {"date": "2022-03-31", "symbol": "UNH", "reportedCurrency": "USD", "cik": "0000731766", "fillingDate": "2022-05-04", "acceptedDate": "2022-05-04 16:46:28", "calendarYear": "2022", "period": "Q1", "revenue": 80149000000, "costOfRevenue": 61010000000, "grossProfit": 19139000000, "grossProfitRatio": 0.2387927485, "researchAndDevelopmentExpenses": 0, "generalAndAdministrativeExpenses": 0, "sellingAndMarketingExpenses": 0, "sellingGeneralAndAdministrativeExpenses": 0, "otherExpenses": 12189000000, "operatingExpenses": 12189000000, "costAndExpenses": 73199000000, "interestIncome": 0, "interestExpense": 433000000, "depreciationAndAmortization": 788000000, "ebitda": 7738000000, "ebitdaratio": 0.0965451846, "operatingIncome": 6950000000, "operatingIncomeRatio": 0.0867134961, "totalOtherIncomeExpensesNet": -433000000, "incomeBeforeTax": 6517000000, "incomeBeforeTaxRatio": 0.0813110582, "incomeTaxExpense": 1369000000, "netIncome": 5027000000, "netIncomeRatio": 0.0627206827, "eps": 5.35, "epsdiluted": 5.27, "weightedAverageShsOut": 939000000, "weightedAverageShsOutDil": 954000000, "link": "https://www.sec.gov/Archives/edgar/data/731766/000073176622000019/0000731766-22-000019-index.htm", "finalLink": "https://www.sec.gov/Archives/edgar/data/731766/000073176622000019/unh-20220331.htm"}, {"date": "2021-12-31", "symbol": "UNH", "reportedCurrency": "USD", "cik": "0000731766", "fillingDate": "2022-02-15", "acceptedDate": "2022-02-15 16:50:18", "calendarYear": "2021", "period": "Q4", "revenue": 73743000000, "costOfRevenue": 56159000000, "grossProfit": 17584000000, "grossProfitRatio": 0.2384497512, "researchAndDevelopmentExpenses": 0, "generalAndAdministrativeExpenses": 0, "sellingAndMarketingExpenses": 0, "sellingGeneralAndAdministrativeExpenses": 0, "otherExpenses": 12043000000, "operatingExpenses": 12043000000, "costAndExpenses": 68202000000, "interestIncome": 0, "interestExpense": 431000000, "depreciationAndAmortization": 771000000, "ebitda": 6312000000, "ebitdaratio": 0.0855945649, "operatingIncome": 5541000000, "operatingIncomeRatio": 0.0751393353, "totalOtherIncomeExpensesNet": -431000000, "incomeBeforeTax": 5110000000, "incomeBeforeTaxRatio": 0.0692947127, "incomeTaxExpense": 919000000, "netIncome": 4071000000, "netIncomeRatio": 0.0552052398, "eps": 4.33, "epsdiluted": 4.26, "weightedAverageShsOut": 941000000, "weightedAverageShsOutDil": 955000000, "link": "https://www.sec.gov/Archives/edgar/data/731766/000073176622000008/0000731766-22-000008-index.htm", "finalLink": "https://www.sec.gov/Archives/edgar/data/731766/000073176622000008/unh-20211231.htm"}, {"date": "2021-09-30", "symbol": "UNH", "reportedCurrency": "USD", "cik": "0000731766", "fillingDate": "2021-11-03", "acceptedDate": "2021-11-03 16:14:36", "calendarYear": "2021", "period": "Q3", "revenue": 72337000000, "costOfRevenue": 55104000000, "grossProfit": 17233000000, "grossProfitRatio": 0.2382321633, "researchAndDevelopmentExpenses": 0, "generalAndAdministrativeExpenses": 0, "sellingAndMarketingExpenses": 0, "sellingGeneralAndAdministrativeExpenses": 0, "otherExpenses": 11521000000, "operatingExpenses": 11521000000, "costAndExpenses": 66625000000, "interestIncome": 0, "interestExpense": 422000000, "depreciationAndAmortization": 796000000, "ebitda": 6508000000, "ebitdaratio": 0.0899677897, "operatingIncome": 5712000000, "operatingIncomeRatio": 0.0789637392, "totalOtherIncomeExpensesNet": -422000000, "incomeBeforeTax": 5290000000, "incomeBeforeTaxRatio": 0.0731299335, "incomeTaxExpense": 1099000000, "netIncome": 4086000000, "netIncomeRatio": 0.0564856159, "eps": 4.34, "epsdiluted": 4.28, "weightedAverageShsOut": 942000000, "weightedAverageShsOutDil": 955000000, "link": "https://www.sec.gov/Archives/edgar/data/731766/000073176621000051/0000731766-21-000051-index.htm", "finalLink": "https://www.sec.gov/Archives/edgar/data/731766/000073176621000051/unh-20210930.htm"}, {"date": "2021-06-30", "symbol": "UNH", "reportedCurrency": "USD", "cik": "0000731766", "fillingDate": "2021-08-03", "acceptedDate": "2021-08-03 17:02:20", "calendarYear": "2021", "period": "Q2", "revenue": 71321000000, "costOfRevenue": 54206000000, "grossProfit": 17115000000, "grossProfitRatio": 0.2399713969, "researchAndDevelopmentExpenses": 0, "generalAndAdministrativeExpenses": 0, "sellingAndMarketingExpenses": 0, "sellingGeneralAndAdministrativeExpenses": 0, "otherExpenses": 11137000000, "operatingExpenses": 11137000000, "costAndExpenses": 65343000000, "interestIncome": 0, "interestExpense": 410000000, "depreciationAndAmortization": 778000000, "ebitda": 6756000000, "ebitdaratio": 0.0947266583, "operatingIncome": 5978000000, "operatingIncomeRatio": 0.0838182303, "totalOtherIncomeExpensesNet": -410000000, "incomeBeforeTax": 5568000000, "incomeBeforeTaxRatio": 0.0780695728, "incomeTaxExpense": 1196000000, "netIncome": 4266000000, "netIncomeRatio": 0.05981408, "eps": 4.52, "epsdiluted": 4.46, "weightedAverageShsOut": 943000000, "weightedAverageShsOutDil": 956000000, "link": "https://www.sec.gov/Archives/edgar/data/731766/000073176621000037/0000731766-21-000037-index.htm", "finalLink": "https://www.sec.gov/Archives/edgar/data/731766/000073176621000037/unh-20210630.htm"}, {"date": "2021-03-31", "symbol": "UNH", "reportedCurrency": "USD", "cik": "0000731766", "fillingDate": "2021-05-05", "acceptedDate": "2021-05-05 17:17:06", "calendarYear": "2021", "period": "Q1", "revenue": 70196000000, "costOfRevenue": 52476000000, "grossProfit": 17720000000, "grossProfitRatio": 0.2524360362, "researchAndDevelopmentExpenses": 0, "generalAndAdministrativeExpenses": 0, "sellingAndMarketingExpenses": 0, "sellingGeneralAndAdministrativeExpenses": 0, "otherExpenses": 10981000000, "operatingExpenses": 10981000000, "costAndExpenses": 63457000000, "interestIncome": 0, "interestExpense": 397000000, "depreciationAndAmortization": 758000000, "ebitda": 7497000000, "ebitdaratio": 0.1068009573, "operatingIncome": 6739000000, "operatingIncomeRatio": 0.0960026212, "totalOtherIncomeExpensesNet": -397000000, "incomeBeforeTax": 6342000000, "incomeBeforeTaxRatio": 0.0903470283, "incomeTaxExpense": 1364000000, "netIncome": 4862000000, "netIncomeRatio": 0.0692632059, "eps": 5.15, "epsdiluted": 5.08, "weightedAverageShsOut": 944000000, "weightedAverageShsOutDil": 957000000, "link": "https://www.sec.gov/Archives/edgar/data/731766/000073176621000021/0000731766-21-000021-index.htm", "finalLink": "https://www.sec.gov/Archives/edgar/data/731766/000073176621000021/unh-20210331.htm"}, {"date": "2020-12-31", "symbol": "UNH", "reportedCurrency": "USD", "cik": "0000731766", "fillingDate": "2021-03-01", "acceptedDate": "2021-03-01 16:02:27", "calendarYear": "2020", "period": "Q4", "revenue": 65467000000, "costOfRevenue": 49704000000, "grossProfit": 15763000000, "grossProfitRatio": 0.2407777964, "researchAndDevelopmentExpenses": 0, "generalAndAdministrativeExpenses": 0, "sellingAndMarketingExpenses": 0, "sellingGeneralAndAdministrativeExpenses": 0, "otherExpenses": 12246000000, "operatingExpenses": 12246000000, "costAndExpenses": 61950000000, "interestIncome": 0, "interestExpense": 401000000, "depreciationAndAmortization": 732000000, "ebitda": 4249000000, "ebitdaratio": 0.0649029282, "operatingIncome": 3517000000, "operatingIncomeRatio": 0.0537217224, "totalOtherIncomeExpensesNet": -401000000, "incomeBeforeTax": 3116000000, "incomeBeforeTaxRatio": 0.047596499, "incomeTaxExpense": 764000000, "netIncome": 2212000000, "netIncomeRatio": 0.0337880153, "eps": 2.34, "epsdiluted": 2.3, "weightedAverageShsOut": 946000000, "weightedAverageShsOutDil": 961000000, "link": "https://www.sec.gov/Archives/edgar/data/731766/000073176621000013/0000731766-21-000013-index.htm", "finalLink": "https://www.sec.gov/Archives/edgar/data/731766/000073176621000013/unh-20201231.htm"}, {"date": "2020-09-30", "symbol": "UNH", "reportedCurrency": "USD", "cik": "0000731766", "fillingDate": "2020-11-02", "acceptedDate": "2020-11-02 16:15:17", "calendarYear": "2020", "period": "Q3", "revenue": 65115000000, "costOfRevenue": 49571000000, "grossProfit": 15544000000, "grossProfitRatio": 0.2387161176, "researchAndDevelopmentExpenses": 0, "generalAndAdministrativeExpenses": 0, "sellingAndMarketingExpenses": 0, "sellingGeneralAndAdministrativeExpenses": 0, "otherExpenses": 10893000000, "operatingExpenses": 10893000000, "costAndExpenses": 60464000000, "interestIncome": 0, "interestExpense": 395000000, "depreciationAndAmortization": 719000000, "ebitda": 5370000000, "ebitdaratio": 0.0824694771, "operatingIncome": 4651000000, "operatingIncomeRatio": 0.0714274745, "totalOtherIncomeExpensesNet": -395000000, "incomeBeforeTax": 4256000000, "incomeBeforeTaxRatio": 0.0653612839, "incomeTaxExpense": 1000000000, "netIncome": 3172000000, "netIncomeRatio": 0.048713814, "eps": 3.34, "epsdiluted": 3.3, "weightedAverageShsOut": 949000000, "weightedAverageShsOutDil": 962000000, "link": "https://www.sec.gov/Archives/edgar/data/731766/000073176620000049/0000731766-20-000049-index.htm", "finalLink": "https://www.sec.gov/Archives/edgar/data/731766/000073176620000049/unh-20200930.htm"}, {"date": "2020-06-30", "symbol": "UNH", "reportedCurrency": "USD", "cik": "0000731766", "fillingDate": "2020-08-03", "acceptedDate": "2020-07-31 20:03:23", "calendarYear": "2020", "period": "Q2", "revenue": 62138000000, "costOfRevenue": 42179000000, "grossProfit": 19959000000, "grossProfitRatio": 0.321204416, "researchAndDevelopmentExpenses": 0, "generalAndAdministrativeExpenses": 0, "sellingAndMarketingExpenses": 0, "sellingGeneralAndAdministrativeExpenses": 0, "otherExpenses": 10718000000, "operatingExpenses": 10718000000, "costAndExpenses": 52897000000, "interestIncome": 0, "interestExpense": 430000000, "depreciationAndAmortization": 717000000, "ebitda": 9958000000, "ebitdaratio": 0.1602562039, "operatingIncome": 9241000000, "operatingIncomeRatio": 0.148717371, "totalOtherIncomeExpensesNet": -430000000, "incomeBeforeTax": 8811000000, "incomeBeforeTaxRatio": 0.1417972899, "incomeTaxExpense": 2115000000, "netIncome": 6637000000, "netIncomeRatio": 0.1068106473, "eps": 6.99, "epsdiluted": 6.91, "weightedAverageShsOut": 950000000, "weightedAverageShsOutDil": 960000000, "link": "https://www.sec.gov/Archives/edgar/data/731766/000073176620000042/0000731766-20-000042-index.htm", "finalLink": "https://www.sec.gov/Archives/edgar/data/731766/000073176620000042/unh-20200630.htm"}, {"date": "2020-03-31", "symbol": "UNH", "reportedCurrency": "USD", "cik": "0000731766", "fillingDate": "2020-05-06", "acceptedDate": "2020-05-06 17:11:29", "calendarYear": "2020", "period": "Q1", "revenue": 64421000000, "costOfRevenue": 48687000000, "grossProfit": 15734000000, "grossProfitRatio": 0.2442371276, "researchAndDevelopmentExpenses": 0, "generalAndAdministrativeExpenses": 0, "sellingAndMarketingExpenses": 0, "sellingGeneralAndAdministrativeExpenses": 0, "otherExpenses": 10738000000, "operatingExpenses": 10738000000, "costAndExpenses": 59425000000, "interestIncome": 0, "interestExpense": 437000000, "depreciationAndAmortization": 723000000, "ebitda": 5719000000, "ebitdaratio": 0.0887753993, "operatingIncome": 4996000000, "operatingIncomeRatio": 0.0775523509, "totalOtherIncomeExpensesNet": -437000000, "incomeBeforeTax": 4559000000, "incomeBeforeTaxRatio": 0.0707688487, "incomeTaxExpense": 1094000000, "netIncome": 3382000000, "netIncomeRatio": 0.0524984089, "eps": 3.57, "epsdiluted": 3.52, "weightedAverageShsOut": 947000000, "weightedAverageShsOutDil": 962000000, "link": "https://www.sec.gov/Archives/edgar/data/731766/000073176620000026/0000731766-20-000026-index.htm", "finalLink": "https://www.sec.gov/Archives/edgar/data/731766/000073176620000026/unh202033110-q.htm"}, {"date": "2019-12-31", "symbol": "UNH", "reportedCurrency": "USD", "cik": "0000731766", "fillingDate": "2020-02-14", "acceptedDate": "2020-02-14 17:18:38", "calendarYear": "2019", "period": "Q4", "revenue": 60901000000, "costOfRevenue": 45787000000, "grossProfit": 15114000000, "grossProfitRatio": 0.2481732648, "researchAndDevelopmentExpenses": 0, "generalAndAdministrativeExpenses": 0, "sellingAndMarketingExpenses": 0, "sellingGeneralAndAdministrativeExpenses": 0, "otherExpenses": 10019000000, "operatingExpenses": 10019000000, "costAndExpenses": 55806000000, "interestIncome": 0, "interestExpense": 437000000, "depreciationAndAmortization": 718000000, "ebitda": 5813000000, "ebitdaratio": 0.0954499926, "operatingIncome": 5095000000, "operatingIncomeRatio": 0.0836603668, "totalOtherIncomeExpensesNet": -437000000, "incomeBeforeTax": 4658000000, "incomeBeforeTaxRatio": 0.0764847868, "incomeTaxExpense": 990000000, "netIncome": 3541000000, "netIncomeRatio": 0.0581435444, "eps": 3.68, "epsdiluted": 3.68, "weightedAverageShsOut": 948000000, "weightedAverageShsOutDil": 962000000, "link": "https://www.sec.gov/Archives/edgar/data/731766/000073176620000006/0000731766-20-000006-index.htm", "finalLink": "https://www.sec.gov/Archives/edgar/data/731766/000073176620000006/unh2019123110-k.htm"}, {"date": "2019-09-30", "symbol": "UNH", "reportedCurrency": "USD", "cik": "0000731766", "fillingDate": "2019-11-06", "acceptedDate": "2019-11-06 16:07:31", "calendarYear": "2019", "period": "Q3", "revenue": 60351000000, "costOfRevenue": 45668000000, "grossProfit": 14683000000, "grossProfitRatio": 0.2432934003, "researchAndDevelopmentExpenses": 0, "generalAndAdministrativeExpenses": 0, "sellingAndMarketingExpenses": 0, "sellingGeneralAndAdministrativeExpenses": 0, "otherExpenses": 9669000000, "operatingExpenses": 9669000000, "costAndExpenses": 55337000000, "interestIncome": 0, "interestExpense": 449000000, "depreciationAndAmortization": 709000000, "ebitda": 5723000000, "ebitdaratio": 0.0948285861, "operatingIncome": 5014000000, "operatingIncomeRatio": 0.0830806449, "totalOtherIncomeExpensesNet": -449000000, "incomeBeforeTax": 4565000000, "incomeBeforeTaxRatio": 0.0756408345, "incomeTaxExpense": 936000000, "netIncome": 3538000000, "netIncomeRatio": 0.0586237179, "eps": 3.74, "epsdiluted": 3.67, "weightedAverageShsOut": 947000000, "weightedAverageShsOutDil": 963000000, "link": "https://www.sec.gov/Archives/edgar/data/731766/000073176619000034/0000731766-19-000034-index.htm", "finalLink": "https://www.sec.gov/Archives/edgar/data/731766/000073176619000034/unh201993010-q.htm"}, {"date": "2019-06-30", "symbol": "UNH", "reportedCurrency": "USD", "cik": "0000731766", "fillingDate": "2019-08-07", "acceptedDate": "2019-08-06 17:35:52", "calendarYear": "2019", "period": "Q2", "revenue": 60595000000, "costOfRevenue": 46782000000, "grossProfit": 13813000000, "grossProfitRatio": 0.227956102, "researchAndDevelopmentExpenses": 0, "generalAndAdministrativeExpenses": 0, "sellingAndMarketingExpenses": 0, "sellingGeneralAndAdministrativeExpenses": 0, "otherExpenses": 9069000000, "operatingExpenses": 9069000000, "costAndExpenses": 55851000000, "interestIncome": 0, "interestExpense": 418000000, "depreciationAndAmortization": 654000000, "ebitda": 5398000000, "ebitdaratio": 0.0890832577, "operatingIncome": 4744000000, "operatingIncomeRatio": 0.078290288, "totalOtherIncomeExpensesNet": -418000000, "incomeBeforeTax": 4326000000, "incomeBeforeTaxRatio": 0.071392029, "incomeTaxExpense": 941000000, "netIncome": 3293000000, "netIncomeRatio": 0.0543444179, "eps": 3.47, "epsdiluted": 3.42, "weightedAverageShsOut": 948000000, "weightedAverageShsOutDil": 964000000, "link": "https://www.sec.gov/Archives/edgar/data/731766/000073176619000025/0000731766-19-000025-index.htm", "finalLink": "https://www.sec.gov/Archives/edgar/data/731766/000073176619000025/unh201963010-q.htm"}, {"date": "2019-03-31", "symbol": "UNH", "reportedCurrency": "USD", "cik": "0000731766", "fillingDate": "2019-05-07", "acceptedDate": "2019-05-07 17:10:28", "calendarYear": "2019", "period": "Q1", "revenue": 60308000000, "costOfRevenue": 46320000000, "grossProfit": 13988000000, "grossProfitRatio": 0.2319426942, "researchAndDevelopmentExpenses": 0, "generalAndAdministrativeExpenses": 0, "sellingAndMarketingExpenses": 0, "sellingGeneralAndAdministrativeExpenses": 0, "otherExpenses": 9156000000, "operatingExpenses": 9156000000, "costAndExpenses": 55476000000, "interestIncome": 0, "interestExpense": 400000000, "depreciationAndAmortization": 639000000, "ebitda": 5471000000, "ebitdaratio": 0.0907176494, "operatingIncome": 4832000000, "operatingIncomeRatio": 0.0801220402, "totalOtherIncomeExpensesNet": -400000000, "incomeBeforeTax": 4432000000, "incomeBeforeTaxRatio": 0.073489421, "incomeTaxExpense": 875000000, "netIncome": 3467000000, "netIncomeRatio": 0.0574882271, "eps": 3.62, "epsdiluted": 3.56, "weightedAverageShsOut": 953000000, "weightedAverageShsOutDil": 975000000, "link": "https://www.sec.gov/Archives/edgar/data/731766/000073176619000013/0000731766-19-000013-index.htm", "finalLink": "https://www.sec.gov/Archives/edgar/data/731766/000073176619000013/unh201933110-q.htm"}, {"date": "2018-12-31", "symbol": "UNH", "reportedCurrency": "USD", "cik": "0000731766", "fillingDate": "2019-02-12", "acceptedDate": "2019-02-12 17:16:04", "calendarYear": "2018", "period": "Q4", "revenue": 58417000000, "costOfRevenue": 44580000000, "grossProfit": 13837000000, "grossProfitRatio": 0.2368659808, "researchAndDevelopmentExpenses": 0, "generalAndAdministrativeExpenses": 0, "sellingAndMarketingExpenses": 0, "sellingGeneralAndAdministrativeExpenses": 0, "otherExpenses": 9340000000, "operatingExpenses": 9340000000, "costAndExpenses": 53920000000, "interestIncome": 0, "interestExpense": 374000000, "depreciationAndAmortization": 637000000, "ebitda": 5134000000, "ebitdaratio": 0.0878853758, "operatingIncome": 4497000000, "operatingIncomeRatio": 0.0769810158, "totalOtherIncomeExpensesNet": -374000000, "incomeBeforeTax": 4123000000, "incomeBeforeTaxRatio": 0.0705787699, "incomeTaxExpense": 959000000, "netIncome": 3040000000, "netIncomeRatio": 0.052039646, "eps": 3.17, "epsdiluted": 3.1, "weightedAverageShsOut": 960000000, "weightedAverageShsOutDil": 982000000, "link": "https://www.sec.gov/Archives/edgar/data/731766/000073176619000005/0000731766-19-000005-index.htm", "finalLink": "https://www.sec.gov/Archives/edgar/data/731766/000073176619000005/unh2018123110-k.htm"}, {"date": "2018-09-30", "symbol": "UNH", "reportedCurrency": "USD", "cik": "0000731766", "fillingDate": "2018-11-08", "acceptedDate": "2018-11-08 16:12:46", "calendarYear": "2018", "period": "Q3", "revenue": 56556000000, "costOfRevenue": 42876000000, "grossProfit": 13680000000, "grossProfitRatio": 0.2418841502, "researchAndDevelopmentExpenses": 0, "generalAndAdministrativeExpenses": 0, "sellingAndMarketingExpenses": 0, "sellingGeneralAndAdministrativeExpenses": 0, "otherExpenses": 9090000000, "operatingExpenses": 9090000000, "costAndExpenses": 51966000000, "interestIncome": 0, "interestExpense": 353000000, "depreciationAndAmortization": 611000000, "ebitda": 5201000000, "ebitdaratio": 0.0919619492, "operatingIncome": 4590000000, "operatingIncomeRatio": 0.0811584978, "totalOtherIncomeExpensesNet": -353000000, "incomeBeforeTax": 4237000000, "incomeBeforeTaxRatio": 0.0749168965, "incomeTaxExpense": 953000000, "netIncome": 3188000000, "netIncomeRatio": 0.0563689087, "eps": 3.31, "epsdiluted": 3.24, "weightedAverageShsOut": 962000000, "weightedAverageShsOutDil": 983000000, "link": "https://www.sec.gov/Archives/edgar/data/731766/000073176618000040/0000731766-18-000040-index.htm", "finalLink": "https://www.sec.gov/Archives/edgar/data/731766/000073176618000040/unh201893010-q.htm"}, {"date": "2018-06-30", "symbol": "UNH", "reportedCurrency": "USD", "cik": "0000731766", "fillingDate": "2018-08-07", "acceptedDate": "2018-08-07 16:07:58", "calendarYear": "2018", "period": "Q2", "revenue": 56086000000, "costOfRevenue": 42898000000, "grossProfit": 13188000000, "grossProfitRatio": 0.2351388938, "researchAndDevelopmentExpenses": 0, "generalAndAdministrativeExpenses": 0, "sellingAndMarketingExpenses": 0, "sellingGeneralAndAdministrativeExpenses": 0, "otherExpenses": 8984000000, "operatingExpenses": 8984000000, "costAndExpenses": 51882000000, "interestIncome": 0, "interestExpense": 344000000, "depreciationAndAmortization": 598000000, "ebitda": 4802000000, "ebitdaratio": 0.0856185144, "operatingIncome": 4204000000, "operatingIncomeRatio": 0.0749563171, "totalOtherIncomeExpensesNet": -344000000, "incomeBeforeTax": 3860000000, "incomeBeforeTaxRatio": 0.0688228791, "incomeTaxExpense": 850000000, "netIncome": 2922000000, "netIncomeRatio": 0.0520985629, "eps": 3.04, "epsdiluted": 2.98, "weightedAverageShsOut": 962000000, "weightedAverageShsOutDil": 982000000, "link": "https://www.sec.gov/Archives/edgar/data/731766/000073176618000030/0000731766-18-000030-index.htm", "finalLink": "https://www.sec.gov/Archives/edgar/data/731766/000073176618000030/unh201863010-q.htm"}, {"date": "2018-03-31", "symbol": "UNH", "reportedCurrency": "USD", "cik": "0000731766", "fillingDate": "2018-05-07", "acceptedDate": "2018-05-07 16:17:34", "calendarYear": "2018", "period": "Q1", "revenue": 55188000000, "costOfRevenue": 42047000000, "grossProfit": 13141000000, "grossProfitRatio": 0.238113358, "researchAndDevelopmentExpenses": 0, "generalAndAdministrativeExpenses": 0, "sellingAndMarketingExpenses": 0, "sellingGeneralAndAdministrativeExpenses": 0, "otherExpenses": 9088000000, "operatingExpenses": 9088000000, "costAndExpenses": 51135000000, "interestIncome": 0, "interestExpense": 329000000, "depreciationAndAmortization": 582000000, "ebitda": 4635000000, "ebitdaratio": 0.0839856491, "operatingIncome": 4053000000, "operatingIncomeRatio": 0.0734398782, "totalOtherIncomeExpensesNet": -329000000, "incomeBeforeTax": 3724000000, "incomeBeforeTaxRatio": 0.0674784373, "incomeTaxExpense": 800000000, "netIncome": 2836000000, "netIncomeRatio": 0.0513879829, "eps": 2.95, "epsdiluted": 2.87, "weightedAverageShsOut": 962000000, "weightedAverageShsOutDil": 987000000, "link": "https://www.sec.gov/Archives/edgar/data/731766/000073176618000018/0000731766-18-000018-index.htm", "finalLink": "https://www.sec.gov/Archives/edgar/data/731766/000073176618000018/unh201833110-q.htm"}, {"date": "2017-12-31", "symbol": "UNH", "reportedCurrency": "USD", "cik": "0000731766", "fillingDate": "2018-02-13", "acceptedDate": "2018-02-13 16:10:43", "calendarYear": "2017", "period": "Q4", "revenue": 52061000000, "costOfRevenue": 39686000000, "grossProfit": 12375000000, "grossProfitRatio": 0.2377019266, "researchAndDevelopmentExpenses": 0, "generalAndAdministrativeExpenses": 0, "sellingAndMarketingExpenses": 0, "sellingGeneralAndAdministrativeExpenses": 0, "otherExpenses": 8398000000, "operatingExpenses": 8398000000, "costAndExpenses": 48084000000, "interestIncome": 0, "interestExpense": 308000000, "depreciationAndAmortization": 578000000, "ebitda": 4555000000, "ebitdaratio": 0.0874935172, "operatingIncome": 3977000000, "operatingIncomeRatio": 0.0763911565, "totalOtherIncomeExpensesNet": -308000000, "incomeBeforeTax": 3669000000, "incomeBeforeTaxRatio": 0.0704750197, "incomeTaxExpense": -52000000, "netIncome": 3617000000, "netIncomeRatio": 0.0694761914, "eps": 3.73, "epsdiluted": 3.65, "weightedAverageShsOut": 969000000, "weightedAverageShsOutDil": 991000000, "link": "https://www.sec.gov/Archives/edgar/data/731766/000073176618000005/0000731766-18-000005-index.htm", "finalLink": "https://www.sec.gov/Archives/edgar/data/731766/000073176618000005/unh2017123110-k.htm"}, {"date": "2017-09-30", "symbol": "UNH", "reportedCurrency": "USD", "cik": "0000731766", "fillingDate": "2017-11-07", "acceptedDate": "2017-11-07 16:13:45", "calendarYear": "2017", "period": "Q3", "revenue": 50322000000, "costOfRevenue": 38269000000, "grossProfit": 12053000000, "grossProfitRatio": 0.2395175073, "researchAndDevelopmentExpenses": 0, "generalAndAdministrativeExpenses": 0, "sellingAndMarketingExpenses": 0, "sellingGeneralAndAdministrativeExpenses": 0, "otherExpenses": 7965000000, "operatingExpenses": 7965000000, "costAndExpenses": 46234000000, "interestIncome": 0, "interestExpense": 294000000, "depreciationAndAmortization": 578000000, "ebitda": 4666000000, "ebitdaratio": 0.0927228648, "operatingIncome": 4088000000, "operatingIncomeRatio": 0.0812368348, "totalOtherIncomeExpensesNet": -294000000, "incomeBeforeTax": 3794000000, "incomeBeforeTaxRatio": 0.0753944597, "incomeTaxExpense": 1233000000, "netIncome": 2485000000, "netIncomeRatio": 0.04938198, "eps": 2.56, "epsdiluted": 2.51, "weightedAverageShsOut": 969000000, "weightedAverageShsOutDil": 989000000, "link": "https://www.sec.gov/Archives/edgar/data/731766/000073176617000045/0000731766-17-000045-index.htm", "finalLink": "https://www.sec.gov/Archives/edgar/data/731766/000073176617000045/unh930201710-q.htm"}, {"date": "2017-06-30", "symbol": "UNH", "reportedCurrency": "USD", "cik": "0000731766", "fillingDate": "2017-08-04", "acceptedDate": "2017-08-04 16:54:46", "calendarYear": "2017", "period": "Q2", "revenue": 50053000000, "costOfRevenue": 38438000000, "grossProfit": 11615000000, "grossProfitRatio": 0.2320540227, "researchAndDevelopmentExpenses": 0, "generalAndAdministrativeExpenses": 0, "sellingAndMarketingExpenses": 0, "sellingGeneralAndAdministrativeExpenses": 0, "otherExpenses": 7884000000, "operatingExpenses": 7884000000, "costAndExpenses": 46322000000, "interestIncome": 0, "interestExpense": 301000000, "depreciationAndAmortization": 556000000, "ebitda": 4287000000, "ebitdaratio": 0.0856492118, "operatingIncome": 3731000000, "operatingIncomeRatio": 0.0745409866, "totalOtherIncomeExpensesNet": -301000000, "incomeBeforeTax": 3430000000, "incomeBeforeTaxRatio": 0.068527361, "incomeTaxExpense": 1080000000, "netIncome": 2284000000, "netIncomeRatio": 0.0456316305, "eps": 2.37, "epsdiluted": 2.32, "weightedAverageShsOut": 965000000, "weightedAverageShsOutDil": 985000000, "link": "https://www.sec.gov/Archives/edgar/data/731766/000073176617000028/0000731766-17-000028-index.htm", "finalLink": "https://www.sec.gov/Archives/edgar/data/731766/000073176617000028/unh630201710-q.htm"}, {"date": "2017-03-31", "symbol": "UNH", "reportedCurrency": "USD", "cik": "0000731766", "fillingDate": "2017-05-08", "acceptedDate": "2017-05-08 16:46:48", "calendarYear": "2017", "period": "Q1", "revenue": 48723000000, "costOfRevenue": 37755000000, "grossProfit": 10968000000, "grossProfitRatio": 0.2251092913, "researchAndDevelopmentExpenses": 0, "generalAndAdministrativeExpenses": 0, "sellingAndMarketingExpenses": 0, "sellingGeneralAndAdministrativeExpenses": 0, "otherExpenses": 7555000000, "operatingExpenses": 7555000000, "costAndExpenses": 45310000000, "interestIncome": 0, "interestExpense": 283000000, "depreciationAndAmortization": 533000000, "ebitda": 3946000000, "ebitdaratio": 0.0809884449, "operatingIncome": 3413000000, "operatingIncomeRatio": 0.0700490528, "totalOtherIncomeExpensesNet": -283000000, "incomeBeforeTax": 3130000000, "incomeBeforeTaxRatio": 0.0642407077, "incomeTaxExpense": 939000000, "netIncome": 2172000000, "netIncomeRatio": 0.0445785358, "eps": 2.28, "epsdiluted": 2.23, "weightedAverageShsOut": 965000000, "weightedAverageShsOutDil": 975000000, "link": "https://www.sec.gov/Archives/edgar/data/731766/000073176617000016/0000731766-17-000016-index.htm", "finalLink": "https://www.sec.gov/Archives/edgar/data/731766/000073176617000016/unh331201710-q.htm"}, {"date": "2016-12-31", "symbol": "UNH", "reportedCurrency": "USD", "cik": "0000731766", "fillingDate": "2017-02-08", "acceptedDate": "2017-02-08 16:22:01", "calendarYear": "2016", "period": "Q4", "revenue": 47535000000, "costOfRevenue": 36004000000, "grossProfit": 11531000000, "grossProfitRatio": 0.2425791522, "researchAndDevelopmentExpenses": 0, "generalAndAdministrativeExpenses": 0, "sellingAndMarketingExpenses": 0, "sellingGeneralAndAdministrativeExpenses": 0, "otherExpenses": 8344000000, "operatingExpenses": 8344000000, "costAndExpenses": 44348000000, "interestIncome": 0, "interestExpense": 268000000, "depreciationAndAmortization": 527000000, "ebitda": 3714000000, "ebitdaratio": 0.0781319028, "operatingIncome": 3187000000, "operatingIncomeRatio": 0.067045335, "totalOtherIncomeExpensesNet": -268000000, "incomeBeforeTax": 2919000000, "incomeBeforeTaxRatio": 0.061407384, "incomeTaxExpense": 1211000000, "netIncome": 1684000000, "netIncomeRatio": 0.0354265278, "eps": 1.77, "epsdiluted": 1.74, "weightedAverageShsOut": 952000000, "weightedAverageShsOutDil": 970000000, "link": "https://www.sec.gov/Archives/edgar/data/731766/000073176617000009/0000731766-17-000009-index.htm", "finalLink": "https://www.sec.gov/Archives/edgar/data/731766/000073176617000009/unh2016123110-k.htm"}, {"date": "2016-09-30", "symbol": "UNH", "reportedCurrency": "USD", "cik": "0000731766", "fillingDate": "2016-11-08", "acceptedDate": "2016-11-08 16:38:28", "calendarYear": "2016", "period": "Q3", "revenue": 46293000000, "costOfRevenue": 35165000000, "grossProfit": 11128000000, "grossProfitRatio": 0.2403819152, "researchAndDevelopmentExpenses": 0, "generalAndAdministrativeExpenses": 0, "sellingAndMarketingExpenses": 0, "sellingGeneralAndAdministrativeExpenses": 0, "otherExpenses": 7548000000, "operatingExpenses": 7548000000, "costAndExpenses": 42713000000, "interestIncome": 0, "interestExpense": 269000000, "depreciationAndAmortization": 515000000, "ebitda": 4095000000, "ebitdaratio": 0.0884582982, "operatingIncome": 3580000000, "operatingIncomeRatio": 0.0773335061, "totalOtherIncomeExpensesNet": -269000000, "incomeBeforeTax": 3311000000, "incomeBeforeTaxRatio": 0.0715226924, "incomeTaxExpense": 1333000000, "netIncome": 1968000000, "netIncomeRatio": 0.0425118268, "eps": 2.07, "epsdiluted": 2.03, "weightedAverageShsOut": 952000000, "weightedAverageShsOutDil": 969000000, "link": "https://www.sec.gov/Archives/edgar/data/731766/000073176616000088/0000731766-16-000088-index.htm", "finalLink": "https://www.sec.gov/Archives/edgar/data/731766/000073176616000088/unh930201610-q.htm"}, {"date": "2016-06-30", "symbol": "UNH", "reportedCurrency": "USD", "cik": "0000731766", "fillingDate": "2016-08-02", "acceptedDate": "2016-08-02 16:37:24", "calendarYear": "2016", "period": "Q2", "revenue": 46485000000, "costOfRevenue": 35978000000, "grossProfit": 10507000000, "grossProfitRatio": 0.2260299021, "researchAndDevelopmentExpenses": 0, "generalAndAdministrativeExpenses": 0, "sellingAndMarketingExpenses": 0, "sellingGeneralAndAdministrativeExpenses": 0, "otherExpenses": 7304000000, "operatingExpenses": 7304000000, "costAndExpenses": 43282000000, "interestIncome": 0, "interestExpense": 271000000, "depreciationAndAmortization": 511000000, "ebitda": 3714000000, "ebitdaratio": 0.0798967409, "operatingIncome": 3203000000, "operatingIncomeRatio": 0.0689039475, "totalOtherIncomeExpensesNet": -271000000, "incomeBeforeTax": 2932000000, "incomeBeforeTaxRatio": 0.0630741099, "incomeTaxExpense": 1172000000, "netIncome": 1754000000, "netIncomeRatio": 0.0377326019, "eps": 1.84, "epsdiluted": 1.81, "weightedAverageShsOut": 951000000, "weightedAverageShsOutDil": 967000000, "link": "https://www.sec.gov/Archives/edgar/data/731766/000073176616000081/0000731766-16-000081-index.htm", "finalLink": "https://www.sec.gov/Archives/edgar/data/731766/000073176616000081/unh201663010-q.htm"}, {"date": "2016-03-31", "symbol": "UNH", "reportedCurrency": "USD", "cik": "0000731766", "fillingDate": "2016-05-04", "acceptedDate": "2016-05-04 17:27:59", "calendarYear": "2016", "period": "Q1", "revenue": 44527000000, "costOfRevenue": 34307000000, "grossProfit": 10220000000, "grossProfitRatio": 0.2295236598, "researchAndDevelopmentExpenses": 0, "generalAndAdministrativeExpenses": 0, "sellingAndMarketingExpenses": 0, "sellingGeneralAndAdministrativeExpenses": 0, "otherExpenses": 7260000000, "operatingExpenses": 7260000000, "costAndExpenses": 41567000000, "interestIncome": 0, "interestExpense": 259000000, "depreciationAndAmortization": 502000000, "ebitda": 3462000000, "ebitdaratio": 0.0777505783, "operatingIncome": 2960000000, "operatingIncomeRatio": 0.0664765199, "totalOtherIncomeExpensesNet": -259000000, "incomeBeforeTax": 2701000000, "incomeBeforeTaxRatio": 0.0606598244, "incomeTaxExpense": 1074000000, "netIncome": 1611000000, "netIncomeRatio": 0.0361802951, "eps": 1.69, "epsdiluted": 1.67, "weightedAverageShsOut": 954000000, "weightedAverageShsOutDil": 967000000, "link": "https://www.sec.gov/Archives/edgar/data/731766/000073176616000068/0000731766-16-000068-index.htm", "finalLink": "https://www.sec.gov/Archives/edgar/data/731766/000073176616000068/unh201633110-q.htm"}, {"date": "2015-12-31", "symbol": "UNH", "reportedCurrency": "USD", "cik": "0000731766", "fillingDate": "2016-02-09", "acceptedDate": "2016-02-09 16:12:06", "calendarYear": "2015", "period": "Q4", "revenue": 43599000000, "costOfRevenue": 34437000000, "grossProfit": 9162000000, "grossProfitRatio": 0.2101424345, "researchAndDevelopmentExpenses": 0, "generalAndAdministrativeExpenses": 0, "sellingAndMarketingExpenses": 0, "sellingGeneralAndAdministrativeExpenses": 0, "otherExpenses": 6694000000, "operatingExpenses": 6694000000, "costAndExpenses": 41131000000, "interestIncome": 0, "interestExpense": 260000000, "depreciationAndAmortization": 484000000, "ebitda": 2952000000, "ebitdaratio": 0.067707975, "operatingIncome": 2468000000, "operatingIncomeRatio": 0.0566068029, "totalOtherIncomeExpensesNet": -260000000, "incomeBeforeTax": 2208000000, "incomeBeforeTaxRatio": 0.0506433634, "incomeTaxExpense": 956000000, "netIncome": 1218000000, "netIncomeRatio": 0.0279364206, "eps": 1.28, "epsdiluted": 1.26, "weightedAverageShsOut": 953000000, "weightedAverageShsOutDil": 967000000, "link": "https://www.sec.gov/Archives/edgar/data/731766/000073176616000058/0000731766-16-000058-index.htm", "finalLink": "https://www.sec.gov/Archives/edgar/data/731766/000073176616000058/unh2015123110-k.htm"}, {"date": "2015-09-30", "symbol": "UNH", "reportedCurrency": "USD", "cik": "0000731766", "fillingDate": "2015-11-05", "acceptedDate": "2015-11-05 16:05:14", "calendarYear": "2015", "period": "Q3", "revenue": 41489000000, "costOfRevenue": 31841000000, "grossProfit": 9648000000, "grossProfitRatio": 0.2325435658, "researchAndDevelopmentExpenses": 0, "generalAndAdministrativeExpenses": 0, "sellingAndMarketingExpenses": 0, "sellingGeneralAndAdministrativeExpenses": 0, "otherExpenses": 6630000000, "operatingExpenses": 6630000000, "costAndExpenses": 38471000000, "interestIncome": 0, "interestExpense": 229000000, "depreciationAndAmortization": 452000000, "ebitda": 3470000000, "ebitdaratio": 0.0836366266, "operatingIncome": 3018000000, "operatingIncomeRatio": 0.0727421726, "totalOtherIncomeExpensesNet": -229000000, "incomeBeforeTax": 2789000000, "incomeBeforeTaxRatio": 0.0672226373, "incomeTaxExpense": 1171000000, "netIncome": 1597000000, "netIncomeRatio": 0.0384921304, "eps": 1.68, "epsdiluted": 1.65, "weightedAverageShsOut": 953000000, "weightedAverageShsOutDil": 967000000, "link": "https://www.sec.gov/Archives/edgar/data/731766/000073176615000049/0000731766-15-000049-index.htm", "finalLink": "https://www.sec.gov/Archives/edgar/data/731766/000073176615000049/unh201593010-q.htm"}, {"date": "2015-06-30", "symbol": "UNH", "reportedCurrency": "USD", "cik": "0000731766", "fillingDate": "2015-07-29", "acceptedDate": "2015-07-29 17:25:52", "calendarYear": "2015", "period": "Q2", "revenue": 36263000000, "costOfRevenue": 27251000000, "grossProfit": 9012000000, "grossProfitRatio": 0.2485177729, "researchAndDevelopmentExpenses": 0, "generalAndAdministrativeExpenses": 0, "sellingAndMarketingExpenses": 0, "sellingGeneralAndAdministrativeExpenses": 0, "otherExpenses": 6117000000, "operatingExpenses": 6117000000, "costAndExpenses": 33368000000, "interestIncome": 0, "interestExpense": 151000000, "depreciationAndAmortization": 379000000, "ebitda": 3274000000, "ebitdaratio": 0.0902848634, "operatingIncome": 2895000000, "operatingIncomeRatio": 0.079833439, "totalOtherIncomeExpensesNet": -151000000, "incomeBeforeTax": 2744000000, "incomeBeforeTaxRatio": 0.0756694151, "incomeTaxExpense": 1159000000, "netIncome": 1585000000, "netIncomeRatio": 0.0437084632, "eps": 1.66, "epsdiluted": 1.64, "weightedAverageShsOut": 952000000, "weightedAverageShsOutDil": 966000000, "link": "https://www.sec.gov/Archives/edgar/data/731766/000073176615000037/0000731766-15-000037-index.htm", "finalLink": "https://www.sec.gov/Archives/edgar/data/731766/000073176615000037/unh201563010-q.htm"}, {"date": "2015-03-31", "symbol": "UNH", "reportedCurrency": "USD", "cik": "0000731766", "fillingDate": "2015-05-06", "acceptedDate": "2015-05-06 17:25:37", "calendarYear": "2015", "period": "Q1", "revenue": 35756000000, "costOfRevenue": 26904000000, "grossProfit": 8852000000, "grossProfitRatio": 0.2475668419, "researchAndDevelopmentExpenses": 0, "generalAndAdministrativeExpenses": 0, "sellingAndMarketingExpenses": 0, "sellingGeneralAndAdministrativeExpenses": 0, "otherExpenses": 6212000000, "operatingExpenses": 6212000000, "costAndExpenses": 33116000000, "interestIncome": 0, "interestExpense": 150000000, "depreciationAndAmortization": 378000000, "ebitda": 3018000000, "ebitdaratio": 0.0844054145, "operatingIncome": 2640000000, "operatingIncomeRatio": 0.0738337622, "totalOtherIncomeExpensesNet": -150000000, "incomeBeforeTax": 2490000000, "incomeBeforeTaxRatio": 0.069638662, "incomeTaxExpense": 1077000000, "netIncome": 1413000000, "netIncomeRatio": 0.0395178432, "eps": 1.48, "epsdiluted": 1.46, "weightedAverageShsOut": 952000000, "weightedAverageShsOutDil": 969000000, "link": "https://www.sec.gov/Archives/edgar/data/731766/000073176615000016/0000731766-15-000016-index.htm", "finalLink": "https://www.sec.gov/Archives/edgar/data/731766/000073176615000016/unh201533110-q.htm"}, {"date": "2014-12-31", "symbol": "UNH", "reportedCurrency": "USD", "cik": "0000731766", "fillingDate": "2015-02-10", "acceptedDate": "2015-02-10 16:45:11", "calendarYear": "2014", "period": "Q4", "revenue": 33433000000, "costOfRevenue": 24442000000, "grossProfit": 8991000000, "grossProfitRatio": 0.2689259115, "researchAndDevelopmentExpenses": 0, "generalAndAdministrativeExpenses": 0, "sellingAndMarketingExpenses": 0, "sellingGeneralAndAdministrativeExpenses": 0, "otherExpenses": 6226000000, "operatingExpenses": 6226000000, "costAndExpenses": 30668000000, "interestIncome": 0, "interestExpense": 151000000, "depreciationAndAmortization": 381000000, "ebitda": 3146000000, "ebitdaratio": 0.0940986451, "operatingIncome": 2765000000, "operatingIncomeRatio": 0.0827027189, "totalOtherIncomeExpensesNet": -151000000, "incomeBeforeTax": 2614000000, "incomeBeforeTaxRatio": 0.0781862232, "incomeTaxExpense": 1104000000, "netIncome": 1510000000, "netIncomeRatio": 0.0451649568, "eps": 1.58, "epsdiluted": 1.55, "weightedAverageShsOut": 954000000, "weightedAverageShsOutDil": 973000000, "link": "https://www.sec.gov/Archives/edgar/data/731766/000073176615000007/0000731766-15-000007-index.htm", "finalLink": "https://www.sec.gov/Archives/edgar/data/731766/000073176615000007/unh2014123110-k.htm"}, {"date": "2014-09-30", "symbol": "UNH", "reportedCurrency": "USD", "cik": "0000731766", "fillingDate": "2014-11-10", "acceptedDate": "2014-11-10 12:26:44", "calendarYear": "2014", "period": "Q3", "revenue": 32759000000, "costOfRevenue": 24047000000, "grossProfit": 8712000000, "grossProfitRatio": 0.2659421838, "researchAndDevelopmentExpenses": 0, "generalAndAdministrativeExpenses": 0, "sellingAndMarketingExpenses": 0, "sellingGeneralAndAdministrativeExpenses": 0, "otherExpenses": 5809000000, "operatingExpenses": 5809000000, "costAndExpenses": 29856000000, "interestIncome": 0, "interestExpense": 152000000, "depreciationAndAmortization": 373000000, "ebitda": 3276000000, "ebitdaratio": 0.1000030526, "operatingIncome": 2903000000, "operatingIncomeRatio": 0.0886168686, "totalOtherIncomeExpensesNet": -152000000, "incomeBeforeTax": 2751000000, "incomeBeforeTaxRatio": 0.0839769224, "incomeTaxExpense": 1149000000, "netIncome": 1602000000, "netIncomeRatio": 0.0489025917, "eps": 1.67, "epsdiluted": 1.63, "weightedAverageShsOut": 962000000, "weightedAverageShsOutDil": 982000000, "link": "https://www.sec.gov/Archives/edgar/data/731766/000073176614000051/0000731766-14-000051-index.htm", "finalLink": "https://www.sec.gov/Archives/edgar/data/731766/000073176614000051/unh201493010-q.htm"}, {"date": "2014-06-30", "symbol": "UNH", "reportedCurrency": "USD", "cik": "0000731766", "fillingDate": "2014-08-04", "acceptedDate": "2014-08-04 16:04:27", "calendarYear": "2014", "period": "Q2", "revenue": 32574000000, "costOfRevenue": 24452000000, "grossProfit": 8122000000, "grossProfitRatio": 0.2493399644, "researchAndDevelopmentExpenses": 0, "generalAndAdministrativeExpenses": 0, "sellingAndMarketingExpenses": 0, "sellingGeneralAndAdministrativeExpenses": 0, "otherExpenses": 5570000000, "operatingExpenses": 5570000000, "costAndExpenses": 30022000000, "interestIncome": 0, "interestExpense": 155000000, "depreciationAndAmortization": 364000000, "ebitda": 2916000000, "ebitdaratio": 0.0895192485, "operatingIncome": 2552000000, "operatingIncomeRatio": 0.0783446921, "totalOtherIncomeExpensesNet": -155000000, "incomeBeforeTax": 2397000000, "incomeBeforeTaxRatio": 0.0735862958, "incomeTaxExpense": 989000000, "netIncome": 1408000000, "netIncomeRatio": 0.0432246577, "eps": 1.45, "epsdiluted": 1.42, "weightedAverageShsOut": 973000000, "weightedAverageShsOutDil": 991000000, "link": "https://www.sec.gov/Archives/edgar/data/731766/000073176614000042/0000731766-14-000042-index.htm", "finalLink": "https://www.sec.gov/Archives/edgar/data/731766/000073176614000042/unh201463010-q.htm"}, {"date": "2014-03-31", "symbol": "UNH", "reportedCurrency": "USD", "cik": "0000731766", "fillingDate": "2014-05-06", "acceptedDate": "2014-05-06 16:40:54", "calendarYear": "2014", "period": "Q1", "revenue": 31708000000, "costOfRevenue": 24100000000, "grossProfit": 7608000000, "grossProfitRatio": 0.2399394475, "researchAndDevelopmentExpenses": 0, "generalAndAdministrativeExpenses": 0, "sellingAndMarketingExpenses": 0, "sellingGeneralAndAdministrativeExpenses": 0, "otherExpenses": 5554000000, "operatingExpenses": 5554000000, "costAndExpenses": 29654000000, "interestIncome": 0, "interestExpense": 160000000, "depreciationAndAmortization": 360000000, "ebitda": 2414000000, "ebitdaratio": 0.0761322064, "operatingIncome": 2054000000, "operatingIncomeRatio": 0.0647786048, "totalOtherIncomeExpensesNet": -160000000, "incomeBeforeTax": 1894000000, "incomeBeforeTaxRatio": 0.0597325596, "incomeTaxExpense": 795000000, "netIncome": 1099000000, "netIncomeRatio": 0.0346600227, "eps": 1.12, "epsdiluted": 1.1, "weightedAverageShsOut": 984000000, "weightedAverageShsOutDil": 996000000, "link": "https://www.sec.gov/Archives/edgar/data/731766/000073176614000025/0000731766-14-000025-index.htm", "finalLink": "https://www.sec.gov/Archives/edgar/data/731766/000073176614000025/unh201433110-q.htm"}, {"date": "2013-12-31", "symbol": "UNH", "reportedCurrency": "USD", "cik": "0000731766", "fillingDate": "2014-02-12", "acceptedDate": "2014-02-12 16:32:19", "calendarYear": "2013", "period": "Q4", "revenue": 31117000000, "costOfRevenue": 23261000000, "grossProfit": 7856000000, "grossProfitRatio": 0.2524664974, "researchAndDevelopmentExpenses": 0, "generalAndAdministrativeExpenses": 0, "sellingAndMarketingExpenses": 0, "sellingGeneralAndAdministrativeExpenses": 0, "otherExpenses": 5404000000, "operatingExpenses": 5404000000, "costAndExpenses": 28665000000, "interestIncome": 0, "interestExpense": 176000000, "depreciationAndAmortization": 350000000, "ebitda": 2802000000, "ebitdaratio": 0.0900472411, "operatingIncome": 2452000000, "operatingIncomeRatio": 0.0787993701, "totalOtherIncomeExpensesNet": -176000000, "incomeBeforeTax": 2276000000, "incomeBeforeTaxRatio": 0.0731432979, "incomeTaxExpense": 849000000, "netIncome": 1427000000, "netIncomeRatio": 0.0458591767, "eps": 1.44, "epsdiluted": 1.41, "weightedAverageShsOut": 988000000, "weightedAverageShsOutDil": 1014000000, "link": "https://www.sec.gov/Archives/edgar/data/731766/000073176614000008/0000731766-14-000008-index.htm", "finalLink": "https://www.sec.gov/Archives/edgar/data/731766/000073176614000008/unh2013123110-k.htm"}, {"date": "2013-09-30", "symbol": "UNH", "reportedCurrency": "USD", "cik": "0000731766", "fillingDate": "2013-11-07", "acceptedDate": "2013-11-07 16:03:34", "calendarYear": "2013", "period": "Q3", "revenue": 30624000000, "costOfRevenue": 22775000000, "grossProfit": 7849000000, "grossProfitRatio": 0.2563022466, "researchAndDevelopmentExpenses": 0, "generalAndAdministrativeExpenses": 0, "sellingAndMarketingExpenses": 0, "sellingGeneralAndAdministrativeExpenses": 0, "otherExpenses": 5218000000, "operatingExpenses": 5218000000, "costAndExpenses": 27993000000, "interestIncome": 0, "interestExpense": 178000000, "depreciationAndAmortization": 349000000, "ebitda": 2980000000, "ebitdaratio": 0.0973092999, "operatingIncome": 2631000000, "operatingIncomeRatio": 0.0859130094, "totalOtherIncomeExpensesNet": -178000000, "incomeBeforeTax": 2453000000, "incomeBeforeTaxRatio": 0.0801005747, "incomeTaxExpense": 883000000, "netIncome": 1570000000, "netIncomeRatio": 0.0512669801, "eps": 1.57, "epsdiluted": 1.53, "weightedAverageShsOut": 998000000, "weightedAverageShsOutDil": 1024000000, "link": "https://www.sec.gov/Archives/edgar/data/731766/000073176613000034/0000731766-13-000034-index.htm", "finalLink": "https://www.sec.gov/Archives/edgar/data/731766/000073176613000034/unh201393010-q.htm"}, {"date": "2013-06-30", "symbol": "UNH", "reportedCurrency": "USD", "cik": "0000731766", "fillingDate": "2013-08-05", "acceptedDate": "2013-08-05 16:09:40", "calendarYear": "2013", "period": "Q2", "revenue": 30408000000, "costOfRevenue": 22842000000, "grossProfit": 7566000000, "grossProfitRatio": 0.248816101, "researchAndDevelopmentExpenses": 0, "generalAndAdministrativeExpenses": 0, "sellingAndMarketingExpenses": 0, "sellingGeneralAndAdministrativeExpenses": 0, "otherExpenses": 5165000000, "operatingExpenses": 5165000000, "costAndExpenses": 28007000000, "interestIncome": 0, "interestExpense": 176000000, "depreciationAndAmortization": 340000000, "ebitda": 2741000000, "ebitdaratio": 0.0901407524, "operatingIncome": 2401000000, "operatingIncomeRatio": 0.0789594843, "totalOtherIncomeExpensesNet": -176000000, "incomeBeforeTax": 2225000000, "incomeBeforeTaxRatio": 0.0731715338, "incomeTaxExpense": 789000000, "netIncome": 1436000000, "netIncomeRatio": 0.0472244146, "eps": 1.43, "epsdiluted": 1.4, "weightedAverageShsOut": 1006000000, "weightedAverageShsOutDil": 1026000000, "link": "https://www.sec.gov/Archives/edgar/data/731766/000073176613000026/0000731766-13-000026-index.htm", "finalLink": "https://www.sec.gov/Archives/edgar/data/731766/000073176613000026/unh201363010-q.htm"}, {"date": "2013-03-31", "symbol": "UNH", "reportedCurrency": "USD", "cik": "0000731766", "fillingDate": "2013-05-06", "acceptedDate": "2013-05-06 16:47:57", "calendarYear": "2013", "period": "Q1", "revenue": 30340000000, "costOfRevenue": 23251000000, "grossProfit": 7089000000, "grossProfitRatio": 0.2336519446, "researchAndDevelopmentExpenses": 0, "generalAndAdministrativeExpenses": 0, "sellingAndMarketingExpenses": 0, "sellingGeneralAndAdministrativeExpenses": 0, "otherExpenses": 4950000000, "operatingExpenses": 4950000000, "costAndExpenses": 28201000000, "interestIncome": 0, "interestExpense": 178000000, "depreciationAndAmortization": 336000000, "ebitda": 2475000000, "ebitdaratio": 0.0815754779, "operatingIncome": 2139000000, "operatingIncomeRatio": 0.0705009888, "totalOtherIncomeExpensesNet": -178000000, "incomeBeforeTax": 1961000000, "incomeBeforeTaxRatio": 0.0646341463, "incomeTaxExpense": 721000000, "netIncome": 1192000000, "netIncomeRatio": 0.0392880686, "eps": 1.18, "epsdiluted": 1.16, "weightedAverageShsOut": 1013000000, "weightedAverageShsOutDil": 1029000000, "link": "https://www.sec.gov/Archives/edgar/data/731766/000073176613000014/0000731766-13-000014-index.htm", "finalLink": "https://www.sec.gov/Archives/edgar/data/731766/000073176613000014/unh201333110-q.htm"}, {"date": "2012-12-31", "symbol": "UNH", "reportedCurrency": "USD", "cik": "0000731766", "fillingDate": "2013-02-07", "acceptedDate": "2013-02-06 18:00:09", "calendarYear": "2012", "period": "Q4", "revenue": 28769000000, "costOfRevenue": 21445000000, "grossProfit": 7324000000, "grossProfitRatio": 0.2545795822, "researchAndDevelopmentExpenses": 0, "generalAndAdministrativeExpenses": 0, "sellingAndMarketingExpenses": 0, "sellingGeneralAndAdministrativeExpenses": 0, "otherExpenses": 5223000000, "operatingExpenses": 5223000000, "costAndExpenses": 26668000000, "interestIncome": 0, "interestExpense": 173000000, "depreciationAndAmortization": 370000000, "ebitda": 2471000000, "ebitdaratio": 0.0858910633, "operatingIncome": 2101000000, "operatingIncomeRatio": 0.0730299976, "totalOtherIncomeExpensesNet": -173000000, "incomeBeforeTax": 1928000000, "incomeBeforeTaxRatio": 0.0670165803, "incomeTaxExpense": 684000000, "netIncome": 1244000000, "netIncomeRatio": 0.0432409886, "eps": 1.22, "epsdiluted": 1.2, "weightedAverageShsOut": 1019000000, "weightedAverageShsOutDil": 1037000000, "link": "https://www.sec.gov/Archives/edgar/data/731766/000073176613000005/0000731766-13-000005-index.htm", "finalLink": "https://www.sec.gov/Archives/edgar/data/731766/000073176613000005/unh2012123110-k.htm"}, {"date": "2012-09-30", "symbol": "UNH", "reportedCurrency": "USD", "cik": "0000731766", "fillingDate": "2012-10-30", "acceptedDate": "2012-10-30 16:11:40", "calendarYear": "2012", "period": "Q3", "revenue": 27302000000, "costOfRevenue": 20098000000, "grossProfit": 7204000000, "grossProfitRatio": 0.2638634532, "researchAndDevelopmentExpenses": 0, "generalAndAdministrativeExpenses": 0, "sellingAndMarketingExpenses": 0, "sellingGeneralAndAdministrativeExpenses": 4277000000, "otherExpenses": 317000000, "operatingExpenses": 4594000000, "costAndExpenses": 24692000000, "interestIncome": 0, "interestExpense": 158000000, "depreciationAndAmortization": 317000000, "ebitda": 2927000000, "ebitdaratio": 0.1072082631, "operatingIncome": 2610000000, "operatingIncomeRatio": 0.0955973921, "totalOtherIncomeExpensesNet": -158000000, "incomeBeforeTax": 2452000000, "incomeBeforeTaxRatio": 0.0898102703, "incomeTaxExpense": 895000000, "netIncome": 1557000000, "netIncomeRatio": 0.0570287891, "eps": 1.54, "epsdiluted": 1.5, "weightedAverageShsOut": 1012000000, "weightedAverageShsOutDil": 1039000000, "link": "https://www.sec.gov/Archives/edgar/data/731766/000073176612000038/0000731766-12-000038-index.htm", "finalLink": "https://www.sec.gov/Archives/edgar/data/731766/000073176612000038/unh201293010q.htm"}, {"date": "2012-06-30", "symbol": "UNH", "reportedCurrency": "USD", "cik": "0000731766", "fillingDate": "2012-08-07", "acceptedDate": "2012-08-07 16:05:06", "calendarYear": "2012", "period": "Q2", "revenue": 27265000000, "costOfRevenue": 20633000000, "grossProfit": 6632000000, "grossProfitRatio": 0.243242252, "researchAndDevelopmentExpenses": 0, "generalAndAdministrativeExpenses": 0, "sellingAndMarketingExpenses": 0, "sellingGeneralAndAdministrativeExpenses": 4080000000, "otherExpenses": 326000000, "operatingExpenses": 4406000000, "costAndExpenses": 25039000000, "interestIncome": 0, "interestExpense": 153000000, "depreciationAndAmortization": 326000000, "ebitda": 2552000000, "ebitdaratio": 0.0935998533, "operatingIncome": 2226000000, "operatingIncomeRatio": 0.0816431322, "totalOtherIncomeExpensesNet": -153000000, "incomeBeforeTax": 2073000000, "incomeBeforeTaxRatio": 0.0760315423, "incomeTaxExpense": 736000000, "netIncome": 1337000000, "netIncomeRatio": 0.0490372272, "eps": 1.31, "epsdiluted": 1.27, "weightedAverageShsOut": 1024000000, "weightedAverageShsOutDil": 1049000000, "link": "https://www.sec.gov/Archives/edgar/data/731766/000073176612000028/0000731766-12-000028-index.htm", "finalLink": "https://www.sec.gov/Archives/edgar/data/731766/000073176612000028/unh201263010q.htm"}, {"date": "2012-03-31", "symbol": "UNH", "reportedCurrency": "USD", "cik": "0000731766", "fillingDate": "2012-05-03", "acceptedDate": "2012-05-03 16:23:59", "calendarYear": "2012", "period": "Q1", "revenue": 27282000000, "costOfRevenue": 20573000000, "grossProfit": 6709000000, "grossProfitRatio": 0.2459130562, "researchAndDevelopmentExpenses": 0, "generalAndAdministrativeExpenses": 0, "sellingAndMarketingExpenses": 0, "sellingGeneralAndAdministrativeExpenses": 4096000000, "otherExpenses": 296000000, "operatingExpenses": 4392000000, "costAndExpenses": 24965000000, "interestIncome": 0, "interestExpense": 148000000, "depreciationAndAmortization": 296000000, "ebitda": 2613000000, "ebitdaratio": 0.0957774357, "operatingIncome": 2317000000, "operatingIncomeRatio": 0.0849277912, "totalOtherIncomeExpensesNet": -148000000, "incomeBeforeTax": 2169000000, "incomeBeforeTaxRatio": 0.079502969, "incomeTaxExpense": 781000000, "netIncome": 1388000000, "netIncomeRatio": 0.0508760355, "eps": 1.34, "epsdiluted": 1.31, "weightedAverageShsOut": 1033000000, "weightedAverageShsOutDil": 1060000000, "link": "https://www.sec.gov/Archives/edgar/data/731766/000073176612000015/0000731766-12-000015-index.htm", "finalLink": "https://www.sec.gov/Archives/edgar/data/731766/000073176612000015/unh201233110q.htm"}, {"date": "2011-12-31", "symbol": "UNH", "reportedCurrency": "USD", "cik": "0000731766", "fillingDate": "2012-02-09", "acceptedDate": "2012-02-08 19:46:55", "calendarYear": "2011", "period": "Q4", "revenue": 25774000000, "costOfRevenue": 19244000000, "grossProfit": 6530000000, "grossProfitRatio": 0.2533560953, "researchAndDevelopmentExpenses": 0, "generalAndAdministrativeExpenses": 0, "sellingAndMarketingExpenses": 0, "sellingGeneralAndAdministrativeExpenses": 4308000000, "otherExpenses": 290000000, "operatingExpenses": 4598000000, "costAndExpenses": 23700000000, "interestIncome": 0, "interestExpense": 139000000, "depreciationAndAmortization": 290000000, "ebitda": 2364000000, "ebitdaratio": 0.0917203383, "operatingIncome": 2074000000, "operatingIncomeRatio": 0.0804686894, "totalOtherIncomeExpensesNet": -139000000, "incomeBeforeTax": 1935000000, "incomeBeforeTaxRatio": 0.0750756576, "incomeTaxExpense": 677000000, "netIncome": 1258000000, "netIncomeRatio": 0.0488088772, "eps": 1.19, "epsdiluted": 1.17, "weightedAverageShsOut": 1058000000, "weightedAverageShsOutDil": 1075000000, "link": "https://www.sec.gov/Archives/edgar/data/731766/000073176612000009/0000731766-12-000009-index.htm", "finalLink": "https://www.sec.gov/Archives/edgar/data/731766/000073176612000009/unh2011123110k.htm"}, {"date": "2011-09-30", "symbol": "UNH", "reportedCurrency": "USD", "cik": "0000731766", "fillingDate": "2011-11-04", "acceptedDate": "2011-11-04 17:05:48", "calendarYear": "2011", "period": "Q3", "revenue": 25280000000, "costOfRevenue": 19017000000, "grossProfit": 6093000000, "grossProfitRatio": 0.2410205696, "researchAndDevelopmentExpenses": 0, "generalAndAdministrativeExpenses": 0, "sellingAndMarketingExpenses": 0, "sellingGeneralAndAdministrativeExpenses": 3899000000, "otherExpenses": 294000000, "operatingExpenses": 4193000000, "costAndExpenses": 23210000000, "interestIncome": 0, "interestExpense": 129000000, "depreciationAndAmortization": 294000000, "ebitda": 2364000000, "ebitdaratio": 0.0935126582, "operatingIncome": 2070000000, "operatingIncomeRatio": 0.0818829114, "totalOtherIncomeExpensesNet": -129000000, "incomeBeforeTax": 1941000000, "incomeBeforeTaxRatio": 0.0767800633, "incomeTaxExpense": 670000000, "netIncome": 1271000000, "netIncomeRatio": 0.0502768987, "eps": 1.21, "epsdiluted": 1.17, "weightedAverageShsOut": 1054000000, "weightedAverageShsOutDil": 1083000000, "link": "https://www.sec.gov/Archives/edgar/data/731766/000073176611000012/0000731766-11-000012-index.htm", "finalLink": "https://www.sec.gov/Archives/edgar/data/731766/000073176611000012/unh201193010q.htm"}, {"date": "2011-06-30", "symbol": "UNH", "reportedCurrency": "USD", "cik": "0000731766", "fillingDate": "2011-08-02", "acceptedDate": "2011-08-02 16:20:15", "calendarYear": "2011", "period": "Q2", "revenue": 25234000000, "costOfRevenue": 19132000000, "grossProfit": 5942000000, "grossProfitRatio": 0.2354759452, "researchAndDevelopmentExpenses": 0, "generalAndAdministrativeExpenses": 0, "sellingAndMarketingExpenses": 0, "sellingGeneralAndAdministrativeExpenses": 3733000000, "otherExpenses": 270000000, "operatingExpenses": 4003000000, "costAndExpenses": 23135000000, "interestIncome": 0, "interestExpense": 119000000, "depreciationAndAmortization": 270000000, "ebitda": 2369000000, "ebitdaratio": 0.0938812713, "operatingIncome": 2099000000, "operatingIncomeRatio": 0.0831814219, "totalOtherIncomeExpensesNet": -119000000, "incomeBeforeTax": 1980000000, "incomeBeforeTaxRatio": 0.0784655623, "incomeTaxExpense": 713000000, "netIncome": 1267000000, "netIncomeRatio": 0.0502100341, "eps": 1.19, "epsdiluted": 1.16, "weightedAverageShsOut": 1069000000, "weightedAverageShsOutDil": 1094000000, "link": "https://www.sec.gov/Archives/edgar/data/731766/000119312511206372/0001193125-11-206372-index.htm", "finalLink": "https://www.sec.gov/Archives/edgar/data/731766/000119312511206372/d10q.htm"}, {"date": "2011-03-31", "symbol": "UNH", "reportedCurrency": "USD", "cik": "0000731766", "fillingDate": "2011-05-03", "acceptedDate": "2011-05-03 17:28:02", "calendarYear": "2011", "period": "Q1", "revenue": 25432000000, "costOfRevenue": 19324000000, "grossProfit": 5926000000, "grossProfitRatio": 0.2330135263, "researchAndDevelopmentExpenses": 0, "generalAndAdministrativeExpenses": 0, "sellingAndMarketingExpenses": 0, "sellingGeneralAndAdministrativeExpenses": 3617000000, "otherExpenses": 270000000, "operatingExpenses": 3887000000, "costAndExpenses": 23211000000, "interestIncome": 0, "interestExpense": 118000000, "depreciationAndAmortization": 270000000, "ebitda": 2491000000, "ebitdaratio": 0.0979474678, "operatingIncome": 2221000000, "operatingIncomeRatio": 0.0873309217, "totalOtherIncomeExpensesNet": -118000000, "incomeBeforeTax": 2103000000, "incomeBeforeTaxRatio": 0.0826910978, "incomeTaxExpense": 757000000, "netIncome": 1346000000, "netIncomeRatio": 0.0529254483, "eps": 1.25, "epsdiluted": 1.22, "weightedAverageShsOut": 1077000000, "weightedAverageShsOutDil": 1099000000, "link": "https://www.sec.gov/Archives/edgar/data/731766/000119312511124184/0001193125-11-124184-index.htm", "finalLink": "https://www.sec.gov/Archives/edgar/data/731766/000119312511124184/d10q.htm"}, {"date": "2010-12-31", "symbol": "UNH", "reportedCurrency": "USD", "cik": "0000731766", "fillingDate": "2011-02-10", "acceptedDate": "2011-02-10 16:04:42", "calendarYear": "2010", "period": "Q4", "revenue": 24030000000, "costOfRevenue": 7638000000, "grossProfit": 15783000000, "grossProfitRatio": 0.656803995, "researchAndDevelopmentExpenses": 0, "generalAndAdministrativeExpenses": 0, "sellingAndMarketingExpenses": 0, "sellingGeneralAndAdministrativeExpenses": 0, "otherExpenses": 14590000000, "operatingExpenses": 14590000000, "costAndExpenses": 22228000000, "interestIncome": 0, "interestExpense": 118000000, "depreciationAndAmortization": 320000000, "ebitda": 2122000000, "ebitdaratio": 0.0883062838, "operatingIncome": 1802000000, "operatingIncomeRatio": 0.0749895963, "totalOtherIncomeExpensesNet": -118000000, "incomeBeforeTax": 1684000000, "incomeBeforeTaxRatio": 0.0700790678, "incomeTaxExpense": 641000000, "netIncome": 1043000000, "netIncomeRatio": 0.0434040782, "eps": 0.96, "epsdiluted": 0.94, "weightedAverageShsOut": 1093000000, "weightedAverageShsOutDil": 1107000000, "link": "https://www.sec.gov/Archives/edgar/data/731766/000119312511030615/0001193125-11-030615-index.htm", "finalLink": "https://www.sec.gov/Archives/edgar/data/731766/000119312511030615/d10k.htm"}, {"date": "2010-09-30", "symbol": "UNH", "reportedCurrency": "USD", "cik": "0000731766", "fillingDate": "2010-11-03", "acceptedDate": "2010-11-03 16:08:09", "calendarYear": "2010", "period": "Q3", "revenue": 23668000000, "costOfRevenue": 17728000000, "grossProfit": 5804000000, "grossProfitRatio": 0.2452256211, "researchAndDevelopmentExpenses": 0, "generalAndAdministrativeExpenses": 0, "sellingAndMarketingExpenses": 0, "sellingGeneralAndAdministrativeExpenses": 3548000000, "otherExpenses": 247000000, "operatingExpenses": 3795000000, "costAndExpenses": 21523000000, "interestIncome": 0, "interestExpense": 119000000, "depreciationAndAmortization": 247000000, "ebitda": 2392000000, "ebitdaratio": 0.1010647287, "operatingIncome": 2145000000, "operatingIncomeRatio": 0.090628697, "totalOtherIncomeExpensesNet": -119000000, "incomeBeforeTax": 2026000000, "incomeBeforeTaxRatio": 0.0856008112, "incomeTaxExpense": 749000000, "netIncome": 1277000000, "netIncomeRatio": 0.0539547068, "eps": 1.16, "epsdiluted": 1.14, "weightedAverageShsOut": 1099000000, "weightedAverageShsOutDil": 1124000000, "link": "https://www.sec.gov/Archives/edgar/data/731766/000119312510246111/0001193125-10-246111-index.htm", "finalLink": "https://www.sec.gov/Archives/edgar/data/731766/000119312510246111/d10q.htm"}]