[{"date": "2025-06-30", "symbol": "RJF", "reportedCurrency": "USD", "cik": "0000720005", "fillingDate": "2025-07-23", "acceptedDate": "2025-07-23 16:16:16", "calendarYear": "2025", "period": "Q3", "revenue": 3842000000, "costOfRevenue": 56000000, "grossProfit": 3786000000, "grossProfitRatio": 0.9854242582, "researchAndDevelopmentExpenses": 0, "generalAndAdministrativeExpenses": 1775000000, "sellingAndMarketingExpenses": 0, "sellingGeneralAndAdministrativeExpenses": 1775000000, "otherExpenses": 0, "operatingExpenses": 1775000000, "costAndExpenses": 2835000000, "interestIncome": 990000000, "interestExpense": -444000000, "depreciationAndAmortization": 0, "ebitda": 1007000000, "ebitdaratio": 0.2621030713, "operatingIncome": 1007000000, "operatingIncomeRatio": 0.2621030713, "totalOtherIncomeExpensesNet": -444000000, "incomeBeforeTax": 563000000, "incomeBeforeTaxRatio": 0.1465382613, "incomeTaxExpense": 127000000, "netIncome": 436000000, "netIncomeRatio": 0.1134825612, "eps": 2.16, "epsdiluted": 2.12, "weightedAverageShsOut": 201200000, "weightedAverageShsOutDil": 205500000, "link": "https://www.sec.gov/Archives/edgar/data/720005/000072000525000067/0000720005-25-000067-index.htm", "finalLink": "https://www.sec.gov/Archives/edgar/data/720005/000072000525000067/rjf20250630q325earnings.htm"}, {"date": "2025-03-31", "symbol": "RJF", "reportedCurrency": "USD", "cik": "0000720005", "fillingDate": "2025-05-07", "acceptedDate": "2025-05-07 17:06:53", "calendarYear": "2025", "period": "Q2", "revenue": 3791000000, "costOfRevenue": 458000000, "grossProfit": 3333000000, "grossProfitRatio": 0.8791875495, "researchAndDevelopmentExpenses": 0, "generalAndAdministrativeExpenses": 2204000000, "sellingAndMarketingExpenses": 0, "sellingGeneralAndAdministrativeExpenses": 2204000000, "otherExpenses": 458000000, "operatingExpenses": 2662000000, "costAndExpenses": 3120000000, "interestIncome": 963000000, "interestExpense": 442000000, "depreciationAndAmortization": 47000000, "ebitda": 748000000, "ebitdaratio": 0.197309417, "operatingIncome": 701000000, "operatingIncomeRatio": 0.1849116328, "totalOtherIncomeExpensesNet": -30000000, "incomeBeforeTax": 671000000, "incomeBeforeTaxRatio": 0.1769981535, "incomeTaxExpense": 176000000, "netIncome": 495000000, "netIncomeRatio": 0.1305724083, "eps": 2.41, "epsdiluted": 2.36, "weightedAverageShsOut": 204300000, "weightedAverageShsOutDil": 208700000, "link": "https://www.sec.gov/Archives/edgar/data/720005/000072000525000053/0000720005-25-000053-index.htm", "finalLink": "https://www.sec.gov/Archives/edgar/data/720005/000072000525000053/rjf-20250331.htm"}, {"date": "2024-12-31", "symbol": "RJF", "reportedCurrency": "USD", "cik": "0000720005", "fillingDate": "2025-02-07", "acceptedDate": "2025-02-07 16:10:16", "calendarYear": "2025", "period": "Q1", "revenue": 3982000000, "costOfRevenue": 498000000, "grossProfit": 3484000000, "grossProfitRatio": 0.8749372175, "researchAndDevelopmentExpenses": 0, "generalAndAdministrativeExpenses": 2272000000, "sellingAndMarketingExpenses": 0, "sellingGeneralAndAdministrativeExpenses": 2272000000, "otherExpenses": 463000000, "operatingExpenses": 2735000000, "costAndExpenses": 3233000000, "interestIncome": 1027000000, "interestExpense": 498000000, "depreciationAndAmortization": 47000000, "ebitda": 796000000, "ebitdaratio": 0.199899548, "operatingIncome": 749000000, "operatingIncomeRatio": 0.188096434, "totalOtherIncomeExpensesNet": 0, "incomeBeforeTax": 749000000, "incomeBeforeTaxRatio": 0.188096434, "incomeTaxExpense": 149000000, "netIncome": 600000000, "netIncomeRatio": 0.1506780512, "eps": 2.94, "epsdiluted": 2.86, "weightedAverageShsOut": 203700000, "weightedAverageShsOutDil": 209200000, "link": "https://www.sec.gov/Archives/edgar/data/720005/000072000525000025/0000720005-25-000025-index.htm", "finalLink": "https://www.sec.gov/Archives/edgar/data/720005/000072000525000025/rjf-20241231.htm"}, {"date": "2024-09-30", "symbol": "RJF", "reportedCurrency": "USD", "cik": "0000720005", "fillingDate": "2024-11-26", "acceptedDate": "2024-11-26 16:53:21", "calendarYear": "2024", "period": "Q4", "revenue": 3953000000, "costOfRevenue": 563000000, "grossProfit": 3390000000, "grossProfitRatio": 0.8575765242, "researchAndDevelopmentExpenses": 0, "generalAndAdministrativeExpenses": 2159000000, "sellingAndMarketingExpenses": 0, "sellingGeneralAndAdministrativeExpenses": 2159000000, "otherExpenses": 471000000, "operatingExpenses": 2630000000, "costAndExpenses": 3193000000, "interestIncome": 1073000000, "interestExpense": 541000000, "depreciationAndAmortization": 47000000, "ebitda": 848000000, "ebitdaratio": 0.2145206173, "operatingIncome": 801000000, "operatingIncomeRatio": 0.2026309132, "totalOtherIncomeExpensesNet": 4094000000, "incomeBeforeTax": 760000000, "incomeBeforeTaxRatio": 0.1922590438, "incomeTaxExpense": 158000000, "netIncome": 602000000, "netIncomeRatio": 0.1522894005, "eps": 2.93, "epsdiluted": 2.86, "weightedAverageShsOut": 204700000, "weightedAverageShsOutDil": 212300000, "link": "https://www.sec.gov/Archives/edgar/data/720005/000072000524000069/0000720005-24-000069-index.htm", "finalLink": "https://www.sec.gov/Archives/edgar/data/720005/000072000524000069/rjf-20240930.htm"}, {"date": "2024-06-30", "symbol": "RJF", "reportedCurrency": "USD", "cik": "0000720005", "fillingDate": "2024-08-06", "acceptedDate": "2024-08-06 16:36:15", "calendarYear": "2024", "period": "Q3", "revenue": 3714000000, "costOfRevenue": 524000000, "grossProfit": 3190000000, "grossProfitRatio": 0.858912224, "researchAndDevelopmentExpenses": 0, "generalAndAdministrativeExpenses": 2090000000, "sellingAndMarketingExpenses": 0, "sellingGeneralAndAdministrativeExpenses": 2090000000, "otherExpenses": 456000000, "operatingExpenses": 2546000000, "costAndExpenses": 3070000000, "interestIncome": 1057000000, "interestExpense": 534000000, "depreciationAndAmortization": 45000000, "ebitda": 689000000, "ebitdaratio": 0.1855142703, "operatingIncome": 645000000, "operatingIncomeRatio": 0.1736672052, "totalOtherIncomeExpensesNet": -1000000, "incomeBeforeTax": 644000000, "incomeBeforeTaxRatio": 0.1733979537, "incomeTaxExpense": 152000000, "netIncome": 492000000, "netIncomeRatio": 0.1324717286, "eps": 2.37, "epsdiluted": 2.31, "weightedAverageShsOut": 206800000, "weightedAverageShsOutDil": 212300000, "link": "https://www.sec.gov/Archives/edgar/data/720005/000072000524000051/0000720005-24-000051-index.htm", "finalLink": "https://www.sec.gov/Archives/edgar/data/720005/000072000524000051/rjf-20240630.htm"}, {"date": "2024-03-31", "symbol": "RJF", "reportedCurrency": "USD", "cik": "0000720005", "fillingDate": "2024-05-07", "acceptedDate": "2024-05-07 16:46:33", "calendarYear": "2024", "period": "Q2", "revenue": 3613000000, "costOfRevenue": 541000000, "grossProfit": 3053000000, "grossProfitRatio": 0.8450041517, "researchAndDevelopmentExpenses": 0, "generalAndAdministrativeExpenses": 2043000000, "sellingAndMarketingExpenses": 0, "sellingGeneralAndAdministrativeExpenses": 2043000000, "otherExpenses": 401000000, "operatingExpenses": 2444000000, "costAndExpenses": 2985000000, "interestIncome": 1049000000, "interestExpense": 520000000, "depreciationAndAmortization": 45000000, "ebitda": 654000000, "ebitdaratio": 0.1810130086, "operatingIncome": 609000000, "operatingIncomeRatio": 0.1685579851, "totalOtherIncomeExpensesNet": 10000000, "incomeBeforeTax": 609000000, "incomeBeforeTaxRatio": 0.1685579851, "incomeTaxExpense": 133000000, "netIncome": 475000000, "netIncomeRatio": 0.1314696928, "eps": 2.27, "epsdiluted": 2.22, "weightedAverageShsOut": 208300000, "weightedAverageShsOutDil": 213400000, "link": "https://www.sec.gov/Archives/edgar/data/720005/000072000524000034/0000720005-24-000034-index.htm", "finalLink": "https://www.sec.gov/Archives/edgar/data/720005/000072000524000034/rjf-20240331.htm"}, {"date": "2023-12-31", "symbol": "RJF", "reportedCurrency": "USD", "cik": "0000720005", "fillingDate": "2024-02-07", "acceptedDate": "2024-02-07 17:11:39", "calendarYear": "2024", "period": "Q1", "revenue": 3520000000, "costOfRevenue": 519000000, "grossProfit": 2961000000, "grossProfitRatio": 0.8411931818, "researchAndDevelopmentExpenses": 0, "generalAndAdministrativeExpenses": 1921000000, "sellingAndMarketingExpenses": 0, "sellingGeneralAndAdministrativeExpenses": 1921000000, "otherExpenses": 410000000, "operatingExpenses": 2331000000, "costAndExpenses": 2404000000, "interestIncome": 1053000000, "interestExpense": 507000000, "depreciationAndAmortization": 42000000, "ebitda": 703000000, "ebitdaratio": 0.1997159091, "operatingIncome": 960000000, "operatingIncomeRatio": 0.2727272727, "totalOtherIncomeExpensesNet": -45000000, "incomeBeforeTax": 630000000, "incomeBeforeTaxRatio": 0.1789772727, "incomeTaxExpense": 132000000, "netIncome": 497000000, "netIncomeRatio": 0.1411931818, "eps": 2.38, "epsdiluted": 2.32, "weightedAverageShsOut": 208600000, "weightedAverageShsOutDil": 213800000, "link": "https://www.sec.gov/Archives/edgar/data/720005/000072000524000019/0000720005-24-000019-index.htm", "finalLink": "https://www.sec.gov/Archives/edgar/data/720005/000072000524000019/rjf-20231231.htm"}, {"date": "2023-09-30", "symbol": "RJF", "reportedCurrency": "USD", "cik": "0000720005", "fillingDate": "2023-11-21", "acceptedDate": "2023-11-21 16:04:58", "calendarYear": "2023", "period": "Q4", "revenue": 3478000000, "costOfRevenue": 498000000, "grossProfit": 2976000000, "grossProfitRatio": 0.8556641748, "researchAndDevelopmentExpenses": 0, "generalAndAdministrativeExpenses": 1892000000, "sellingAndMarketingExpenses": 0, "sellingGeneralAndAdministrativeExpenses": 1892000000, "otherExpenses": 499000000, "operatingExpenses": 2391000000, "costAndExpenses": 2455000000, "interestIncome": 1019000000, "interestExpense": 462000000, "depreciationAndAmortization": 42000000, "ebitda": 627000000, "ebitdaratio": 0.1802760207, "operatingIncome": 936000000, "operatingIncomeRatio": 0.269120184, "totalOtherIncomeExpensesNet": -44000000, "incomeBeforeTax": 585000000, "incomeBeforeTaxRatio": 0.168200115, "incomeTaxExpense": 151000000, "netIncome": 434000000, "netIncomeRatio": 0.1247843588, "eps": 2.07, "epsdiluted": 2.02, "weightedAverageShsOut": 208300000, "weightedAverageShsOutDil": 213800000, "link": "https://www.sec.gov/Archives/edgar/data/720005/000072000523000079/0000720005-23-000079-index.htm", "finalLink": "https://www.sec.gov/Archives/edgar/data/720005/000072000523000079/rjf-20230930.htm"}, {"date": "2023-06-30", "symbol": "RJF", "reportedCurrency": "USD", "cik": "0000720005", "fillingDate": "2023-08-04", "acceptedDate": "2023-08-04 14:43:21", "calendarYear": "2023", "period": "Q3", "revenue": 2867000000, "costOfRevenue": 68000000, "grossProfit": 2813000000, "grossProfitRatio": 0.9811649808, "researchAndDevelopmentExpenses": 0, "generalAndAdministrativeExpenses": 1851000000, "sellingAndMarketingExpenses": 0, "sellingGeneralAndAdministrativeExpenses": 1851000000, "otherExpenses": 1016000000, "operatingExpenses": 2867000000, "costAndExpenses": 1991000000, "interestIncome": 987000000, "interestExpense": 386000000, "depreciationAndAmortization": 42000000, "ebitda": 528000000, "ebitdaratio": 0.184164632, "operatingIncome": 882000000, "operatingIncomeRatio": 0.3076386467, "totalOtherIncomeExpensesNet": -49000000, "incomeBeforeTax": 486000000, "incomeBeforeTaxRatio": 0.1695151727, "incomeTaxExpense": 117000000, "netIncome": 369000000, "netIncomeRatio": 0.1287059644, "eps": 1.75, "epsdiluted": 1.71, "weightedAverageShsOut": 210100000, "weightedAverageShsOutDil": 214800000, "link": "https://www.sec.gov/Archives/edgar/data/720005/000072000523000063/0000720005-23-000063-index.htm", "finalLink": "https://www.sec.gov/Archives/edgar/data/720005/000072000523000063/rjf-20230630.htm"}, {"date": "2023-03-31", "symbol": "RJF", "reportedCurrency": "USD", "cik": "0000720005", "fillingDate": "2023-05-08", "acceptedDate": "2023-05-08 15:10:09", "calendarYear": "2023", "period": "Q2", "revenue": 2837000000, "costOfRevenue": 68000000, "grossProfit": 2769000000, "grossProfitRatio": 0.9760310187, "researchAndDevelopmentExpenses": 0, "generalAndAdministrativeExpenses": 1820000000, "sellingAndMarketingExpenses": 0, "sellingGeneralAndAdministrativeExpenses": 1820000000, "otherExpenses": 1017000000, "operatingExpenses": 1340000000, "costAndExpenses": 1963000000, "interestIncome": 915000000, "interestExpense": 284000000, "depreciationAndAmortization": 41000000, "ebitda": 630000000, "ebitdaratio": 0.2220655622, "operatingIncome": 580000000, "operatingIncomeRatio": 0.2044413112, "totalOtherIncomeExpensesNet": -23000000, "incomeBeforeTax": 557000000, "incomeBeforeTaxRatio": 0.1963341558, "incomeTaxExpense": 130000000, "netIncome": 427000000, "netIncomeRatio": 0.1505111033, "eps": 1.97, "epsdiluted": 1.93, "weightedAverageShsOut": 214300000, "weightedAverageShsOutDil": 219200000, "link": "https://www.sec.gov/Archives/edgar/data/720005/000072000523000043/0000720005-23-000043-index.htm", "finalLink": "https://www.sec.gov/Archives/edgar/data/720005/000072000523000043/rjf-20230331.htm"}, {"date": "2022-12-31", "symbol": "RJF", "reportedCurrency": "USD", "cik": "0000720005", "fillingDate": "2023-02-03", "acceptedDate": "2023-02-03 15:17:22", "calendarYear": "2023", "period": "Q1", "revenue": 2752000000, "costOfRevenue": -22000000, "grossProfit": 2774000000, "grossProfitRatio": 1.007994186, "researchAndDevelopmentExpenses": 0, "generalAndAdministrativeExpenses": 1736000000, "sellingAndMarketingExpenses": 0, "sellingGeneralAndAdministrativeExpenses": 1736000000, "otherExpenses": 1016000000, "operatingExpenses": 2752000000, "costAndExpenses": 1872000000, "interestIncome": 827000000, "interestExpense": 241000000, "depreciationAndAmortization": 40000000, "ebitda": 724000000, "ebitdaratio": 0.2630813953, "operatingIncome": 668000000, "operatingIncomeRatio": 0.2427325581, "totalOtherIncomeExpensesNet": -16000000, "incomeBeforeTax": 652000000, "incomeBeforeTaxRatio": 0.2369186047, "incomeTaxExpense": 143000000, "netIncome": 509000000, "netIncomeRatio": 0.1849563953, "eps": 2.36, "epsdiluted": 2.3, "weightedAverageShsOut": 214700000, "weightedAverageShsOutDil": 220400000, "link": "https://www.sec.gov/Archives/edgar/data/720005/000072000523000022/0000720005-23-000022-index.htm", "finalLink": "https://www.sec.gov/Archives/edgar/data/720005/000072000523000022/rjf-20221231.htm"}, {"date": "2022-09-30", "symbol": "RJF", "reportedCurrency": "USD", "cik": "0000720005", "fillingDate": "2022-11-22", "acceptedDate": "2022-11-22 16:40:10", "calendarYear": "2022", "period": "Q4", "revenue": 2795000000, "costOfRevenue": 66000000, "grossProfit": 2729000000, "grossProfitRatio": 0.9763864043, "researchAndDevelopmentExpenses": 0, "generalAndAdministrativeExpenses": 1956000000, "sellingAndMarketingExpenses": 0, "sellingGeneralAndAdministrativeExpenses": 1956000000, "otherExpenses": 839000000, "operatingExpenses": 2795000000, "costAndExpenses": 2105000000, "interestIncome": 667000000, "interestExpense": 170000000, "depreciationAndAmortization": 40000000, "ebitda": 633000000, "ebitdaratio": 0.2264758497, "operatingIncome": 593000000, "operatingIncomeRatio": 0.2121645796, "totalOtherIncomeExpensesNet": -189000000, "incomeBeforeTax": 616000000, "incomeBeforeTaxRatio": 0.2203935599, "incomeTaxExpense": 177000000, "netIncome": 439000000, "netIncomeRatio": 0.1570661896, "eps": 2.03, "epsdiluted": 1.98, "weightedAverageShsOut": 215000000, "weightedAverageShsOutDil": 220600000, "link": "https://www.sec.gov/Archives/edgar/data/720005/000072000522000066/0000720005-22-000066-index.htm", "finalLink": "https://www.sec.gov/Archives/edgar/data/720005/000072000522000066/rjf-20220930.htm"}, {"date": "2022-06-30", "symbol": "RJF", "reportedCurrency": "USD", "cik": "0000720005", "fillingDate": "2022-08-08", "acceptedDate": "2022-08-08 15:29:32", "calendarYear": "2022", "period": "Q3", "revenue": 2680000000, "costOfRevenue": 65000000, "grossProfit": 2615000000, "grossProfitRatio": 0.9757462687, "researchAndDevelopmentExpenses": 0, "generalAndAdministrativeExpenses": 1834000000, "sellingAndMarketingExpenses": 0, "sellingGeneralAndAdministrativeExpenses": 1834000000, "otherExpenses": 846000000, "operatingExpenses": 2680000000, "costAndExpenses": 1973000000, "interestIncome": 374000000, "interestExpense": 60000000, "depreciationAndAmortization": 36000000, "ebitda": 502000000, "ebitdaratio": 0.1873134328, "operatingIncome": 441000000, "operatingIncomeRatio": 0.1645522388, "totalOtherIncomeExpensesNet": -26000000, "incomeBeforeTax": 415000000, "incomeBeforeTaxRatio": 0.1548507463, "incomeTaxExpense": 114000000, "netIncome": 301000000, "netIncomeRatio": 0.1123134328, "eps": 1.41, "epsdiluted": 1.38, "weightedAverageShsOut": 210700000, "weightedAverageShsOutDil": 215700000, "link": "https://www.sec.gov/Archives/edgar/data/720005/000072000522000044/0000720005-22-000044-index.htm", "finalLink": "https://www.sec.gov/Archives/edgar/data/720005/000072000522000044/rjf-20220630.htm"}, {"date": "2022-03-31", "symbol": "RJF", "reportedCurrency": "USD", "cik": "0000720005", "fillingDate": "2022-05-09", "acceptedDate": "2022-05-09 15:43:56", "calendarYear": "2022", "period": "Q2", "revenue": 2711000000, "costOfRevenue": 62000000, "grossProfit": 2571000000, "grossProfitRatio": 0.9483585393, "researchAndDevelopmentExpenses": 0, "generalAndAdministrativeExpenses": 2013000000, "sellingAndMarketingExpenses": 0, "sellingGeneralAndAdministrativeExpenses": 2013000000, "otherExpenses": 620000000, "operatingExpenses": 2633000000, "costAndExpenses": 1943000000, "interestIncome": 242000000, "interestExpense": 38000000, "depreciationAndAmortization": 34000000, "ebitda": 505000000, "ebitdaratio": 0.1862781262, "operatingIncome": 470000000, "operatingIncomeRatio": 0.173367761, "totalOtherIncomeExpensesNet": -37000000, "incomeBeforeTax": 433000000, "incomeBeforeTaxRatio": 0.1597196606, "incomeTaxExpense": 110000000, "netIncome": 323000000, "netIncomeRatio": 0.1191442272, "eps": 1.56, "epsdiluted": 1.52, "weightedAverageShsOut": 207700000, "weightedAverageShsOutDil": 213000000, "link": "https://www.sec.gov/Archives/edgar/data/720005/000072000522000027/0000720005-22-000027-index.htm", "finalLink": "https://www.sec.gov/Archives/edgar/data/720005/000072000522000027/rjf-20220331.htm"}, {"date": "2021-12-31", "symbol": "RJF", "reportedCurrency": "USD", "cik": "0000720005", "fillingDate": "2022-02-08", "acceptedDate": "2022-02-08 13:44:59", "calendarYear": "2022", "period": "Q1", "revenue": 2743000000, "costOfRevenue": 59000000, "grossProfit": 2684000000, "grossProfitRatio": 0.9784907036, "researchAndDevelopmentExpenses": 0, "generalAndAdministrativeExpenses": 1884000000, "sellingAndMarketingExpenses": 0, "sellingGeneralAndAdministrativeExpenses": 1884000000, "otherExpenses": 859000000, "operatingExpenses": 2743000000, "costAndExpenses": 2006000000, "interestIncome": 225000000, "interestExpense": 37000000, "depreciationAndAmortization": 35000000, "ebitda": 627000000, "ebitdaratio": 0.2285818447, "operatingIncome": 559000000, "operatingIncomeRatio": 0.2037914692, "totalOtherIncomeExpensesNet": -1000000, "incomeBeforeTax": 558000000, "incomeBeforeTaxRatio": 0.2034269048, "incomeTaxExpense": 112000000, "netIncome": 446000000, "netIncomeRatio": 0.1625956981, "eps": 2.16, "epsdiluted": 2.1, "weightedAverageShsOut": 206300000, "weightedAverageShsOutDil": 212400000, "link": "https://www.sec.gov/Archives/edgar/data/720005/000072000522000010/0000720005-22-000010-index.htm", "finalLink": "https://www.sec.gov/Archives/edgar/data/720005/000072000522000010/rjf-20211231.htm"}, {"date": "2021-09-30", "symbol": "RJF", "reportedCurrency": "USD", "cik": "0000720005", "fillingDate": "2021-11-23", "acceptedDate": "2021-11-23 15:56:46", "calendarYear": "2021", "period": "Q4", "revenue": 2658000000, "costOfRevenue": 113000000, "grossProfit": 2750000000, "grossProfitRatio": 1.0346124906, "researchAndDevelopmentExpenses": 0, "generalAndAdministrativeExpenses": 1924000000, "sellingAndMarketingExpenses": 0, "sellingGeneralAndAdministrativeExpenses": 1924000000, "otherExpenses": 5199000000, "operatingExpenses": 2658000000, "costAndExpenses": 1908000000, "interestIncome": 215000000, "interestExpense": 35000000, "depreciationAndAmortization": 37000000, "ebitda": 0, "ebitdaratio": 0, "operatingIncome": 575000000, "operatingIncomeRatio": 0.2163280662, "totalOtherIncomeExpensesNet": -15000000, "incomeBeforeTax": 560000000, "incomeBeforeTaxRatio": 0.2106847254, "incomeTaxExpense": 131000000, "netIncome": 429000000, "netIncomeRatio": 0.1613995485, "eps": 2.08, "epsdiluted": 2.02, "weightedAverageShsOut": 205500000, "weightedAverageShsOutDil": 211700000, "link": "https://www.sec.gov/Archives/edgar/data/720005/000072000521000106/0000720005-21-000106-index.htm", "finalLink": "https://www.sec.gov/Archives/edgar/data/720005/000072000521000106/rjf-20210930.htm"}, {"date": "2021-06-30", "symbol": "RJF", "reportedCurrency": "USD", "cik": "0000720005", "fillingDate": "2021-08-09", "acceptedDate": "2021-08-09 12:08:41", "calendarYear": "2021", "period": "Q3", "revenue": 2437000000, "costOfRevenue": 58000000, "grossProfit": 2379000000, "grossProfitRatio": 0.9762002462, "researchAndDevelopmentExpenses": 0, "generalAndAdministrativeExpenses": 1801000000, "sellingAndMarketingExpenses": 0, "sellingGeneralAndAdministrativeExpenses": 1801000000, "otherExpenses": 636000000, "operatingExpenses": 1288000000, "costAndExpenses": 1780000000, "interestIncome": 205000000, "interestExpense": 40000000, "depreciationAndAmortization": 33000000, "ebitda": 545000000, "ebitdaratio": 0.2236356176, "operatingIncome": 492000000, "operatingIncomeRatio": 0.2018875667, "totalOtherIncomeExpensesNet": -107000000, "incomeBeforeTax": 385000000, "incomeBeforeTaxRatio": 0.1579811243, "incomeTaxExpense": 78000000, "netIncome": 307000000, "netIncomeRatio": 0.1259745589, "eps": 1.49, "epsdiluted": 1.45, "weightedAverageShsOut": 205800000, "weightedAverageShsOutDil": 211700000, "link": "https://www.sec.gov/Archives/edgar/data/720005/000072000521000052/0000720005-21-000052-index.htm", "finalLink": "https://www.sec.gov/Archives/edgar/data/720005/000072000521000052/rjf-20210630.htm"}, {"date": "2021-03-31", "symbol": "RJF", "reportedCurrency": "USD", "cik": "0000720005", "fillingDate": "2021-05-07", "acceptedDate": "2021-05-07 15:28:28", "calendarYear": "2021", "period": "Q2", "revenue": 2341000000, "costOfRevenue": -11000000, "grossProfit": 2352000000, "grossProfitRatio": 1.0046988466, "researchAndDevelopmentExpenses": 0, "generalAndAdministrativeExpenses": 1776000000, "sellingAndMarketingExpenses": 0, "sellingGeneralAndAdministrativeExpenses": 1776000000, "otherExpenses": 565000000, "operatingExpenses": 2341000000, "costAndExpenses": 1751000000, "interestIncome": 200000000, "interestExpense": 37000000, "depreciationAndAmortization": 32000000, "ebitda": 508000000, "ebitdaratio": 0.2170012815, "operatingIncome": 484000000, "operatingIncomeRatio": 0.2067492525, "totalOtherIncomeExpensesNet": -37000000, "incomeBeforeTax": 447000000, "incomeBeforeTaxRatio": 0.190944041, "incomeTaxExpense": 92000000, "netIncome": 355000000, "netIncomeRatio": 0.1516445963, "eps": 1.72, "epsdiluted": 1.68, "weightedAverageShsOut": 206700000, "weightedAverageShsOutDil": 211800000, "link": "https://www.sec.gov/Archives/edgar/data/720005/000072000521000034/0000720005-21-000034-index.htm", "finalLink": "https://www.sec.gov/Archives/edgar/data/720005/000072000521000034/rjf-20210331.htm"}, {"date": "2020-12-31", "symbol": "RJF", "reportedCurrency": "USD", "cik": "0000720005", "fillingDate": "2021-02-08", "acceptedDate": "2021-02-08 15:46:17", "calendarYear": "2021", "period": "Q1", "revenue": 2194000000, "costOfRevenue": 57000000, "grossProfit": 2137000000, "grossProfitRatio": 0.9740200547, "researchAndDevelopmentExpenses": 0, "generalAndAdministrativeExpenses": 1622000000, "sellingAndMarketingExpenses": 0, "sellingGeneralAndAdministrativeExpenses": 1622000000, "otherExpenses": 572000000, "operatingExpenses": 1097000000, "costAndExpenses": 1610000000, "interestIncome": 203000000, "interestExpense": 38000000, "depreciationAndAmortization": 32000000, "ebitda": 460000000, "ebitdaratio": 0.2096627165, "operatingIncome": 437000000, "operatingIncomeRatio": 0.1991795807, "totalOtherIncomeExpensesNet": -38000000, "incomeBeforeTax": 399000000, "incomeBeforeTaxRatio": 0.1818596171, "incomeTaxExpense": 87000000, "netIncome": 312000000, "netIncomeRatio": 0.1422060164, "eps": 1.52, "epsdiluted": 1.49, "weightedAverageShsOut": 205200000, "weightedAverageShsOutDil": 209550000, "link": "https://www.sec.gov/Archives/edgar/data/720005/000072000521000013/0000720005-21-000013-index.htm", "finalLink": "https://www.sec.gov/Archives/edgar/data/720005/000072000521000013/rjf-20201231.htm"}, {"date": "2020-09-30", "symbol": "RJF", "reportedCurrency": "USD", "cik": "0000720005", "fillingDate": "2020-11-24", "acceptedDate": "2020-11-24 15:48:16", "calendarYear": "2020", "period": "Q4", "revenue": 2053000000, "costOfRevenue": 95000000, "grossProfit": 7664000000, "grossProfitRatio": 3.7330735509, "researchAndDevelopmentExpenses": 0, "generalAndAdministrativeExpenses": 1543000000, "sellingAndMarketingExpenses": 0, "sellingGeneralAndAdministrativeExpenses": 1543000000, "otherExpenses": 4449000000, "operatingExpenses": 2053000000, "costAndExpenses": 1523000000, "interestIncome": 201000000, "interestExpense": 42000000, "depreciationAndAmortization": 31000000, "ebitda": 0, "ebitdaratio": 0, "operatingIncome": 322000000, "operatingIncomeRatio": 0.1568436434, "totalOtherIncomeExpensesNet": -66000000, "incomeBeforeTax": 256000000, "incomeBeforeTaxRatio": 0.1246955675, "incomeTaxExpense": 47000000, "netIncome": 209000000, "netIncomeRatio": 0.1018022406, "eps": 1.02, "epsdiluted": 1, "weightedAverageShsOut": 205350000, "weightedAverageShsOutDil": 209400000, "link": "https://www.sec.gov/Archives/edgar/data/720005/000072000520000063/0000720005-20-000063-index.htm", "finalLink": "https://www.sec.gov/Archives/edgar/data/720005/000072000520000063/rjf-20200930.htm"}, {"date": "2020-06-30", "symbol": "RJF", "reportedCurrency": "USD", "cik": "0000720005", "fillingDate": "2020-08-07", "acceptedDate": "2020-08-07 11:45:19", "calendarYear": "2020", "period": "Q3", "revenue": 1811000000, "costOfRevenue": 55000000, "grossProfit": 1756000000, "grossProfitRatio": 0.9696300387, "researchAndDevelopmentExpenses": 0, "generalAndAdministrativeExpenses": 1398000000, "sellingAndMarketingExpenses": 0, "sellingGeneralAndAdministrativeExpenses": 1398000000, "otherExpenses": 413000000, "operatingExpenses": 891000000, "costAndExpenses": 1377000000, "interestIncome": 217000000, "interestExpense": 42000000, "depreciationAndAmortization": 30000000, "ebitda": 0, "ebitdaratio": 0, "operatingIncome": 237000000, "operatingIncomeRatio": 0.1308669244, "totalOtherIncomeExpensesNet": -39000000, "incomeBeforeTax": 198000000, "incomeBeforeTaxRatio": 0.1093318609, "incomeTaxExpense": 26000000, "netIncome": 172000000, "netIncomeRatio": 0.0949751518, "eps": 0.83, "epsdiluted": 0.82, "weightedAverageShsOut": 205650000, "weightedAverageShsOutDil": 209100000, "link": "https://www.sec.gov/Archives/edgar/data/720005/000072000520000041/0000720005-20-000041-index.htm", "finalLink": "https://www.sec.gov/Archives/edgar/data/720005/000072000520000041/rjf-20200630.htm"}, {"date": "2020-03-31", "symbol": "RJF", "reportedCurrency": "USD", "cik": "0000720005", "fillingDate": "2020-05-08", "acceptedDate": "2020-05-08 14:09:49", "calendarYear": "2020", "period": "Q2", "revenue": 2042000000, "costOfRevenue": -13000000, "grossProfit": 2055000000, "grossProfitRatio": 1.0063663075, "researchAndDevelopmentExpenses": 0, "generalAndAdministrativeExpenses": 1562000000, "sellingAndMarketingExpenses": 0, "sellingGeneralAndAdministrativeExpenses": 1562000000, "otherExpenses": 480000000, "operatingExpenses": 2042000000, "costAndExpenses": 1677000000, "interestIncome": 285000000, "interestExpense": 43000000, "depreciationAndAmortization": 28000000, "ebitda": 291000000, "ebitdaratio": 0.1425073457, "operatingIncome": 374000000, "operatingIncomeRatio": 0.1831537708, "totalOtherIncomeExpensesNet": 23000000, "incomeBeforeTax": 239000000, "incomeBeforeTaxRatio": 0.1170421156, "incomeTaxExpense": 70000000, "netIncome": 169000000, "netIncomeRatio": 0.082761998, "eps": 0.81, "epsdiluted": 0.8, "weightedAverageShsOut": 207600000, "weightedAverageShsOutDil": 211650000, "link": "https://www.sec.gov/Archives/edgar/data/720005/000072000520000029/0000720005-20-000029-index.htm", "finalLink": "https://www.sec.gov/Archives/edgar/data/720005/000072000520000029/rjf-2020033110q.htm"}, {"date": "2019-12-31", "symbol": "RJF", "reportedCurrency": "USD", "cik": "0000720005", "fillingDate": "2020-02-07", "acceptedDate": "2020-02-07 11:05:44", "calendarYear": "2020", "period": "Q1", "revenue": 1983000000, "costOfRevenue": 57000000, "grossProfit": 1926000000, "grossProfitRatio": 0.9712556732, "researchAndDevelopmentExpenses": 0, "generalAndAdministrativeExpenses": 1489000000, "sellingAndMarketingExpenses": 0, "sellingGeneralAndAdministrativeExpenses": 1489000000, "otherExpenses": 494000000, "operatingExpenses": 1983000000, "costAndExpenses": 1473000000, "interestIncome": 297000000, "interestExpense": 51000000, "depreciationAndAmortization": 30000000, "ebitda": 412000000, "ebitdaratio": 0.2077660111, "operatingIncome": 370000000, "operatingIncomeRatio": 0.1865859808, "totalOtherIncomeExpensesNet": -11000000, "incomeBeforeTax": 359000000, "incomeBeforeTaxRatio": 0.1810388301, "incomeTaxExpense": 91000000, "netIncome": 268000000, "netIncomeRatio": 0.1351487645, "eps": 1.29, "epsdiluted": 1.26, "weightedAverageShsOut": 207450000, "weightedAverageShsOutDil": 212250000, "link": "https://www.sec.gov/Archives/edgar/data/720005/000072000520000013/0000720005-20-000013-index.htm", "finalLink": "https://www.sec.gov/Archives/edgar/data/720005/000072000520000013/rjf-2019123110q.htm"}, {"date": "2019-09-30", "symbol": "RJF", "reportedCurrency": "USD", "cik": "0000720005", "fillingDate": "2019-11-26", "acceptedDate": "2019-11-26 16:37:08", "calendarYear": "2019", "period": "Q4", "revenue": 1999000000, "costOfRevenue": 117000000, "grossProfit": 7428000000, "grossProfitRatio": 3.715857929, "researchAndDevelopmentExpenses": 0, "generalAndAdministrativeExpenses": 1468000000, "sellingAndMarketingExpenses": 0, "sellingGeneralAndAdministrativeExpenses": 1468000000, "otherExpenses": 4186000000, "operatingExpenses": 1999000000, "costAndExpenses": 1456000000, "interestIncome": 320000000, "interestExpense": 62000000, "depreciationAndAmortization": 31000000, "ebitda": 0, "ebitdaratio": 0, "operatingIncome": 343000000, "operatingIncomeRatio": 0.1715857929, "totalOtherIncomeExpensesNet": 27000000, "incomeBeforeTax": 370000000, "incomeBeforeTaxRatio": 0.1850925463, "incomeTaxExpense": 89000000, "netIncome": 265000000, "netIncomeRatio": 0.1325662831, "eps": 1.27, "epsdiluted": 1.24, "weightedAverageShsOut": 207900000, "weightedAverageShsOutDil": 212700000, "link": "https://www.sec.gov/Archives/edgar/data/720005/000072000519000086/0000720005-19-000086-index.htm", "finalLink": "https://www.sec.gov/Archives/edgar/data/720005/000072000519000086/rjf-20190930x10k.htm"}, {"date": "2019-06-30", "symbol": "RJF", "reportedCurrency": "USD", "cik": "0000720005", "fillingDate": "2019-08-08", "acceptedDate": "2019-08-08 09:18:35", "calendarYear": "2019", "period": "Q3", "revenue": 1903000000, "costOfRevenue": 55000000, "grossProfit": 1848000000, "grossProfitRatio": 0.9710982659, "researchAndDevelopmentExpenses": 0, "generalAndAdministrativeExpenses": 1426000000, "sellingAndMarketingExpenses": 0, "sellingGeneralAndAdministrativeExpenses": 1426000000, "otherExpenses": 477000000, "operatingExpenses": 901000000, "costAndExpenses": 1411000000, "interestIncome": 321000000, "interestExpense": 73000000, "depreciationAndAmortization": 28000000, "ebitda": 0, "ebitdaratio": 0, "operatingIncome": 350000000, "operatingIncomeRatio": 0.1839201261, "totalOtherIncomeExpensesNet": -10000000, "incomeBeforeTax": 340000000, "incomeBeforeTaxRatio": 0.1786652654, "incomeTaxExpense": 83000000, "netIncome": 259000000, "netIncomeRatio": 0.1361008933, "eps": 1.23, "epsdiluted": 1.2, "weightedAverageShsOut": 210600000, "weightedAverageShsOutDil": 215400000, "link": "https://www.sec.gov/Archives/edgar/data/720005/000072000519000063/0000720005-19-000063-index.htm", "finalLink": "https://www.sec.gov/Archives/edgar/data/720005/000072000519000063/rjf-2019063010q.htm"}, {"date": "2019-03-31", "symbol": "RJF", "reportedCurrency": "USD", "cik": "0000720005", "fillingDate": "2019-05-09", "acceptedDate": "2019-05-09 16:28:31", "calendarYear": "2019", "period": "Q2", "revenue": 1837000000, "costOfRevenue": 16000000, "grossProfit": 1821000000, "grossProfitRatio": 0.991290147, "researchAndDevelopmentExpenses": 0, "generalAndAdministrativeExpenses": 1360000000, "sellingAndMarketingExpenses": 0, "sellingGeneralAndAdministrativeExpenses": 1360000000, "otherExpenses": 477000000, "operatingExpenses": 1837000000, "costAndExpenses": 1336000000, "interestIncome": 324000000, "interestExpense": 75000000, "depreciationAndAmortization": 27000000, "ebitda": 385000000, "ebitdaratio": 0.2095808383, "operatingIncome": 351000000, "operatingIncomeRatio": 0.1910724007, "totalOtherIncomeExpensesNet": -16000000, "incomeBeforeTax": 335000000, "incomeBeforeTaxRatio": 0.1823625476, "incomeTaxExpense": 86000000, "netIncome": 261000000, "netIncomeRatio": 0.1420794774, "eps": 1.23, "epsdiluted": 1.21, "weightedAverageShsOut": 215850000, "weightedAverageShsOutDil": 215850000, "link": "https://www.sec.gov/Archives/edgar/data/720005/000072000519000046/0000720005-19-000046-index.htm", "finalLink": "https://www.sec.gov/Archives/edgar/data/720005/000072000519000046/rjf-2019033110q.htm"}, {"date": "2018-12-31", "symbol": "RJF", "reportedCurrency": "USD", "cik": "0000720005", "fillingDate": "2019-02-08", "acceptedDate": "2019-02-08 11:20:52", "calendarYear": "2019", "period": "Q1", "revenue": 1907000000, "costOfRevenue": 51000000, "grossProfit": 1856000000, "grossProfitRatio": 0.9732564237, "researchAndDevelopmentExpenses": 0, "generalAndAdministrativeExpenses": 1400000000, "sellingAndMarketingExpenses": 0, "sellingGeneralAndAdministrativeExpenses": 1400000000, "otherExpenses": 507000000, "operatingExpenses": 887000000, "costAndExpenses": 1381000000, "interestIncome": 316000000, "interestExpense": 73000000, "depreciationAndAmortization": 26000000, "ebitda": 0, "ebitdaratio": 0, "operatingIncome": 321000000, "operatingIncomeRatio": 0.1683272155, "totalOtherIncomeExpensesNet": 9000000, "incomeBeforeTax": 330000000, "incomeBeforeTaxRatio": 0.1730466702, "incomeTaxExpense": 83000000, "netIncome": 249000000, "netIncomeRatio": 0.1305715784, "eps": 1.15, "epsdiluted": 1.13, "weightedAverageShsOut": 216300000, "weightedAverageShsOutDil": 220950000, "link": "https://www.sec.gov/Archives/edgar/data/720005/000072000519000013/0000720005-19-000013-index.htm", "finalLink": "https://www.sec.gov/Archives/edgar/data/720005/000072000519000013/rjf-2018123110q.htm"}, {"date": "2018-09-30", "symbol": "RJF", "reportedCurrency": "USD", "cik": "0000720005", "fillingDate": "2018-11-21", "acceptedDate": "2018-11-20 20:31:57", "calendarYear": "2018", "period": "Q4", "revenue": 1875012000, "costOfRevenue": 89486000, "grossProfit": 1899000000, "grossProfitRatio": 1.0127935181, "researchAndDevelopmentExpenses": 0, "generalAndAdministrativeExpenses": 1380187000, "sellingAndMarketingExpenses": 0, "sellingGeneralAndAdministrativeExpenses": 1380187000, "otherExpenses": 494825000, "operatingExpenses": 1875012000, "costAndExpenses": 1364000000, "interestIncome": 292076000, "interestExpense": 63163000, "depreciationAndAmortization": 26805000, "ebitda": 0, "ebitdaratio": 0, "operatingIncome": 367723000, "operatingIncomeRatio": 0.1961176782, "totalOtherIncomeExpensesNet": -11938000, "incomeBeforeTax": 344062000, "incomeBeforeTaxRatio": 0.1834985589, "incomeTaxExpense": 87235000, "netIncome": 262748000, "netIncomeRatio": 0.1401313698, "eps": 1.2, "epsdiluted": 1.17, "weightedAverageShsOut": 218430000, "weightedAverageShsOutDil": 224195000, "link": "https://www.sec.gov/Archives/edgar/data/720005/000072000518000083/0000720005-18-000083-index.htm", "finalLink": "https://www.sec.gov/Archives/edgar/data/720005/000072000518000083/rjf-20180930x10k.htm"}, {"date": "2018-06-30", "symbol": "RJF", "reportedCurrency": "USD", "cik": "0000720005", "fillingDate": "2018-08-07", "acceptedDate": "2018-08-07 15:58:37", "calendarYear": "2018", "period": "Q3", "revenue": 1814000000, "costOfRevenue": 49503000, "grossProfit": 1764497000, "grossProfitRatio": 0.9727105843, "researchAndDevelopmentExpenses": 0, "generalAndAdministrativeExpenses": 1354000000, "sellingAndMarketingExpenses": 0, "sellingGeneralAndAdministrativeExpenses": 1354000000, "otherExpenses": 460000000, "operatingExpenses": 1814000000, "costAndExpenses": 1334000000, "interestIncome": 271000000, "interestExpense": 54000000, "depreciationAndAmortization": 25145000, "ebitda": 145000, "ebitdaratio": 7.99338e-05, "operatingIncome": 303000000, "operatingIncomeRatio": 0.1670341786, "totalOtherIncomeExpensesNet": 15042000, "incomeBeforeTax": 318042000, "incomeBeforeTaxRatio": 0.1753263506, "incomeTaxExpense": 85800000, "netIncome": 232000000, "netIncomeRatio": 0.1278941566, "eps": 1.06, "epsdiluted": 1.04, "weightedAverageShsOut": 218451000, "weightedAverageShsOutDil": 224100000, "link": "https://www.sec.gov/Archives/edgar/data/720005/000072000518000058/0000720005-18-000058-index.htm", "finalLink": "https://www.sec.gov/Archives/edgar/data/720005/000072000518000058/rjf-2018063010q.htm"}, {"date": "2018-03-31", "symbol": "RJF", "reportedCurrency": "USD", "cik": "0000720005", "fillingDate": "2018-05-09", "acceptedDate": "2018-05-08 19:30:19", "calendarYear": "2018", "period": "Q2", "revenue": 1789000000, "costOfRevenue": 17085000, "grossProfit": 1771915000, "grossProfitRatio": 0.9904499721, "researchAndDevelopmentExpenses": 0, "generalAndAdministrativeExpenses": 1332000000, "sellingAndMarketingExpenses": 0, "sellingGeneralAndAdministrativeExpenses": 1332000000, "otherExpenses": 457000000, "operatingExpenses": 1789000000, "costAndExpenses": 1305000000, "interestIncome": 248846000, "interestExpense": 44602000, "depreciationAndAmortization": 24000000, "ebitda": 378187000, "ebitdaratio": 0.2113957518, "operatingIncome": 322000000, "operatingIncomeRatio": 0.1799888206, "totalOtherIncomeExpensesNet": 9089000, "incomeBeforeTax": 331089000, "incomeBeforeTaxRatio": 0.1850693125, "incomeTaxExpense": 88524000, "netIncome": 242847000, "netIncomeRatio": 0.13574455, "eps": 1.11, "epsdiluted": 1.09, "weightedAverageShsOut": 218100000, "weightedAverageShsOutDil": 223500000, "link": "https://www.sec.gov/Archives/edgar/data/720005/000072000518000038/0000720005-18-000038-index.htm", "finalLink": "https://www.sec.gov/Archives/edgar/data/720005/000072000518000038/rjf-2018033110q.htm"}, {"date": "2017-12-31", "symbol": "RJF", "reportedCurrency": "USD", "cik": "0000720005", "fillingDate": "2018-02-08", "acceptedDate": "2018-02-08 17:15:27", "calendarYear": "2018", "period": "Q1", "revenue": 1703840000, "costOfRevenue": 49814000, "grossProfit": 1654026000, "grossProfitRatio": 0.9707636867, "researchAndDevelopmentExpenses": 0, "generalAndAdministrativeExpenses": 1267000000, "sellingAndMarketingExpenses": 0, "sellingGeneralAndAdministrativeExpenses": 1267000000, "otherExpenses": 437000000, "operatingExpenses": 1704000000, "costAndExpenses": 1249000000, "interestIncome": 231729000, "interestExpense": 40000000, "depreciationAndAmortization": 23000000, "ebitda": 289000, "ebitdaratio": 0.0001696169, "operatingIncome": 316000000, "operatingIncomeRatio": 0.1854634238, "totalOtherIncomeExpensesNet": -4316000, "incomeBeforeTax": 311684000, "incomeBeforeTaxRatio": 0.1829303221, "incomeTaxExpense": 192401000, "netIncome": 118842000, "netIncomeRatio": 0.069749507, "eps": 0.55, "epsdiluted": 0.53, "weightedAverageShsOut": 216703000, "weightedAverageShsOutDil": 222450000, "link": "https://www.sec.gov/Archives/edgar/data/720005/000072000518000018/0000720005-18-000018-index.htm", "finalLink": "https://www.sec.gov/Archives/edgar/data/720005/000072000518000018/rjf-2017123110q.htm"}, {"date": "2017-09-30", "symbol": "RJF", "reportedCurrency": "USD", "cik": "0000720005", "fillingDate": "2017-11-22", "acceptedDate": "2017-11-21 17:36:18", "calendarYear": "2017", "period": "Q4", "revenue": 1656128000, "costOfRevenue": 97187000, "grossProfit": 1558941000, "grossProfitRatio": 0.941316734, "researchAndDevelopmentExpenses": 0, "generalAndAdministrativeExpenses": 1154504000, "sellingAndMarketingExpenses": 38740000, "sellingGeneralAndAdministrativeExpenses": 1193244000, "otherExpenses": 428650000, "operatingExpenses": 1193244000, "costAndExpenses": 1193244000, "interestIncome": 222576000, "interestExpense": 42575000, "depreciationAndAmortization": 21983000, "ebitda": 370723000, "ebitdaratio": 0.2238492435, "operatingIncome": 321015000, "operatingIncomeRatio": 0.1938346553, "totalOtherIncomeExpensesNet": -38796000, "incomeBeforeTax": 282219000, "incomeBeforeTaxRatio": 0.1704089297, "incomeTaxExpense": 84951000, "netIncome": 193489000, "netIncomeRatio": 0.1168321531, "eps": 0.9, "epsdiluted": 0.87, "weightedAverageShsOut": 215869000, "weightedAverageShsOutDil": 221642000, "link": "https://www.sec.gov/Archives/edgar/data/720005/000072000517000089/0000720005-17-000089-index.htm", "finalLink": "https://www.sec.gov/Archives/edgar/data/720005/000072000517000089/rjf-20170930x10k.htm"}, {"date": "2017-06-30", "symbol": "RJF", "reportedCurrency": "USD", "cik": "0000720005", "fillingDate": "2017-06-30", "acceptedDate": "2017-06-29 20:00:00", "calendarYear": "2017", "period": "Q3", "revenue": 1592118000, "costOfRevenue": -15738000, "grossProfit": 1607856000, "grossProfitRatio": 1.0098849457, "researchAndDevelopmentExpenses": 0, "generalAndAdministrativeExpenses": 1128889000, "sellingAndMarketingExpenses": 39305000, "sellingGeneralAndAdministrativeExpenses": 1168194000, "otherExpenses": 404908000, "operatingExpenses": 1604414000, "costAndExpenses": 1168194000, "interestIncome": 204224000, "interestExpense": 38560000, "depreciationAndAmortization": 21190000, "ebitda": 324307000, "ebitdaratio": 0.2036953291, "operatingIncome": 313574000, "operatingIncomeRatio": 0.1969539946, "totalOtherIncomeExpensesNet": -36633000, "incomeBeforeTax": 276941000, "incomeBeforeTaxRatio": 0.1739450217, "incomeTaxExpense": 91590000, "netIncome": 183025000, "netIncomeRatio": 0.1149569316, "eps": 0.85, "epsdiluted": 0.83, "weightedAverageShsOut": 215568000, "weightedAverageShsOutDil": 220655000, "link": "", "finalLink": ""}, {"date": "2017-03-31", "symbol": "RJF", "reportedCurrency": "USD", "cik": "0000720005", "fillingDate": "2017-05-10", "acceptedDate": "2017-05-10 16:47:00", "calendarYear": "2017", "period": "Q2", "revenue": 1600314000, "costOfRevenue": 47498000, "grossProfit": 1498361000, "grossProfitRatio": 0.9362918777, "researchAndDevelopmentExpenses": 0, "generalAndAdministrativeExpenses": 1083212000, "sellingAndMarketingExpenses": 41519000, "sellingGeneralAndAdministrativeExpenses": 1124731000, "otherExpenses": 392559000, "operatingExpenses": 1545859000, "costAndExpenses": 157778000, "interestIncome": 192544000, "interestExpense": 36677000, "depreciationAndAmortization": 21018000, "ebitda": 0, "ebitdaratio": 0, "operatingIncome": 188876000, "operatingIncomeRatio": 0.1180243377, "totalOtherIncomeExpensesNet": -27573000, "incomeBeforeTax": 161303000, "incomeBeforeTaxRatio": 0.1007945941, "incomeTaxExpense": 52758000, "netIncome": 112755000, "netIncomeRatio": 0.0704580476, "eps": 0.52, "epsdiluted": 0.51, "weightedAverageShsOut": 215051000, "weightedAverageShsOutDil": 220169000, "link": "https://www.sec.gov/Archives/edgar/data/720005/000072000517000045/0000720005-17-000045-index.htm", "finalLink": "https://www.sec.gov/Archives/edgar/data/720005/000072000517000045/rjf-201733110q.htm"}, {"date": "2016-12-31", "symbol": "RJF", "reportedCurrency": "USD", "cik": "0000720005", "fillingDate": "2017-02-08", "acceptedDate": "2017-02-08 11:12:54", "calendarYear": "2017", "period": "Q1", "revenue": 1528768000, "costOfRevenue": 46052000, "grossProfit": 1415105000, "grossProfitRatio": 0.9256505892, "researchAndDevelopmentExpenses": 0, "generalAndAdministrativeExpenses": 1052519000, "sellingAndMarketingExpenses": 35362000, "sellingGeneralAndAdministrativeExpenses": 1087881000, "otherExpenses": 359517000, "operatingExpenses": 1473507000, "costAndExpenses": 154295000, "interestIncome": 182782000, "interestExpense": 35966000, "depreciationAndAmortization": 19941000, "ebitda": 0, "ebitdaratio": 0, "operatingIncome": 229396000, "operatingIncomeRatio": 0.150052853, "totalOtherIncomeExpensesNet": -21881000, "incomeBeforeTax": 207515000, "incomeBeforeTaxRatio": 0.1357400207, "incomeTaxExpense": 59812000, "netIncome": 146567000, "netIncomeRatio": 0.0958726242, "eps": 0.69, "epsdiluted": 0.67, "weightedAverageShsOut": 213165000, "weightedAverageShsOutDil": 218513000, "link": "https://www.sec.gov/Archives/edgar/data/720005/000072000517000019/0000720005-17-000019-index.htm", "finalLink": "https://www.sec.gov/Archives/edgar/data/720005/000072000517000019/rjf-2016123110q.htm"}, {"date": "2016-09-30", "symbol": "RJF", "reportedCurrency": "USD", "cik": "0000720005", "fillingDate": "2016-11-22", "acceptedDate": "2016-11-22 16:18:21", "calendarYear": "2016", "period": "Q4", "revenue": 1430705000, "costOfRevenue": 52642000, "grossProfit": 5133150000, "grossProfitRatio": 3.5878465512, "researchAndDevelopmentExpenses": 0, "generalAndAdministrativeExpenses": 1005338000, "sellingAndMarketingExpenses": 35884000, "sellingGeneralAndAdministrativeExpenses": 1041222000, "otherExpenses": 365919000, "operatingExpenses": 1430705000, "costAndExpenses": 1041222000, "interestIncome": 172477000, "interestExpense": 32433000, "depreciationAndAmortization": 18419000, "ebitda": 0, "ebitdaratio": 0, "operatingIncome": 317173000, "operatingIncomeRatio": 0.221690006, "totalOtherIncomeExpensesNet": -83631000, "incomeBeforeTax": 233542000, "incomeBeforeTaxRatio": 0.1632356076, "incomeTaxExpense": 64752000, "netIncome": 171670000, "netIncomeRatio": 0.1199897952, "eps": 0.81, "epsdiluted": 0.79, "weightedAverageShsOut": 212071000, "weightedAverageShsOutDil": 216731000, "link": "https://www.sec.gov/Archives/edgar/data/720005/000072000516000169/0000720005-16-000169-index.htm", "finalLink": "https://www.sec.gov/Archives/edgar/data/720005/000072000516000169/rjf-2016930x10k.htm"}, {"date": "2016-06-30", "symbol": "RJF", "reportedCurrency": "USD", "cik": "0000720005", "fillingDate": "2016-08-08", "acceptedDate": "2016-08-08 17:16:53", "calendarYear": "2016", "period": "Q3", "revenue": 1333238000, "costOfRevenue": 40825000, "grossProfit": 1292413000, "grossProfitRatio": 0.9693790606, "researchAndDevelopmentExpenses": 0, "generalAndAdministrativeExpenses": 949709000, "sellingAndMarketingExpenses": 36488000, "sellingGeneralAndAdministrativeExpenses": 1017089000, "otherExpenses": 316631000, "operatingExpenses": 1333720000, "costAndExpenses": 986197000, "interestIncome": 163810000, "interestExpense": 28033000, "depreciationAndAmortization": 18312000, "ebitda": 0, "ebitdaratio": 0, "operatingIncome": 272496000, "operatingIncomeRatio": 0.2043866136, "totalOtherIncomeExpensesNet": -67642000, "incomeBeforeTax": 204854000, "incomeBeforeTaxRatio": 0.1536514861, "incomeTaxExpense": 72261000, "netIncome": 125504000, "netIncomeRatio": 0.0941347306, "eps": 0.59, "epsdiluted": 0.58, "weightedAverageShsOut": 211748000, "weightedAverageShsOutDil": 215928000, "link": "https://www.sec.gov/Archives/edgar/data/720005/000072000516000144/0000720005-16-000144-index.htm", "finalLink": "https://www.sec.gov/Archives/edgar/data/720005/000072000516000144/a2016063010qrjf.htm"}, {"date": "2016-03-31", "symbol": "RJF", "reportedCurrency": "USD", "cik": "0000720005", "fillingDate": "2016-05-06", "acceptedDate": "2016-05-06 16:53:27", "calendarYear": "2016", "period": "Q2", "revenue": 1286695000, "costOfRevenue": -13332000, "grossProfit": 1300027000, "grossProfitRatio": 1.0103614299, "researchAndDevelopmentExpenses": 0, "generalAndAdministrativeExpenses": 991836000, "sellingAndMarketingExpenses": 35417000, "sellingGeneralAndAdministrativeExpenses": 93877000, "otherExpenses": 295366000, "operatingExpenses": 1287202000, "costAndExpenses": 964245000, "interestIncome": 161567000, "interestExpense": 29109000, "depreciationAndAmortization": 0, "ebitda": 0, "ebitdaratio": 0, "operatingIncome": 257816000, "operatingIncomeRatio": 0.2003707172, "totalOtherIncomeExpensesNet": -63708000, "incomeBeforeTax": 194108000, "incomeBeforeTaxRatio": 0.1508578179, "incomeTaxExpense": 72271000, "netIncome": 125847000, "netIncomeRatio": 0.0978063955, "eps": 0.59, "epsdiluted": 0.58, "weightedAverageShsOut": 212208000, "weightedAverageShsOutDil": 216018000, "link": "https://www.sec.gov/Archives/edgar/data/720005/000072000516000121/0000720005-16-000121-index.htm", "finalLink": "https://www.sec.gov/Archives/edgar/data/720005/000072000516000121/a2016033110qrjf.htm"}, {"date": "2015-12-31", "symbol": "RJF", "reportedCurrency": "USD", "cik": "0000720005", "fillingDate": "2016-02-08", "acceptedDate": "2016-02-08 15:43:22", "calendarYear": "2016", "period": "Q1", "revenue": 1249608000, "costOfRevenue": 41789000, "grossProfit": 1207819000, "grossProfitRatio": 0.9665583127, "researchAndDevelopmentExpenses": 0, "generalAndAdministrativeExpenses": 908187000, "sellingAndMarketingExpenses": 40624000, "sellingGeneralAndAdministrativeExpenses": 979160000, "otherExpenses": 270448000, "operatingExpenses": 1249608000, "costAndExpenses": 948811000, "interestIncome": 142471000, "interestExpense": 26699000, "depreciationAndAmortization": 17909000, "ebitda": 0, "ebitdaratio": 0, "operatingIncome": 209191000, "operatingIncomeRatio": 0.1674052983, "totalOtherIncomeExpensesNet": -39118000, "incomeBeforeTax": 170073000, "incomeBeforeTaxRatio": 0.1361010813, "incomeTaxExpense": 62009000, "netIncome": 106329000, "netIncomeRatio": 0.0850898842, "eps": 0.49, "epsdiluted": 0.49, "weightedAverageShsOut": 214587000, "weightedAverageShsOutDil": 219212000, "link": "https://www.sec.gov/Archives/edgar/data/720005/000072000516000103/0000720005-16-000103-index.htm", "finalLink": "https://www.sec.gov/Archives/edgar/data/720005/000072000516000103/a2015123110qrjf.htm"}, {"date": "2015-09-30", "symbol": "RJF", "reportedCurrency": "USD", "cik": "0000720005", "fillingDate": "2015-11-25", "acceptedDate": "2015-11-25 11:20:52", "calendarYear": "2015", "period": "Q4", "revenue": 1315935000, "costOfRevenue": -3618729000, "grossProfit": 4934664000, "grossProfitRatio": 3.7499298978, "researchAndDevelopmentExpenses": 0, "generalAndAdministrativeExpenses": 945677000, "sellingAndMarketingExpenses": 39359000, "sellingGeneralAndAdministrativeExpenses": 1013289000, "otherExpenses": 302646000, "operatingExpenses": 1315935000, "costAndExpenses": 985036000, "interestIncome": 139538000, "interestExpense": 26000000, "depreciationAndAmortization": 17264000, "ebitda": 0, "ebitdaratio": 0, "operatingIncome": 237666000, "operatingIncomeRatio": 0.180606185, "totalOtherIncomeExpensesNet": -36531000, "incomeBeforeTax": 201135000, "incomeBeforeTaxRatio": 0.1528456953, "incomeTaxExpense": 77630000, "netIncome": 129186000, "netIncomeRatio": 0.0981705023, "eps": 0.6, "epsdiluted": 0.59, "weightedAverageShsOut": 214758000, "weightedAverageShsOutDil": 219419000, "link": "https://www.sec.gov/Archives/edgar/data/720005/000072000515000075/0000720005-15-000075-index.htm", "finalLink": "https://www.sec.gov/Archives/edgar/data/720005/000072000515000075/rjf-2015930x10k.htm"}, {"date": "2015-06-30", "symbol": "RJF", "reportedCurrency": "USD", "cik": "0000720005", "fillingDate": "2015-08-07", "acceptedDate": "2015-08-07 14:47:56", "calendarYear": "2015", "period": "Q3", "revenue": 1296048000, "costOfRevenue": 40269000, "grossProfit": 1255779000, "grossProfitRatio": 0.9689293915, "researchAndDevelopmentExpenses": 0, "generalAndAdministrativeExpenses": 1010736000, "sellingAndMarketingExpenses": 40127000, "sellingGeneralAndAdministrativeExpenses": 981738000, "otherExpenses": 285312000, "operatingExpenses": 1296048000, "costAndExpenses": 1124123000, "interestIncome": 137147000, "interestExpense": 27724000, "depreciationAndAmortization": 17122000, "ebitda": 0, "ebitdaratio": 0, "operatingIncome": 235854000, "operatingIncomeRatio": 0.1819793711, "totalOtherIncomeExpensesNet": -34559000, "incomeBeforeTax": 201295000, "incomeBeforeTaxRatio": 0.1553144637, "incomeTaxExpense": 74935000, "netIncome": 133195000, "netIncomeRatio": 0.1027701135, "eps": 0.62, "epsdiluted": 0.61, "weightedAverageShsOut": 214878000, "weightedAverageShsOutDil": 219740000, "link": "https://www.sec.gov/Archives/edgar/data/720005/000072000515000053/0000720005-15-000053-index.htm", "finalLink": "https://www.sec.gov/Archives/edgar/data/720005/000072000515000053/rjf-2015063010q.htm"}, {"date": "2015-03-31", "symbol": "RJF", "reportedCurrency": "USD", "cik": "0000720005", "fillingDate": "2015-05-08", "acceptedDate": "2015-05-08 14:41:03", "calendarYear": "2015", "period": "Q2", "revenue": 1257203000, "costOfRevenue": -13817000, "grossProfit": 1271020000, "grossProfitRatio": 1.0109902697, "researchAndDevelopmentExpenses": 0, "generalAndAdministrativeExpenses": 992359000, "sellingAndMarketingExpenses": 42490000, "sellingGeneralAndAdministrativeExpenses": 966328000, "otherExpenses": 264844000, "operatingExpenses": 1257203000, "costAndExpenses": 1097525000, "interestIncome": 134413000, "interestExpense": 26846000, "depreciationAndAmortization": 17602000, "ebitda": 0, "ebitdaratio": 0, "operatingIncome": 207166000, "operatingIncomeRatio": 0.164783253, "totalOtherIncomeExpensesNet": -31533000, "incomeBeforeTax": 175633000, "incomeBeforeTaxRatio": 0.1397013847, "incomeTaxExpense": 66857000, "netIncome": 113463000, "netIncomeRatio": 0.0902503414, "eps": 0.53, "epsdiluted": 0.51, "weightedAverageShsOut": 213480000, "weightedAverageShsOutDil": 219075000, "link": "https://www.sec.gov/Archives/edgar/data/720005/000072000515000028/0000720005-15-000028-index.htm", "finalLink": "https://www.sec.gov/Archives/edgar/data/720005/000072000515000028/rjf-2015033110q.htm"}, {"date": "2014-12-31", "symbol": "RJF", "reportedCurrency": "USD", "cik": "0000720005", "fillingDate": "2015-02-06", "acceptedDate": "2015-02-06 16:26:46", "calendarYear": "2015", "period": "Q1", "revenue": 1279844000, "costOfRevenue": 39227000, "grossProfit": 1189480000, "grossProfitRatio": 0.92939452, "researchAndDevelopmentExpenses": 0, "generalAndAdministrativeExpenses": 934356000, "sellingAndMarketingExpenses": 36990000, "sellingGeneralAndAdministrativeExpenses": 914471000, "otherExpenses": 294351000, "operatingExpenses": 1228707000, "costAndExpenses": 1040824000, "interestIncome": 132109000, "interestExpense": 27384000, "depreciationAndAmortization": 16327000, "ebitda": 0, "ebitdaratio": 0, "operatingIncome": 230292000, "operatingIncomeRatio": 0.1799375549, "totalOtherIncomeExpensesNet": -31643000, "incomeBeforeTax": 198649000, "incomeBeforeTaxRatio": 0.1552134479, "incomeTaxExpense": 76612000, "netIncome": 126296000, "netIncomeRatio": 0.0986807767, "eps": 0.6, "epsdiluted": 0.58, "weightedAverageShsOut": 211869000, "weightedAverageShsOutDil": 217923000, "link": "https://www.sec.gov/Archives/edgar/data/720005/000072000515000009/0000720005-15-000009-index.htm", "finalLink": "https://www.sec.gov/Archives/edgar/data/720005/000072000515000009/rjf-2014123110q.htm"}, {"date": "2014-09-30", "symbol": "RJF", "reportedCurrency": "USD", "cik": "0000720005", "fillingDate": "2014-11-25", "acceptedDate": "2014-11-25 15:25:33", "calendarYear": "2014", "period": "Q4", "revenue": 1260453000, "costOfRevenue": -3346946000, "grossProfit": 4607399000, "grossProfitRatio": 3.6553516871, "researchAndDevelopmentExpenses": 0, "generalAndAdministrativeExpenses": 911237000, "sellingAndMarketingExpenses": 35682000, "sellingGeneralAndAdministrativeExpenses": 963571000, "otherExpenses": 296882000, "operatingExpenses": 1260453000, "costAndExpenses": 946919000, "interestIncome": 126009000, "interestExpense": 25687000, "depreciationAndAmortization": 16005000, "ebitda": 0, "ebitdaratio": 0, "operatingIncome": 245079000, "operatingIncomeRatio": 0.194437238, "totalOtherIncomeExpensesNet": -39875000, "incomeBeforeTax": 205204000, "incomeBeforeTaxRatio": 0.1628017863, "incomeTaxExpense": 76048000, "netIncome": 136366000, "netIncomeRatio": 0.1081880879, "eps": 0.65, "epsdiluted": 0.63, "weightedAverageShsOut": 210735000, "weightedAverageShsOutDil": 216630000, "link": "https://www.sec.gov/Archives/edgar/data/720005/000072000514000077/0000720005-14-000077-index.htm", "finalLink": "https://www.sec.gov/Archives/edgar/data/720005/000072000514000077/rjf-2014930x10k.htm"}, {"date": "2014-06-30", "symbol": "RJF", "reportedCurrency": "USD", "cik": "0000720005", "fillingDate": "2014-08-08", "acceptedDate": "2014-08-08 15:38:42", "calendarYear": "2014", "period": "Q3", "revenue": 1192009000, "costOfRevenue": 40757000, "grossProfit": 1151252000, "grossProfitRatio": 0.9658081441, "researchAndDevelopmentExpenses": 0, "generalAndAdministrativeExpenses": 923926000, "sellingAndMarketingExpenses": 35079000, "sellingGeneralAndAdministrativeExpenses": 901342000, "otherExpenses": 268083000, "operatingExpenses": 1192009000, "costAndExpenses": 901342000, "interestIncome": 119391000, "interestExpense": 27052000, "depreciationAndAmortization": 15714000, "ebitda": 0, "ebitdaratio": 0, "operatingIncome": 218295000, "operatingIncomeRatio": 0.1831320066, "totalOtherIncomeExpensesNet": -39362000, "incomeBeforeTax": 178933000, "incomeBeforeTaxRatio": 0.1501104438, "incomeTaxExpense": 68554000, "netIncome": 122689000, "netIncomeRatio": 0.1029262363, "eps": 0.58, "epsdiluted": 0.57, "weightedAverageShsOut": 210405000, "weightedAverageShsOutDil": 215978000, "link": "https://www.sec.gov/Archives/edgar/data/720005/000072000514000057/0000720005-14-000057-index.htm", "finalLink": "https://www.sec.gov/Archives/edgar/data/720005/000072000514000057/rjf-2014063010q.htm"}, {"date": "2014-03-31", "symbol": "RJF", "reportedCurrency": "USD", "cik": "0000720005", "fillingDate": "2014-05-09", "acceptedDate": "2014-05-09 15:21:47", "calendarYear": "2014", "period": "Q2", "revenue": 1154971000, "costOfRevenue": -9757000, "grossProfit": 1164728000, "grossProfitRatio": 1.0084478312, "researchAndDevelopmentExpenses": 0, "generalAndAdministrativeExpenses": 918461000, "sellingAndMarketingExpenses": 0, "sellingGeneralAndAdministrativeExpenses": 918461000, "otherExpenses": 236510000, "operatingExpenses": 1154971000, "costAndExpenses": 1026637000, "interestIncome": 118393000, "interestExpense": 25980000, "depreciationAndAmortization": 15835000, "ebitda": 0, "ebitdaratio": 0, "operatingIncome": 191444000, "operatingIncomeRatio": 0.1657565428, "totalOtherIncomeExpensesNet": -38445000, "incomeBeforeTax": 152999000, "incomeBeforeTaxRatio": 0.1324699928, "incomeTaxExpense": 60904000, "netIncome": 104560000, "netIncomeRatio": 0.0905304116, "eps": 0.49, "epsdiluted": 0.48, "weightedAverageShsOut": 209832000, "weightedAverageShsOutDil": 215454000, "link": "https://www.sec.gov/Archives/edgar/data/720005/000072000514000032/0000720005-14-000032-index.htm", "finalLink": "https://www.sec.gov/Archives/edgar/data/720005/000072000514000032/rjf-20140331x10q.htm"}, {"date": "2013-12-31", "symbol": "RJF", "reportedCurrency": "USD", "cik": "0000720005", "fillingDate": "2014-02-07", "acceptedDate": "2014-02-07 16:19:13", "calendarYear": "2014", "period": "Q1", "revenue": 1161649000, "costOfRevenue": 39685000, "grossProfit": 1121964000, "grossProfitRatio": 0.9658373571, "researchAndDevelopmentExpenses": 0, "generalAndAdministrativeExpenses": 899043000, "sellingAndMarketingExpenses": 0, "sellingGeneralAndAdministrativeExpenses": 899043000, "otherExpenses": 262606000, "operatingExpenses": 1161649000, "costAndExpenses": 995173000, "interestIncome": 117093000, "interestExpense": 25372000, "depreciationAndAmortization": 16609000, "ebitda": 0, "ebitdaratio": 0, "operatingIncome": 213504000, "operatingIncomeRatio": 0.1837938999, "totalOtherIncomeExpensesNet": -25484000, "incomeBeforeTax": 178812000, "incomeBeforeTaxRatio": 0.1539294572, "incomeTaxExpense": 62291000, "netIncome": 116633000, "netIncomeRatio": 0.1004029617, "eps": 0.55, "epsdiluted": 0.54, "weightedAverageShsOut": 208634000, "weightedAverageShsOutDil": 213896000, "link": "https://www.sec.gov/Archives/edgar/data/720005/000072000514000012/0000720005-14-000012-index.htm", "finalLink": "https://www.sec.gov/Archives/edgar/data/720005/000072000514000012/rjf-20131231x10q.htm"}, {"date": "2013-09-30", "symbol": "RJF", "reportedCurrency": "USD", "cik": "0000720005", "fillingDate": "2013-11-26", "acceptedDate": "2013-11-26 15:37:08", "calendarYear": "2013", "period": "Q4", "revenue": 1103611000, "costOfRevenue": -3147002000, "grossProfit": 4250613000, "grossProfitRatio": 3.851550048, "researchAndDevelopmentExpenses": 0, "generalAndAdministrativeExpenses": 851485000, "sellingAndMarketingExpenses": 0, "sellingGeneralAndAdministrativeExpenses": 851485000, "otherExpenses": 252126000, "operatingExpenses": 1103611000, "costAndExpenses": 968536000, "interestIncome": 115065000, "interestExpense": 26955000, "depreciationAndAmortization": 17469000, "ebitda": 0, "ebitdaratio": 0, "operatingIncome": 215943000, "operatingIncomeRatio": 0.1956694886, "totalOtherIncomeExpensesNet": -57400000, "incomeBeforeTax": 158543000, "incomeBeforeTaxRatio": 0.1436584086, "incomeTaxExpense": 44511000, "netIncome": 117458000, "netIncomeRatio": 0.1064306173, "eps": 0.56, "epsdiluted": 0.55, "weightedAverageShsOut": 207671000, "weightedAverageShsOutDil": 212690000, "link": "https://www.sec.gov/Archives/edgar/data/720005/000072000513000089/0000720005-13-000089-index.htm", "finalLink": "https://www.sec.gov/Archives/edgar/data/720005/000072000513000089/rjf-2013930x10k.htm"}, {"date": "2013-06-30", "symbol": "RJF", "reportedCurrency": "USD", "cik": "0000720005", "fillingDate": "2013-08-08", "acceptedDate": "2013-08-08 14:52:00", "calendarYear": "2013", "period": "Q3", "revenue": 1137728000, "costOfRevenue": 39323000, "grossProfit": 1050578000, "grossProfitRatio": 0.9233999691, "researchAndDevelopmentExpenses": 0, "generalAndAdministrativeExpenses": 871199000, "sellingAndMarketingExpenses": 0, "sellingGeneralAndAdministrativeExpenses": 871199000, "otherExpenses": 218702000, "operatingExpenses": 1089901000, "costAndExpenses": 980385000, "interestIncome": 117376000, "interestExpense": 28192000, "depreciationAndAmortization": 15879000, "ebitda": 0, "ebitdaratio": 0, "operatingIncome": 160246000, "operatingIncomeRatio": 0.140847373, "totalOtherIncomeExpensesNet": -31349000, "incomeBeforeTax": 128897000, "incomeBeforeTaxRatio": 0.1132933355, "incomeTaxExpense": 48192000, "netIncome": 82987000, "netIncomeRatio": 0.0729409841, "eps": 0.4, "epsdiluted": 0.39, "weightedAverageShsOut": 207278000, "weightedAverageShsOutDil": 211847000, "link": "https://www.sec.gov/Archives/edgar/data/720005/000072000513000064/0000720005-13-000064-index.htm", "finalLink": "https://www.sec.gov/Archives/edgar/data/720005/000072000513000064/rjf-20130630x10q.htm"}, {"date": "2013-03-31", "symbol": "RJF", "reportedCurrency": "USD", "cik": "0000720005", "fillingDate": "2013-05-09", "acceptedDate": "2013-05-09 14:34:29", "calendarYear": "2013", "period": "Q2", "revenue": 1123280000, "costOfRevenue": -8324000, "grossProfit": 1131604000, "grossProfitRatio": 1.0074104409, "researchAndDevelopmentExpenses": 0, "generalAndAdministrativeExpenses": 859553000, "sellingAndMarketingExpenses": 0, "sellingGeneralAndAdministrativeExpenses": 859553000, "otherExpenses": 263727000, "operatingExpenses": 979430000, "costAndExpenses": 979430000, "interestIncome": 118032000, "interestExpense": 27203000, "depreciationAndAmortization": 16593000, "ebitda": 0, "ebitdaratio": 0, "operatingIncome": 220671000, "operatingIncomeRatio": 0.1964523538, "totalOtherIncomeExpensesNet": -61368000, "incomeBeforeTax": 159303000, "incomeBeforeTaxRatio": 0.1418194929, "incomeTaxExpense": 51057000, "netIncome": 79052000, "netIncomeRatio": 0.0703760416, "eps": 0.38, "epsdiluted": 0.37, "weightedAverageShsOut": 206726000, "weightedAverageShsOutDil": 211083000, "link": "https://www.sec.gov/Archives/edgar/data/720005/000072000513000038/0000720005-13-000038-index.htm", "finalLink": "https://www.sec.gov/Archives/edgar/data/720005/000072000513000038/rjf-20130331x10q.htm"}, {"date": "2012-12-31", "symbol": "RJF", "reportedCurrency": "USD", "cik": "0000720005", "fillingDate": "2013-02-08", "acceptedDate": "2013-02-08 12:20:48", "calendarYear": "2013", "period": "Q1", "revenue": 1091270000, "costOfRevenue": 39478000, "grossProfit": 1051792000, "grossProfitRatio": 0.9638238016, "researchAndDevelopmentExpenses": 0, "generalAndAdministrativeExpenses": 853543000, "sellingAndMarketingExpenses": 0, "sellingGeneralAndAdministrativeExpenses": 853543000, "otherExpenses": 237727000, "operatingExpenses": 1091270000, "costAndExpenses": 959024000, "interestIncome": 123126000, "interestExpense": 28021000, "depreciationAndAmortization": 16418000, "ebitda": 0, "ebitdaratio": 0, "operatingIncome": 167168000, "operatingIncomeRatio": 0.1531866541, "totalOtherIncomeExpensesNet": -20001000, "incomeBeforeTax": 147167000, "incomeBeforeTaxRatio": 0.1348584677, "incomeTaxExpense": 53273000, "netIncome": 84670000, "netIncomeRatio": 0.0775884978, "eps": 0.41, "epsdiluted": 0.41, "weightedAverageShsOut": 204786000, "weightedAverageShsOutDil": 208041000, "link": "https://www.sec.gov/Archives/edgar/data/720005/000072000513000014/0000720005-13-000014-index.htm", "finalLink": "https://www.sec.gov/Archives/edgar/data/720005/000072000513000014/rjf-20121231x10q.htm"}, {"date": "2012-09-30", "symbol": "RJF", "reportedCurrency": "USD", "cik": "0000720005", "fillingDate": "2012-11-21", "acceptedDate": "2012-11-21 15:37:43", "calendarYear": "2012", "period": "Q4", "revenue": 1065609000, "costOfRevenue": -2606723000, "grossProfit": 3672332000, "grossProfitRatio": 3.4462284008, "researchAndDevelopmentExpenses": 0, "generalAndAdministrativeExpenses": 753235000, "sellingAndMarketingExpenses": 30393000, "sellingGeneralAndAdministrativeExpenses": 812540000, "otherExpenses": 253069000, "operatingExpenses": 1065609000, "costAndExpenses": -4639346000, "interestIncome": 121124000, "interestExpense": 27859000, "depreciationAndAmortization": 13366000, "ebitda": 0, "ebitdaratio": 0, "operatingIncome": 5796324000, "operatingIncomeRatio": 5.439447302, "totalOtherIncomeExpensesNet": -5678944000, "incomeBeforeTax": 117380000, "incomeBeforeTaxRatio": 0.1101529736, "incomeTaxExpense": 40982000, "netIncome": 83325000, "netIncomeRatio": 0.0781947225, "eps": 0.41, "epsdiluted": 0.4, "weightedAverageShsOut": 203696000, "weightedAverageShsOutDil": 206235000, "link": "https://www.sec.gov/Archives/edgar/data/720005/000072000512000113/0000720005-12-000113-index.htm", "finalLink": "https://www.sec.gov/Archives/edgar/data/720005/000072000512000113/rjf-2012930x10k.htm"}, {"date": "2012-06-30", "symbol": "RJF", "reportedCurrency": "USD", "cik": "0000720005", "fillingDate": "2012-08-08", "acceptedDate": "2012-08-08 15:45:43", "calendarYear": "2012", "period": "Q3", "revenue": 1067418000, "costOfRevenue": 41087000, "grossProfit": 1026331000, "grossProfitRatio": 0.9615080503, "researchAndDevelopmentExpenses": 0, "generalAndAdministrativeExpenses": 824430000, "sellingAndMarketingExpenses": 0, "sellingGeneralAndAdministrativeExpenses": 824430000, "otherExpenses": 242988000, "operatingExpenses": 1067418000, "costAndExpenses": 1067418000, "interestIncome": 121186000, "interestExpense": 29554000, "depreciationAndAmortization": 18026000, "ebitda": 0, "ebitdaratio": 0, "operatingIncome": 0, "operatingIncomeRatio": 0, "totalOtherIncomeExpensesNet": 137991000, "incomeBeforeTax": 137991000, "incomeBeforeTaxRatio": 0.1292755041, "incomeTaxExpense": 48520000, "netIncome": 76350000, "netIncomeRatio": 0.0715277426, "eps": 0.37, "epsdiluted": 0.37, "weightedAverageShsOut": 202884000, "weightedAverageShsOutDil": 204986000, "link": "https://www.sec.gov/Archives/edgar/data/720005/000072000512000077/0000720005-12-000077-index.htm", "finalLink": "https://www.sec.gov/Archives/edgar/data/720005/000072000512000077/rjf-2012630x10q.htm"}, {"date": "2012-03-31", "symbol": "RJF", "reportedCurrency": "USD", "cik": "0000720005", "fillingDate": "2012-05-09", "acceptedDate": "2012-05-09 11:56:24", "calendarYear": "2012", "period": "Q2", "revenue": 855724000, "costOfRevenue": 27231000, "grossProfit": 828493000, "grossProfitRatio": 0.9681778237, "researchAndDevelopmentExpenses": 0, "generalAndAdministrativeExpenses": 631416000, "sellingAndMarketingExpenses": 43741000, "sellingGeneralAndAdministrativeExpenses": 668014000, "otherExpenses": 187710000, "operatingExpenses": 855724000, "costAndExpenses": 855724000, "interestIncome": 108852000, "interestExpense": 17916000, "depreciationAndAmortization": 10082000, "ebitda": 0, "ebitdaratio": 0, "operatingIncome": 129413000, "operatingIncomeRatio": 0.151232173, "totalOtherIncomeExpensesNet": -21511000, "incomeBeforeTax": 107902000, "incomeBeforeTaxRatio": 0.1260943949, "incomeTaxExpense": 42628000, "netIncome": 68869000, "netIncomeRatio": 0.0804803885, "eps": 0.35, "epsdiluted": 0.35, "weightedAverageShsOut": 194030000, "weightedAverageShsOutDil": 195966000, "link": "https://www.sec.gov/Archives/edgar/data/720005/000072000512000056/0000720005-12-000056-index.htm", "finalLink": "https://www.sec.gov/Archives/edgar/data/720005/000072000512000056/q100312.htm"}, {"date": "2011-12-31", "symbol": "RJF", "reportedCurrency": "USD", "cik": "0000720005", "fillingDate": "2012-02-08", "acceptedDate": "2012-02-08 15:45:46", "calendarYear": "2012", "period": "Q1", "revenue": 773584000, "costOfRevenue": 25937000, "grossProfit": 747647000, "grossProfitRatio": 0.9664716437, "researchAndDevelopmentExpenses": 0, "generalAndAdministrativeExpenses": 607028000, "sellingAndMarketingExpenses": 0, "sellingGeneralAndAdministrativeExpenses": 607028000, "otherExpenses": 161733000, "operatingExpenses": 768761000, "costAndExpenses": 768761000, "interestIncome": 102096000, "interestExpense": 16040000, "depreciationAndAmortization": 9971000, "ebitda": 0, "ebitdaratio": 0, "operatingIncome": 0, "operatingIncomeRatio": 0, "totalOtherIncomeExpensesNet": 104648000, "incomeBeforeTax": 104648000, "incomeBeforeTaxRatio": 0.1352768413, "incomeTaxExpense": 43526000, "netIncome": 67325000, "netIncomeRatio": 0.0870299799, "eps": 0.36, "epsdiluted": 0.36, "weightedAverageShsOut": 184838000, "weightedAverageShsOutDil": 185568000, "link": "https://www.sec.gov/Archives/edgar/data/720005/000072000512000013/0000720005-12-000013-index.htm", "finalLink": "https://www.sec.gov/Archives/edgar/data/720005/000072000512000013/q101211.htm"}, {"date": "2011-09-30", "symbol": "RJF", "reportedCurrency": "USD", "cik": "0000720005", "fillingDate": "2011-11-23", "acceptedDate": "2011-11-23 16:41:06", "calendarYear": "2011", "period": "Q4", "revenue": 817783000, "costOfRevenue": -2407673000, "grossProfit": 3225456000, "grossProfitRatio": 3.9441465523, "researchAndDevelopmentExpenses": 0, "generalAndAdministrativeExpenses": 571164000, "sellingAndMarketingExpenses": 33924000, "sellingGeneralAndAdministrativeExpenses": 605088000, "otherExpenses": 212695000, "operatingExpenses": -1833352000, "costAndExpenses": -4241025000, "interestIncome": 95289000, "interestExpense": 16814000, "depreciationAndAmortization": 10007000, "ebitda": 0, "ebitdaratio": 0, "operatingIncome": 5124638000, "operatingIncomeRatio": 6.2665010156, "totalOtherIncomeExpensesNet": -5005956000, "incomeBeforeTax": 118682000, "incomeBeforeTaxRatio": 0.1451265189, "incomeTaxExpense": 56902000, "netIncome": 68927000, "netIncomeRatio": 0.0842851955, "eps": 0.37, "epsdiluted": 0.37, "weightedAverageShsOut": 184264500, "weightedAverageShsOutDil": 185095500, "link": "https://www.sec.gov/Archives/edgar/data/720005/000072000511000101/0000720005-11-000101-index.htm", "finalLink": "https://www.sec.gov/Archives/edgar/data/720005/000072000511000101/k10093011.htm"}, {"date": "2011-06-30", "symbol": "RJF", "reportedCurrency": "USD", "cik": "0000720005", "fillingDate": "2011-08-09", "acceptedDate": "2011-08-09 17:09:53", "calendarYear": "2011", "period": "Q3", "revenue": 850387000, "costOfRevenue": 27140000, "grossProfit": 823247000, "grossProfitRatio": 0.9680851189, "researchAndDevelopmentExpenses": 0, "generalAndAdministrativeExpenses": 608229000, "sellingAndMarketingExpenses": 36156000, "sellingGeneralAndAdministrativeExpenses": 619585000, "otherExpenses": 230802000, "operatingExpenses": 850387000, "costAndExpenses": 850387000, "interestIncome": 95832000, "interestExpense": 17825000, "depreciationAndAmortization": 10528000, "ebitda": 0, "ebitdaratio": 0, "operatingIncome": 0, "operatingIncomeRatio": 0, "totalOtherIncomeExpensesNet": 81079000, "incomeBeforeTax": 81079000, "incomeBeforeTaxRatio": 0.0953436494, "incomeTaxExpense": 31881000, "netIncome": 46786000, "netIncomeRatio": 0.0550173039, "eps": 0.25, "epsdiluted": 0.25, "weightedAverageShsOut": 184857000, "weightedAverageShsOutDil": 185937000, "link": "https://www.sec.gov/Archives/edgar/data/720005/000072000511000076/0000720005-11-000076-index.htm", "finalLink": "https://www.sec.gov/Archives/edgar/data/720005/000072000511000076/q100611.htm"}, {"date": "2011-03-31", "symbol": "RJF", "reportedCurrency": "USD", "cik": "0000720005", "fillingDate": "2011-05-10", "acceptedDate": "2011-05-09 18:09:25", "calendarYear": "2011", "period": "Q2", "revenue": 852057000, "costOfRevenue": 26773000, "grossProfit": 825284000, "grossProfitRatio": 0.9685783932, "researchAndDevelopmentExpenses": 0, "generalAndAdministrativeExpenses": 587454000, "sellingAndMarketingExpenses": 36380000, "sellingGeneralAndAdministrativeExpenses": 623834000, "otherExpenses": 228223000, "operatingExpenses": 852057000, "costAndExpenses": 852057000, "interestIncome": 96811000, "interestExpense": 14687000, "depreciationAndAmortization": 10228000, "ebitda": 0, "ebitdaratio": 0, "operatingIncome": 0, "operatingIncomeRatio": 0, "totalOtherIncomeExpensesNet": 124238000, "incomeBeforeTax": 124238000, "incomeBeforeTaxRatio": 0.145809494, "incomeTaxExpense": 45320000, "netIncome": 80917000, "netIncomeRatio": 0.0949666513, "eps": 0.44, "epsdiluted": 0.44, "weightedAverageShsOut": 183594000, "weightedAverageShsOutDil": 184898000, "link": "https://www.sec.gov/Archives/edgar/data/720005/000072000511000043/0000720005-11-000043-index.htm", "finalLink": "https://www.sec.gov/Archives/edgar/data/720005/000072000511000043/q100311-2.htm"}, {"date": "2010-12-31", "symbol": "RJF", "reportedCurrency": "USD", "cik": "0000720005", "fillingDate": "2011-02-08", "acceptedDate": "2011-02-08 17:05:26", "calendarYear": "2011", "period": "Q1", "revenue": 714715000, "costOfRevenue": 26229, "grossProfit": 714689000, "grossProfitRatio": 0.9999636219, "researchAndDevelopmentExpenses": 0, "generalAndAdministrativeExpenses": 568705000, "sellingAndMarketingExpenses": 31145000, "sellingGeneralAndAdministrativeExpenses": 589933000, "otherExpenses": 223896000, "operatingExpenses": 813829000, "costAndExpenses": 813829000, "interestIncome": 104386000, "interestExpense": 16504000, "depreciationAndAmortization": 9574000, "ebitda": 0, "ebitdaratio": 0, "operatingIncome": 147018000, "operatingIncomeRatio": 0.2057015734, "totalOtherIncomeExpensesNet": -20272000, "incomeBeforeTax": 126746000, "incomeBeforeTaxRatio": 0.17733782, "incomeTaxExpense": 48791000, "netIncome": 81723000, "netIncomeRatio": 0.1143434796, "eps": 0.45, "epsdiluted": 0.45, "weightedAverageShsOut": 181733000, "weightedAverageShsOutDil": 182301000, "link": "https://www.sec.gov/Archives/edgar/data/720005/000072000511000013/0000720005-11-000013-index.htm", "finalLink": "https://www.sec.gov/Archives/edgar/data/720005/000072000511000013/q02082011.htm"}, {"date": "2010-09-30", "symbol": "RJF", "reportedCurrency": "USD", "cik": "0000720005", "fillingDate": "2010-11-24", "acceptedDate": "2010-11-24 14:21:48", "calendarYear": "2010", "period": "Q4", "revenue": 747886000, "costOfRevenue": 104945, "grossProfit": 747781000, "grossProfitRatio": 0.9998596043, "researchAndDevelopmentExpenses": 0, "generalAndAdministrativeExpenses": 526027000, "sellingAndMarketingExpenses": 52283000, "sellingGeneralAndAdministrativeExpenses": 578310000, "otherExpenses": 169576000, "operatingExpenses": 747886000, "costAndExpenses": -1684266000, "interestIncome": 93465000, "interestExpense": 15362000, "depreciationAndAmortization": 10173000, "ebitda": 0, "ebitdaratio": 0, "operatingIncome": 1687246000, "operatingIncomeRatio": 2.2560203026, "totalOtherIncomeExpensesNet": -1943557000, "incomeBeforeTax": 99476000, "incomeBeforeTaxRatio": 0.1330095763, "incomeTaxExpense": 36288000, "netIncome": 69065000, "netIncomeRatio": 0.092346962, "eps": 0.38, "epsdiluted": 0.38, "weightedAverageShsOut": 179218000, "weightedAverageShsOutDil": 179708500, "link": "https://www.sec.gov/Archives/edgar/data/720005/000072000510000081/0000720005-10-000081-index.htm", "finalLink": "https://www.sec.gov/Archives/edgar/data/720005/000072000510000081/k10093010.htm"}]