[{"date": "2025-06-30", "symbol": "CNC", "reportedCurrency": "USD", "cik": "0001071739", "fillingDate": "2025-07-25", "acceptedDate": "2025-07-24 21:45:00", "calendarYear": "2025", "period": "Q2", "revenue": 48742000000, "costOfRevenue": 45795000000, "grossProfit": 2947000000, "grossProfitRatio": 0.0604612039, "researchAndDevelopmentExpenses": 0, "generalAndAdministrativeExpenses": 0, "sellingAndMarketingExpenses": 0, "sellingGeneralAndAdministrativeExpenses": 3036000000, "otherExpenses": 313000000, "operatingExpenses": 3349000000, "costAndExpenses": 49144000000, "interestIncome": 0, "interestExpense": 170000000, "depreciationAndAmortization": 0, "ebitda": -87000000, "ebitdaratio": -0.0017849083, "operatingIncome": -402000000, "operatingIncomeRatio": -0.0082475073, "totalOtherIncomeExpensesNet": 145000000, "incomeBeforeTax": -257000000, "incomeBeforeTaxRatio": -0.0052726601, "incomeTaxExpense": 2000000, "netIncome": -253000000, "netIncomeRatio": -0.0051905954, "eps": -0.51, "epsdiluted": -0.51, "weightedAverageShsOut": 493548000, "weightedAverageShsOutDil": 493548000, "link": "https://www.sec.gov/Archives/edgar/data/1071739/000107173925000150/0001071739-25-000150-index.htm", "finalLink": "https://www.sec.gov/Archives/edgar/data/1071739/000107173925000150/cnc-20250630.htm"}, {"date": "2025-03-31", "symbol": "CNC", "reportedCurrency": "USD", "cik": "0001071739", "fillingDate": "2025-04-25", "acceptedDate": "2025-04-24 20:18:11", "calendarYear": "2025", "period": "Q1", "revenue": 46620000000, "costOfRevenue": 41418000000, "grossProfit": 5202000000, "grossProfitRatio": 0.1115830116, "researchAndDevelopmentExpenses": 0, "generalAndAdministrativeExpenses": 0, "sellingAndMarketingExpenses": 0, "sellingGeneralAndAdministrativeExpenses": 3353000000, "otherExpenses": 315000000, "operatingExpenses": 3668000000, "costAndExpenses": 45086000000, "interestIncome": 0, "interestExpense": 170000000, "depreciationAndAmortization": 315000000, "ebitda": 2231000000, "ebitdaratio": 0.0478549979, "operatingIncome": 1534000000, "operatingIncomeRatio": 0.0329043329, "totalOtherIncomeExpensesNet": 212000000, "incomeBeforeTax": 1746000000, "incomeBeforeTaxRatio": 0.0374517375, "incomeTaxExpense": 432000000, "netIncome": 1311000000, "netIncomeRatio": 0.0281209781, "eps": 2.64, "epsdiluted": 2.63, "weightedAverageShsOut": 496214000, "weightedAverageShsOutDil": 498180000, "link": "https://www.sec.gov/Archives/edgar/data/1071739/000107173925000086/0001071739-25-000086-index.htm", "finalLink": "https://www.sec.gov/Archives/edgar/data/1071739/000107173925000086/cnc-20250331.htm"}, {"date": "2024-12-31", "symbol": "CNC", "reportedCurrency": "USD", "cik": "0001071739", "fillingDate": "2025-02-18", "acceptedDate": "2025-02-18 17:02:34", "calendarYear": "2024", "period": "Q4", "revenue": 40805000000, "costOfRevenue": 37085000000, "grossProfit": 3720000000, "grossProfitRatio": 0.0911652984, "researchAndDevelopmentExpenses": 0, "generalAndAdministrativeExpenses": 0, "sellingAndMarketingExpenses": 0, "sellingGeneralAndAdministrativeExpenses": 3231000000, "otherExpenses": 314000000, "operatingExpenses": 3545000000, "costAndExpenses": 40630000000, "interestIncome": 0, "interestExpense": 172000000, "depreciationAndAmortization": 314000000, "ebitda": 833000000, "ebitdaratio": 0.0204141649, "operatingIncome": 175000000, "operatingIncomeRatio": 0.0042886901, "totalOtherIncomeExpensesNet": 172000000, "incomeBeforeTax": 347000000, "incomeBeforeTaxRatio": 0.0085038598, "incomeTaxExpense": 67000000, "netIncome": 283000000, "netIncomeRatio": 0.0069354246, "eps": 0.57, "epsdiluted": 0.56, "weightedAverageShsOut": 500424000, "weightedAverageShsOutDil": 501978000, "link": "https://www.sec.gov/Archives/edgar/data/1071739/000107173925000027/0001071739-25-000027-index.htm", "finalLink": "https://www.sec.gov/Archives/edgar/data/1071739/000107173925000027/cnc-20241231.htm"}, {"date": "2024-09-30", "symbol": "CNC", "reportedCurrency": "USD", "cik": "0001071739", "fillingDate": "2024-10-25", "acceptedDate": "2024-10-24 19:24:57", "calendarYear": "2024", "period": "Q3", "revenue": 42023000000, "costOfRevenue": 37988000000, "grossProfit": 4035000000, "grossProfitRatio": 0.0960188468, "researchAndDevelopmentExpenses": 0, "generalAndAdministrativeExpenses": 0, "sellingAndMarketingExpenses": 0, "sellingGeneralAndAdministrativeExpenses": 3057000000, "otherExpenses": 313000000, "operatingExpenses": 3370000000, "costAndExpenses": 41358000000, "interestIncome": 0, "interestExpense": 176000000, "depreciationAndAmortization": 313000000, "ebitda": 1410000000, "ebitdaratio": 0.0335530543, "operatingIncome": 665000000, "operatingIncomeRatio": 0.0158246674, "totalOtherIncomeExpensesNet": 256000000, "incomeBeforeTax": 921000000, "incomeBeforeTaxRatio": 0.0219165695, "incomeTaxExpense": 211000000, "netIncome": 713000000, "netIncomeRatio": 0.0169668991, "eps": 1.37, "epsdiluted": 1.36, "weightedAverageShsOut": 521965000, "weightedAverageShsOutDil": 523542000, "link": "https://www.sec.gov/Archives/edgar/data/1071739/000107173924000200/0001071739-24-000200-index.htm", "finalLink": "https://www.sec.gov/Archives/edgar/data/1071739/000107173924000200/cnc-20240930.htm"}, {"date": "2024-06-30", "symbol": "CNC", "reportedCurrency": "USD", "cik": "0001071739", "fillingDate": "2024-07-26", "acceptedDate": "2024-07-25 18:05:54", "calendarYear": "2024", "period": "Q2", "revenue": 39836000000, "costOfRevenue": 35407000000, "grossProfit": 4429000000, "grossProfitRatio": 0.1111808414, "researchAndDevelopmentExpenses": 0, "generalAndAdministrativeExpenses": 0, "sellingAndMarketingExpenses": 0, "sellingGeneralAndAdministrativeExpenses": 2894000000, "otherExpenses": 306000000, "operatingExpenses": 3200000000, "costAndExpenses": 38607000000, "interestIncome": 0, "interestExpense": 176000000, "depreciationAndAmortization": 306000000, "ebitda": 1998000000, "ebitdaratio": 0.0501556381, "operatingIncome": 1229000000, "operatingIncomeRatio": 0.0308514911, "totalOtherIncomeExpensesNet": 287000000, "incomeBeforeTax": 1516000000, "incomeBeforeTaxRatio": 0.0380560297, "incomeTaxExpense": 370000000, "netIncome": 1146000000, "netIncomeRatio": 0.0287679486, "eps": 2.16, "epsdiluted": 2.16, "weightedAverageShsOut": 529602000, "weightedAverageShsOutDil": 530755000, "link": "https://www.sec.gov/Archives/edgar/data/1071739/000107173924000157/0001071739-24-000157-index.htm", "finalLink": "https://www.sec.gov/Archives/edgar/data/1071739/000107173924000157/cnc-20240630.htm"}, {"date": "2024-03-31", "symbol": "CNC", "reportedCurrency": "USD", "cik": "0001071739", "fillingDate": "2024-04-26", "acceptedDate": "2024-04-25 19:08:02", "calendarYear": "2024", "period": "Q1", "revenue": 40407000000, "costOfRevenue": 35762000000, "grossProfit": 4645000000, "grossProfitRatio": 0.1149553295, "researchAndDevelopmentExpenses": 0, "generalAndAdministrativeExpenses": 0, "sellingAndMarketingExpenses": 0, "sellingGeneralAndAdministrativeExpenses": 3218000000, "otherExpenses": 321000000, "operatingExpenses": 3539000000, "costAndExpenses": 39301000000, "interestIncome": 0, "interestExpense": 178000000, "depreciationAndAmortization": 308000000, "ebitda": 1959000000, "ebitdaratio": 0.0484816987, "operatingIncome": 1106000000, "operatingIncomeRatio": 0.027371495, "totalOtherIncomeExpensesNet": 367000000, "incomeBeforeTax": 1473000000, "incomeBeforeTaxRatio": 0.0364540797, "incomeTaxExpense": 315000000, "netIncome": 1163000000, "netIncomeRatio": 0.0287821417, "eps": 2.17, "epsdiluted": 2.16, "weightedAverageShsOut": 535109000, "weightedAverageShsOutDil": 538060000, "link": "https://www.sec.gov/Archives/edgar/data/1071739/000107173924000097/0001071739-24-000097-index.htm", "finalLink": "https://www.sec.gov/Archives/edgar/data/1071739/000107173924000097/cnc-20240331.htm"}, {"date": "2023-12-31", "symbol": "CNC", "reportedCurrency": "USD", "cik": "0001071739", "fillingDate": "2024-02-20", "acceptedDate": "2024-02-20 16:34:20", "calendarYear": "2023", "period": "Q4", "revenue": 39460000000, "costOfRevenue": 35800000000, "grossProfit": 3660000000, "grossProfitRatio": 0.0927521541, "researchAndDevelopmentExpenses": 0, "generalAndAdministrativeExpenses": 0, "sellingAndMarketingExpenses": 0, "sellingGeneralAndAdministrativeExpenses": 3488000000, "otherExpenses": 366000000, "operatingExpenses": 3854000000, "costAndExpenses": 39654000000, "interestIncome": 0, "interestExpense": 183000000, "depreciationAndAmortization": 315000000, "ebitda": 522000000, "ebitdaratio": 0.0132285859, "operatingIncome": -194000000, "operatingIncomeRatio": -0.004916371, "totalOtherIncomeExpensesNet": 218000000, "incomeBeforeTax": 24000000, "incomeBeforeTaxRatio": 0.0006082108, "incomeTaxExpense": -15000000, "netIncome": 45000000, "netIncomeRatio": 0.0011403953, "eps": 0.0842, "epsdiluted": 0.0837, "weightedAverageShsOut": 534254000, "weightedAverageShsOutDil": 537614000, "link": "https://www.sec.gov/Archives/edgar/data/1071739/000107173924000037/0001071739-24-000037-index.htm", "finalLink": "https://www.sec.gov/Archives/edgar/data/1071739/000107173924000037/cnc-20231231.htm"}, {"date": "2023-09-30", "symbol": "CNC", "reportedCurrency": "USD", "cik": "0001071739", "fillingDate": "2023-10-24", "acceptedDate": "2023-10-23 18:48:57", "calendarYear": "2023", "period": "Q3", "revenue": 38042000000, "costOfRevenue": 33491000000, "grossProfit": 4551000000, "grossProfitRatio": 0.1196309342, "researchAndDevelopmentExpenses": 0, "generalAndAdministrativeExpenses": 3048000000, "sellingAndMarketingExpenses": 0, "sellingGeneralAndAdministrativeExpenses": 3048000000, "otherExpenses": 768000000, "operatingExpenses": 3816000000, "costAndExpenses": 37307000000, "interestIncome": 0, "interestExpense": 181000000, "depreciationAndAmortization": 328000000, "ebitda": 1277000000, "ebitdaratio": 0.0335681615, "operatingIncome": 735000000, "operatingIncomeRatio": 0.0193207507, "totalOtherIncomeExpensesNet": 33000000, "incomeBeforeTax": 768000000, "incomeBeforeTaxRatio": 0.020188213, "incomeTaxExpense": 293000000, "netIncome": 469000000, "netIncomeRatio": 0.012328479, "eps": 0.87, "epsdiluted": 0.87, "weightedAverageShsOut": 539535000, "weightedAverageShsOutDil": 541270000, "link": "https://www.sec.gov/Archives/edgar/data/1071739/000107173923000209/0001071739-23-000209-index.htm", "finalLink": "https://www.sec.gov/Archives/edgar/data/1071739/000107173923000209/cnc-20230930.htm"}, {"date": "2023-06-30", "symbol": "CNC", "reportedCurrency": "USD", "cik": "0001071739", "fillingDate": "2023-07-28", "acceptedDate": "2023-07-27 18:21:26", "calendarYear": "2023", "period": "Q2", "revenue": 37608000000, "costOfRevenue": 33078000000, "grossProfit": 4530000000, "grossProfitRatio": 0.1204530951, "researchAndDevelopmentExpenses": 0, "generalAndAdministrativeExpenses": 0, "sellingAndMarketingExpenses": 0, "sellingGeneralAndAdministrativeExpenses": 3016000000, "otherExpenses": 343000000, "operatingExpenses": 3359000000, "costAndExpenses": 36437000000, "interestIncome": 0, "interestExpense": 181000000, "depreciationAndAmortization": 325000000, "ebitda": 1921000000, "ebitdaratio": 0.0510795575, "operatingIncome": 1171000000, "operatingIncomeRatio": 0.0311369921, "totalOtherIncomeExpensesNet": 244000000, "incomeBeforeTax": 1415000000, "incomeBeforeTaxRatio": 0.0376249734, "incomeTaxExpense": 360000000, "netIncome": 1058000000, "netIncomeRatio": 0.0281323123, "eps": 1.93, "epsdiluted": 1.92, "weightedAverageShsOut": 548932000, "weightedAverageShsOutDil": 550308000, "link": "https://www.sec.gov/Archives/edgar/data/1071739/000107173923000183/0001071739-23-000183-index.htm", "finalLink": "https://www.sec.gov/Archives/edgar/data/1071739/000107173923000183/cnc-20230630.htm"}, {"date": "2023-03-31", "symbol": "CNC", "reportedCurrency": "USD", "cik": "0001071739", "fillingDate": "2023-04-25", "acceptedDate": "2023-04-24 21:17:06", "calendarYear": "2023", "period": "Q1", "revenue": 38889000000, "costOfRevenue": 34315000000, "grossProfit": 4574000000, "grossProfitRatio": 0.1176168068, "researchAndDevelopmentExpenses": 0, "generalAndAdministrativeExpenses": 0, "sellingAndMarketingExpenses": 0, "sellingGeneralAndAdministrativeExpenses": 3011000000, "otherExpenses": 345000000, "operatingExpenses": 3356000000, "costAndExpenses": 37671000000, "interestIncome": 0, "interestExpense": 180000000, "depreciationAndAmortization": 325000000, "ebitda": 1896000000, "ebitdaratio": 0.0487541464, "operatingIncome": 1218000000, "operatingIncomeRatio": 0.0313199105, "totalOtherIncomeExpensesNet": 173000000, "incomeBeforeTax": 1391000000, "incomeBeforeTaxRatio": 0.0357684692, "incomeTaxExpense": 261000000, "netIncome": 1130000000, "netIncomeRatio": 0.0290570598, "eps": 2.05, "epsdiluted": 2.04, "weightedAverageShsOut": 550779000, "weightedAverageShsOutDil": 553845000, "link": "https://www.sec.gov/Archives/edgar/data/1071739/000107173923000116/0001071739-23-000116-index.htm", "finalLink": "https://www.sec.gov/Archives/edgar/data/1071739/000107173923000116/cnc-20230331.htm"}, {"date": "2022-12-31", "symbol": "CNC", "reportedCurrency": "USD", "cik": "0001071739", "fillingDate": "2023-02-21", "acceptedDate": "2023-02-21 16:29:25", "calendarYear": "2022", "period": "Q4", "revenue": 35561000000, "costOfRevenue": 31714000000, "grossProfit": 3847000000, "grossProfitRatio": 0.1081803099, "researchAndDevelopmentExpenses": 0, "generalAndAdministrativeExpenses": 0, "sellingAndMarketingExpenses": 0, "sellingGeneralAndAdministrativeExpenses": 3198000000, "otherExpenses": 931000000, "operatingExpenses": 4129000000, "costAndExpenses": 35843000000, "interestIncome": 0, "interestExpense": 174000000, "depreciationAndAmortization": 375000000, "ebitda": 590000000, "ebitdaratio": 0.0165912095, "operatingIncome": -282000000, "operatingIncomeRatio": -0.0079300357, "totalOtherIncomeExpensesNet": 323000000, "incomeBeforeTax": 41000000, "incomeBeforeTaxRatio": 0.0011529485, "incomeTaxExpense": 260000000, "netIncome": -213000000, "netIncomeRatio": -0.0059897078, "eps": -0.39, "epsdiluted": -0.39, "weightedAverageShsOut": 559934000, "weightedAverageShsOutDil": 559934000, "link": "https://www.sec.gov/Archives/edgar/data/1071739/000107173923000047/0001071739-23-000047-index.htm", "finalLink": "https://www.sec.gov/Archives/edgar/data/1071739/000107173923000047/cnc-20221231.htm"}, {"date": "2022-09-30", "symbol": "CNC", "reportedCurrency": "USD", "cik": "0001071739", "fillingDate": "2022-10-25", "acceptedDate": "2022-10-24 21:06:31", "calendarYear": "2022", "period": "Q3", "revenue": 35865000000, "costOfRevenue": 31893000000, "grossProfit": 3972000000, "grossProfitRatio": 0.1107486407, "researchAndDevelopmentExpenses": 0, "generalAndAdministrativeExpenses": 2846000000, "sellingAndMarketingExpenses": 0, "sellingGeneralAndAdministrativeExpenses": 2846000000, "otherExpenses": 650000000, "operatingExpenses": 3496000000, "costAndExpenses": 35389000000, "interestIncome": 0, "interestExpense": 169000000, "depreciationAndAmortization": 361000000, "ebitda": 1539000000, "ebitdaratio": 0.0429109159, "operatingIncome": 476000000, "operatingIncomeRatio": 0.0132719922, "totalOtherIncomeExpensesNet": 533000000, "incomeBeforeTax": 1009000000, "incomeBeforeTaxRatio": 0.0281332776, "incomeTaxExpense": 269000000, "netIncome": 738000000, "netIncomeRatio": 0.0205771644, "eps": 1.29, "epsdiluted": 1.27, "weightedAverageShsOut": 573961000, "weightedAverageShsOutDil": 580607000, "link": "https://www.sec.gov/Archives/edgar/data/1071739/000107173922000361/0001071739-22-000361-index.htm", "finalLink": "https://www.sec.gov/Archives/edgar/data/1071739/000107173922000361/cnc-20220930.htm"}, {"date": "2022-06-30", "symbol": "CNC", "reportedCurrency": "USD", "cik": "0001071739", "fillingDate": "2022-07-26", "acceptedDate": "2022-07-25 21:24:41", "calendarYear": "2022", "period": "Q2", "revenue": 35936000000, "costOfRevenue": 31452000000, "grossProfit": 4484000000, "grossProfitRatio": 0.124777382, "researchAndDevelopmentExpenses": 0, "generalAndAdministrativeExpenses": 2800000000, "sellingAndMarketingExpenses": 0, "sellingGeneralAndAdministrativeExpenses": 2800000000, "otherExpenses": 1813000000, "operatingExpenses": 4613000000, "costAndExpenses": 36065000000, "interestIncome": 0, "interestExpense": 162000000, "depreciationAndAmortization": 363000000, "ebitda": 289000000, "ebitdaratio": 0.0080420748, "operatingIncome": -129000000, "operatingIncomeRatio": -0.003589715, "totalOtherIncomeExpensesNet": -107000000, "incomeBeforeTax": -236000000, "incomeBeforeTaxRatio": -0.0065672306, "incomeTaxExpense": -65000000, "netIncome": -172000000, "netIncomeRatio": -0.0047862867, "eps": -0.29, "epsdiluted": -0.29, "weightedAverageShsOut": 583644000, "weightedAverageShsOutDil": 583644000, "link": "https://www.sec.gov/Archives/edgar/data/1071739/000107173922000286/0001071739-22-000286-index.htm", "finalLink": "https://www.sec.gov/Archives/edgar/data/1071739/000107173922000286/cnc-20220630.htm"}, {"date": "2022-03-31", "symbol": "CNC", "reportedCurrency": "USD", "cik": "0001071739", "fillingDate": "2022-04-26", "acceptedDate": "2022-04-25 20:49:46", "calendarYear": "2022", "period": "Q1", "revenue": 37185000000, "costOfRevenue": 32832000000, "grossProfit": 4353000000, "grossProfitRatio": 0.117063332, "researchAndDevelopmentExpenses": 0, "generalAndAdministrativeExpenses": 2745000000, "sellingAndMarketingExpenses": 0, "sellingGeneralAndAdministrativeExpenses": 2745000000, "otherExpenses": 355000000, "operatingExpenses": 3100000000, "costAndExpenses": 35932000000, "interestIncome": 0, "interestExpense": 160000000, "depreciationAndAmortization": 390000000, "ebitda": 1698000000, "ebitdaratio": 0.045663574, "operatingIncome": 1253000000, "operatingIncomeRatio": 0.033696383, "totalOtherIncomeExpensesNet": -105000000, "incomeBeforeTax": 1148000000, "incomeBeforeTaxRatio": 0.0308726637, "incomeTaxExpense": 296000000, "netIncome": 849000000, "netIncomeRatio": 0.022831787, "eps": 1.46, "epsdiluted": 1.44, "weightedAverageShsOut": 583230000, "weightedAverageShsOutDil": 590658000, "link": "https://www.sec.gov/Archives/edgar/data/1071739/000107173922000177/0001071739-22-000177-index.htm", "finalLink": "https://www.sec.gov/Archives/edgar/data/1071739/000107173922000177/cnc-20220331.htm"}, {"date": "2021-12-31", "symbol": "CNC", "reportedCurrency": "USD", "cik": "0001071739", "fillingDate": "2022-02-22", "acceptedDate": "2022-02-22 16:58:11", "calendarYear": "2021", "period": "Q4", "revenue": 32568000000, "costOfRevenue": 28934000000, "grossProfit": 3634000000, "grossProfitRatio": 0.1115819209, "researchAndDevelopmentExpenses": 0, "generalAndAdministrativeExpenses": 2842000000, "sellingAndMarketingExpenses": 0, "sellingGeneralAndAdministrativeExpenses": 2842000000, "otherExpenses": 189000000, "operatingExpenses": 3031000000, "costAndExpenses": 31965000000, "interestIncome": 0, "interestExpense": 162000000, "depreciationAndAmortization": 378000000, "ebitda": 1234000000, "ebitdaratio": 0.0378899533, "operatingIncome": 603000000, "operatingIncomeRatio": 0.0185151069, "totalOtherIncomeExpensesNet": 91000000, "incomeBeforeTax": 694000000, "incomeBeforeTaxRatio": 0.0213092606, "incomeTaxExpense": 101000000, "netIncome": 599000000, "netIncomeRatio": 0.0183922869, "eps": 1.03, "epsdiluted": 1.01, "weightedAverageShsOut": 583420000, "weightedAverageShsOutDil": 591757000, "link": "https://www.sec.gov/Archives/edgar/data/1071739/000107173922000071/0001071739-22-000071-index.htm", "finalLink": "https://www.sec.gov/Archives/edgar/data/1071739/000107173922000071/cnc-20211231.htm"}, {"date": "2021-09-30", "symbol": "CNC", "reportedCurrency": "USD", "cik": "0001071739", "fillingDate": "2021-10-26", "acceptedDate": "2021-10-25 20:48:51", "calendarYear": "2021", "period": "Q3", "revenue": 32406000000, "costOfRevenue": 28750000000, "grossProfit": 3656000000, "grossProfitRatio": 0.1128186138, "researchAndDevelopmentExpenses": 0, "generalAndAdministrativeExpenses": 2537000000, "sellingAndMarketingExpenses": 0, "sellingGeneralAndAdministrativeExpenses": 2537000000, "otherExpenses": 574000000, "operatingExpenses": 3111000000, "costAndExpenses": 31861000000, "interestIncome": 0, "interestExpense": 170000000, "depreciationAndAmortization": 381000000, "ebitda": 1271000000, "ebitdaratio": 0.0392211319, "operatingIncome": 545000000, "operatingIncomeRatio": 0.0168178732, "totalOtherIncomeExpensesNet": 175000000, "incomeBeforeTax": 720000000, "incomeBeforeTaxRatio": 0.0222181078, "incomeTaxExpense": 139000000, "netIncome": 584000000, "netIncomeRatio": 0.0180213541, "eps": 1, "epsdiluted": 0.99, "weightedAverageShsOut": 583244000, "weightedAverageShsOutDil": 590702000, "link": "https://www.sec.gov/Archives/edgar/data/1071739/000107173921000226/0001071739-21-000226-index.htm", "finalLink": "https://www.sec.gov/Archives/edgar/data/1071739/000107173921000226/cnc-20210930.htm"}, {"date": "2021-06-30", "symbol": "CNC", "reportedCurrency": "USD", "cik": "0001071739", "fillingDate": "2021-07-27", "acceptedDate": "2021-07-26 21:14:54", "calendarYear": "2021", "period": "Q2", "revenue": 31025000000, "costOfRevenue": 27732000000, "grossProfit": 3293000000, "grossProfitRatio": 0.1061402095, "researchAndDevelopmentExpenses": 0, "generalAndAdministrativeExpenses": 2139000000, "sellingAndMarketingExpenses": 0, "sellingGeneralAndAdministrativeExpenses": 2139000000, "otherExpenses": 1572000000, "operatingExpenses": 3711000000, "costAndExpenses": 31443000000, "interestIncome": 0, "interestExpense": 163000000, "depreciationAndAmortization": 356000000, "ebitda": -23000000, "ebitdaratio": -0.0007413376, "operatingIncome": -418000000, "operatingIncomeRatio": -0.0134730056, "totalOtherIncomeExpensesNet": -124000000, "incomeBeforeTax": -542000000, "incomeBeforeTaxRatio": -0.0174697824, "incomeTaxExpense": -7000000, "netIncome": -535000000, "netIncomeRatio": -0.0172441579, "eps": -0.92, "epsdiluted": -0.92, "weightedAverageShsOut": 582795019, "weightedAverageShsOutDil": 582804000, "link": "https://www.sec.gov/Archives/edgar/data/1071739/000107173921000183/0001071739-21-000183-index.htm", "finalLink": "https://www.sec.gov/Archives/edgar/data/1071739/000107173921000183/cnc-20210630.htm"}, {"date": "2021-03-31", "symbol": "CNC", "reportedCurrency": "USD", "cik": "0001071739", "fillingDate": "2021-04-27", "acceptedDate": "2021-04-26 20:55:47", "calendarYear": "2021", "period": "Q1", "revenue": 29983000000, "costOfRevenue": 26367000000, "grossProfit": 3616000000, "grossProfitRatio": 0.1206016743, "researchAndDevelopmentExpenses": 0, "generalAndAdministrativeExpenses": 2234000000, "sellingAndMarketingExpenses": 0, "sellingGeneralAndAdministrativeExpenses": 2234000000, "otherExpenses": 328000000, "operatingExpenses": 2562000000, "costAndExpenses": 28929000000, "interestIncome": 0, "interestExpense": 170000000, "depreciationAndAmortization": 361000000, "ebitda": 1472000000, "ebitdaratio": 0.0490944869, "operatingIncome": 1054000000, "operatingIncomeRatio": 0.0351532535, "totalOtherIncomeExpensesNet": -113000000, "incomeBeforeTax": 941000000, "incomeBeforeTaxRatio": 0.0313844512, "incomeTaxExpense": 244000000, "netIncome": 699000000, "netIncomeRatio": 0.0233132108, "eps": 1.2, "epsdiluted": 1.19, "weightedAverageShsOut": 581869000, "weightedAverageShsOutDil": 589343000, "link": "https://www.sec.gov/Archives/edgar/data/1071739/000107173921000092/0001071739-21-000092-index.htm", "finalLink": "https://www.sec.gov/Archives/edgar/data/1071739/000107173921000092/cnc-20210331.htm"}, {"date": "2020-12-31", "symbol": "CNC", "reportedCurrency": "USD", "cik": "0001071739", "fillingDate": "2021-02-22", "acceptedDate": "2021-02-22 16:43:34", "calendarYear": "2020", "period": "Q4", "revenue": 28288000000, "costOfRevenue": 24984000000, "grossProfit": 3304000000, "grossProfitRatio": 0.1167986425, "researchAndDevelopmentExpenses": 0, "generalAndAdministrativeExpenses": 3097000000, "sellingAndMarketingExpenses": 0, "sellingGeneralAndAdministrativeExpenses": 3097000000, "otherExpenses": 192000000, "operatingExpenses": 3289000000, "costAndExpenses": 28273000000, "interestIncome": 0, "interestExpense": 177000000, "depreciationAndAmortization": 343000000, "ebitda": 446000000, "ebitdaratio": 0.0157664027, "operatingIncome": 15000000, "operatingIncomeRatio": 0.0005302602, "totalOtherIncomeExpensesNet": -89000000, "incomeBeforeTax": -74000000, "incomeBeforeTaxRatio": -0.0026159502, "incomeTaxExpense": -55000000, "netIncome": -12000000, "netIncomeRatio": -0.0004242081, "eps": -0.0214, "epsdiluted": -0.0207, "weightedAverageShsOut": 560878709, "weightedAverageShsOutDil": 580129000, "link": "https://www.sec.gov/Archives/edgar/data/1071739/000107173921000039/0001071739-21-000039-index.htm", "finalLink": "https://www.sec.gov/Archives/edgar/data/1071739/000107173921000039/cnc-20201231.htm"}, {"date": "2020-09-30", "symbol": "CNC", "reportedCurrency": "USD", "cik": "0001071739", "fillingDate": "2020-10-27", "acceptedDate": "2020-10-26 19:58:04", "calendarYear": "2020", "period": "Q3", "revenue": 29090000000, "costOfRevenue": 25182000000, "grossProfit": 3908000000, "grossProfitRatio": 0.1343416982, "researchAndDevelopmentExpenses": 0, "generalAndAdministrativeExpenses": 2883000000, "sellingAndMarketingExpenses": 0, "sellingGeneralAndAdministrativeExpenses": 2883000000, "otherExpenses": 164000000, "operatingExpenses": 3047000000, "costAndExpenses": 28229000000, "interestIncome": 0, "interestExpense": 184000000, "depreciationAndAmortization": 298000000, "ebitda": 1254000000, "ebitdaratio": 0.0431075971, "operatingIncome": 861000000, "operatingIncomeRatio": 0.0295977999, "totalOtherIncomeExpensesNet": -89000000, "incomeBeforeTax": 772000000, "incomeBeforeTaxRatio": 0.0265383293, "incomeTaxExpense": 207000000, "netIncome": 568000000, "netIncomeRatio": 0.0195256102, "eps": 0.98, "epsdiluted": 0.97, "weightedAverageShsOut": 579510000, "weightedAverageShsOutDil": 587971000, "link": "https://www.sec.gov/Archives/edgar/data/1071739/000107173920000226/0001071739-20-000226-index.htm", "finalLink": "https://www.sec.gov/Archives/edgar/data/1071739/000107173920000226/cnc-20200930.htm"}, {"date": "2020-06-30", "symbol": "CNC", "reportedCurrency": "USD", "cik": "0001071739", "fillingDate": "2020-07-28", "acceptedDate": "2020-07-27 18:40:52", "calendarYear": "2020", "period": "Q2", "revenue": 27712000000, "costOfRevenue": 22863000000, "grossProfit": 4849000000, "grossProfitRatio": 0.1749783487, "researchAndDevelopmentExpenses": 0, "generalAndAdministrativeExpenses": 2634000000, "sellingAndMarketingExpenses": 0, "sellingGeneralAndAdministrativeExpenses": 2634000000, "otherExpenses": 197000000, "operatingExpenses": 2831000000, "costAndExpenses": 25694000000, "interestIncome": 0, "interestExpense": 187000000, "depreciationAndAmortization": 330000000, "ebitda": 2461000000, "ebitdaratio": 0.0888062933, "operatingIncome": 2018000000, "operatingIncomeRatio": 0.0728204388, "totalOtherIncomeExpensesNet": -74000000, "incomeBeforeTax": 1944000000, "incomeBeforeTaxRatio": 0.0701501155, "incomeTaxExpense": 742000000, "netIncome": 1206000000, "netIncomeRatio": 0.0435190531, "eps": 2.08, "epsdiluted": 2.05, "weightedAverageShsOut": 579189000, "weightedAverageShsOutDil": 587498000, "link": "https://www.sec.gov/Archives/edgar/data/1071739/000107173920000190/0001071739-20-000190-index.htm", "finalLink": "https://www.sec.gov/Archives/edgar/data/1071739/000107173920000190/form10-q.htm"}, {"date": "2020-03-31", "symbol": "CNC", "reportedCurrency": "USD", "cik": "0001071739", "fillingDate": "2020-04-28", "acceptedDate": "2020-04-28 07:01:33", "calendarYear": "2020", "period": "Q1", "revenue": 26025000000, "costOfRevenue": 22870000000, "grossProfit": 3155000000, "grossProfitRatio": 0.1212295869, "researchAndDevelopmentExpenses": 0, "generalAndAdministrativeExpenses": 2729000000, "sellingAndMarketingExpenses": 0, "sellingGeneralAndAdministrativeExpenses": 2729000000, "otherExpenses": 238000000, "operatingExpenses": 2967000000, "costAndExpenses": 25837000000, "interestIncome": 0, "interestExpense": 180000000, "depreciationAndAmortization": 288000000, "ebitda": 599000000, "ebitdaratio": 0.0230163305, "operatingIncome": 188000000, "operatingIncomeRatio": 0.0072238232, "totalOtherIncomeExpensesNet": -57000000, "incomeBeforeTax": 131000000, "incomeBeforeTaxRatio": 0.0050336215, "incomeTaxExpense": 85000000, "netIncome": 46000000, "netIncomeRatio": 0.0017675312, "eps": 0.0845, "epsdiluted": 0.0833, "weightedAverageShsOut": 544436000, "weightedAverageShsOutDil": 552062000, "link": "https://www.sec.gov/Archives/edgar/data/1071739/000107173920000121/0001071739-20-000121-index.htm", "finalLink": "https://www.sec.gov/Archives/edgar/data/1071739/000107173920000121/a2020033110-q.htm"}, {"date": "2019-12-31", "symbol": "CNC", "reportedCurrency": "USD", "cik": "0001071739", "fillingDate": "2020-02-18", "acceptedDate": "2020-02-18 17:17:30", "calendarYear": "2019", "period": "Q4", "revenue": 18863000000, "costOfRevenue": 16789000000, "grossProfit": 2074000000, "grossProfitRatio": 0.1099506971, "researchAndDevelopmentExpenses": 0, "generalAndAdministrativeExpenses": 1733000000, "sellingAndMarketingExpenses": 0, "sellingGeneralAndAdministrativeExpenses": 1733000000, "otherExpenses": 64000000, "operatingExpenses": 1797000000, "costAndExpenses": 18586000000, "interestIncome": 0, "interestExpense": 113000000, "depreciationAndAmortization": 168000000, "ebitda": 541000000, "ebitdaratio": 0.0286804856, "operatingIncome": 277000000, "operatingIncomeRatio": 0.0146848327, "totalOtherIncomeExpensesNet": -17000000, "incomeBeforeTax": 260000000, "incomeBeforeTaxRatio": 0.0137835975, "incomeTaxExpense": 58000000, "netIncome": 209000000, "netIncomeRatio": 0.0110798919, "eps": 0.5, "epsdiluted": 0.49, "weightedAverageShsOut": 414044000, "weightedAverageShsOutDil": 422262000, "link": "https://www.sec.gov/Archives/edgar/data/1071739/000107173920000060/0001071739-20-000060-index.htm", "finalLink": "https://www.sec.gov/Archives/edgar/data/1071739/000107173920000060/form10k.htm"}, {"date": "2019-09-30", "symbol": "CNC", "reportedCurrency": "USD", "cik": "0001071739", "fillingDate": "2019-10-22", "acceptedDate": "2019-10-21 21:50:02", "calendarYear": "2019", "period": "Q3", "revenue": 18976000000, "costOfRevenue": 16847000000, "grossProfit": 2129000000, "grossProfitRatio": 0.1121943508, "researchAndDevelopmentExpenses": 0, "generalAndAdministrativeExpenses": 1617000000, "sellingAndMarketingExpenses": 0, "sellingGeneralAndAdministrativeExpenses": 1617000000, "otherExpenses": 336000000, "operatingExpenses": 1953000000, "costAndExpenses": 18800000000, "interestIncome": 0, "interestExpense": 99000000, "depreciationAndAmortization": 162000000, "ebitda": 436000000, "ebitdaratio": 0.0229763912, "operatingIncome": 176000000, "operatingIncomeRatio": 0.0092748735, "totalOtherIncomeExpensesNet": -1000000, "incomeBeforeTax": 175000000, "incomeBeforeTaxRatio": 0.0092221754, "incomeTaxExpense": 79000000, "netIncome": 95000000, "netIncomeRatio": 0.0050063238, "eps": 0.23, "epsdiluted": 0.23, "weightedAverageShsOut": 413616000, "weightedAverageShsOutDil": 419956000, "link": "https://www.sec.gov/Archives/edgar/data/1071739/000107173919000099/0001071739-19-000099-index.htm", "finalLink": "https://www.sec.gov/Archives/edgar/data/1071739/000107173919000099/form10-q.htm"}, {"date": "2019-06-30", "symbol": "CNC", "reportedCurrency": "USD", "cik": "0001071739", "fillingDate": "2019-07-23", "acceptedDate": "2019-07-22 21:19:59", "calendarYear": "2019", "period": "Q2", "revenue": 18356000000, "costOfRevenue": 16075000000, "grossProfit": 2281000000, "grossProfitRatio": 0.1242645457, "researchAndDevelopmentExpenses": 0, "generalAndAdministrativeExpenses": 1574000000, "sellingAndMarketingExpenses": 0, "sellingGeneralAndAdministrativeExpenses": 1574000000, "otherExpenses": 64000000, "operatingExpenses": 1638000000, "costAndExpenses": 17713000000, "interestIncome": 0, "interestExpense": 101000000, "depreciationAndAmortization": 158000000, "ebitda": 921000000, "ebitdaratio": 0.0501743299, "operatingIncome": 643000000, "operatingIncomeRatio": 0.0350294182, "totalOtherIncomeExpensesNet": 19000000, "incomeBeforeTax": 662000000, "incomeBeforeTaxRatio": 0.0360645021, "incomeTaxExpense": 170000000, "netIncome": 495000000, "netIncomeRatio": 0.0269666594, "eps": 1.2, "epsdiluted": 1.18, "weightedAverageShsOut": 413370000, "weightedAverageShsOutDil": 419671000, "link": "https://www.sec.gov/Archives/edgar/data/1071739/000107173919000082/0001071739-19-000082-index.htm", "finalLink": "https://www.sec.gov/Archives/edgar/data/1071739/000107173919000082/form10-q.htm"}, {"date": "2019-03-31", "symbol": "CNC", "reportedCurrency": "USD", "cik": "0001071739", "fillingDate": "2019-04-23", "acceptedDate": "2019-04-22 20:16:38", "calendarYear": "2019", "period": "Q1", "revenue": 18444000000, "costOfRevenue": 16085000000, "grossProfit": 2359000000, "grossProfitRatio": 0.1279006723, "researchAndDevelopmentExpenses": 0, "generalAndAdministrativeExpenses": 1609000000, "sellingAndMarketingExpenses": 0, "sellingGeneralAndAdministrativeExpenses": 1609000000, "otherExpenses": 65000000, "operatingExpenses": 1674000000, "costAndExpenses": 17759000000, "interestIncome": 0, "interestExpense": 99000000, "depreciationAndAmortization": 155000000, "ebitda": 939000000, "ebitdaratio": 0.0509108653, "operatingIncome": 685000000, "operatingIncomeRatio": 0.0371394491, "totalOtherIncomeExpensesNet": 0, "incomeBeforeTax": 685000000, "incomeBeforeTaxRatio": 0.0371394491, "incomeTaxExpense": 166000000, "netIncome": 522000000, "netIncomeRatio": 0.0283018868, "eps": 1.26, "epsdiluted": 1.24, "weightedAverageShsOut": 412924000, "weightedAverageShsOutDil": 419752000, "link": "https://www.sec.gov/Archives/edgar/data/1071739/000107173919000056/0001071739-19-000056-index.htm", "finalLink": "https://www.sec.gov/Archives/edgar/data/1071739/000107173919000056/form10-q.htm"}, {"date": "2018-12-31", "symbol": "CNC", "reportedCurrency": "USD", "cik": "0001071739", "fillingDate": "2019-02-19", "acceptedDate": "2019-02-19 17:08:14", "calendarYear": "2018", "period": "Q4", "revenue": 16559000000, "costOfRevenue": 14376000000, "grossProfit": 2183000000, "grossProfitRatio": 0.1318316323, "researchAndDevelopmentExpenses": 0, "generalAndAdministrativeExpenses": 1733000000, "sellingAndMarketingExpenses": 0, "sellingGeneralAndAdministrativeExpenses": 1733000000, "otherExpenses": 62000000, "operatingExpenses": 1795000000, "costAndExpenses": 16171000000, "interestIncome": 0, "interestExpense": 98000000, "depreciationAndAmortization": 141000000, "ebitda": 596000000, "ebitdaratio": 0.0359925116, "operatingIncome": 388000000, "operatingIncomeRatio": 0.0234313666, "totalOtherIncomeExpensesNet": -31000000, "incomeBeforeTax": 357000000, "incomeBeforeTaxRatio": 0.0215592729, "incomeTaxExpense": 116000000, "netIncome": 241000000, "netIncomeRatio": 0.014554019, "eps": 0.59, "epsdiluted": 0.57, "weightedAverageShsOut": 411068000, "weightedAverageShsOutDil": 420246000, "link": "https://www.sec.gov/Archives/edgar/data/1071739/000107173919000032/0001071739-19-000032-index.htm", "finalLink": "https://www.sec.gov/Archives/edgar/data/1071739/000107173919000032/form10-k.htm"}, {"date": "2018-09-30", "symbol": "CNC", "reportedCurrency": "USD", "cik": "0001071739", "fillingDate": "2018-10-23", "acceptedDate": "2018-10-22 20:44:00", "calendarYear": "2018", "period": "Q3", "revenue": 16182000000, "costOfRevenue": 13964000000, "grossProfit": 2218000000, "grossProfitRatio": 0.1370658757, "researchAndDevelopmentExpenses": 0, "generalAndAdministrativeExpenses": 2112000000, "sellingAndMarketingExpenses": 0, "sellingGeneralAndAdministrativeExpenses": 2112000000, "otherExpenses": 65000000, "operatingExpenses": 2177000000, "costAndExpenses": 16141000000, "interestIncome": 0, "interestExpense": 97000000, "depreciationAndAmortization": 139000000, "ebitda": 260000000, "ebitdaratio": 0.0160672352, "operatingIncome": 41000000, "operatingIncomeRatio": 0.0025336794, "totalOtherIncomeExpensesNet": -17000000, "incomeBeforeTax": 24000000, "incomeBeforeTaxRatio": 0.0014831294, "incomeTaxExpense": 8000000, "netIncome": 19000000, "netIncomeRatio": 0.0011741441, "eps": 0.0463, "epsdiluted": 0.0453, "weightedAverageShsOut": 410591000, "weightedAverageShsOutDil": 419043000, "link": "https://www.sec.gov/Archives/edgar/data/1071739/000107173918000114/0001071739-18-000114-index.htm", "finalLink": "https://www.sec.gov/Archives/edgar/data/1071739/000107173918000114/form10-q.htm"}, {"date": "2018-06-30", "symbol": "CNC", "reportedCurrency": "USD", "cik": "0001071739", "fillingDate": "2018-07-24", "acceptedDate": "2018-07-23 19:18:35", "calendarYear": "2018", "period": "Q2", "revenue": 14181000000, "costOfRevenue": 12227000000, "grossProfit": 1954000000, "grossProfitRatio": 0.1377900007, "researchAndDevelopmentExpenses": 0, "generalAndAdministrativeExpenses": 1420000000, "sellingAndMarketingExpenses": 0, "sellingGeneralAndAdministrativeExpenses": 1420000000, "otherExpenses": 45000000, "operatingExpenses": 1465000000, "costAndExpenses": 13692000000, "interestIncome": 0, "interestExpense": 80000000, "depreciationAndAmortization": 111000000, "ebitda": 665000000, "ebitdaratio": 0.046893731, "operatingIncome": 489000000, "operatingIncomeRatio": 0.0344827586, "totalOtherIncomeExpensesNet": -15000000, "incomeBeforeTax": 474000000, "incomeBeforeTaxRatio": 0.0334250053, "incomeTaxExpense": 175000000, "netIncome": 300000000, "netIncomeRatio": 0.0211550666, "eps": 0.77, "epsdiluted": 0.75, "weightedAverageShsOut": 391037000, "weightedAverageShsOutDil": 398902000, "link": "https://www.sec.gov/Archives/edgar/data/1071739/000107173918000097/0001071739-18-000097-index.htm", "finalLink": "https://www.sec.gov/Archives/edgar/data/1071739/000107173918000097/form10-q.htm"}, {"date": "2018-03-31", "symbol": "CNC", "reportedCurrency": "USD", "cik": "0001071739", "fillingDate": "2018-04-24", "acceptedDate": "2018-04-23 20:26:19", "calendarYear": "2018", "period": "Q1", "revenue": 13194000000, "costOfRevenue": 11128000000, "grossProfit": 2066000000, "grossProfitRatio": 0.1565863271, "researchAndDevelopmentExpenses": 0, "generalAndAdministrativeExpenses": 1487000000, "sellingAndMarketingExpenses": 0, "sellingGeneralAndAdministrativeExpenses": 1487000000, "otherExpenses": 39000000, "operatingExpenses": 1526000000, "costAndExpenses": 12654000000, "interestIncome": 0, "interestExpense": 68000000, "depreciationAndAmortization": 104000000, "ebitda": 685000000, "ebitdaratio": 0.0519175383, "operatingIncome": 540000000, "operatingIncomeRatio": 0.0409276944, "totalOtherIncomeExpensesNet": -27000000, "incomeBeforeTax": 513000000, "incomeBeforeTaxRatio": 0.0388813097, "incomeTaxExpense": 175000000, "netIncome": 340000000, "netIncomeRatio": 0.0257692891, "eps": 0.98, "epsdiluted": 0.96, "weightedAverageShsOut": 348717949, "weightedAverageShsOutDil": 356020942, "link": "https://www.sec.gov/Archives/edgar/data/1071739/000107173918000060/0001071739-18-000060-index.htm", "finalLink": "https://www.sec.gov/Archives/edgar/data/1071739/000107173918000060/form10-q.htm"}, {"date": "2017-12-31", "symbol": "CNC", "reportedCurrency": "USD", "cik": "0001071739", "fillingDate": "2018-02-20", "acceptedDate": "2018-02-20 16:27:58", "calendarYear": "2017", "period": "Q4", "revenue": 12806000000, "costOfRevenue": 11326000000, "grossProfit": 1480000000, "grossProfitRatio": 0.1155708262, "researchAndDevelopmentExpenses": 0, "generalAndAdministrativeExpenses": 1260000000, "sellingAndMarketingExpenses": 0, "sellingGeneralAndAdministrativeExpenses": 1260000000, "otherExpenses": 39000000, "operatingExpenses": 1299000000, "costAndExpenses": 12625000000, "interestIncome": 0, "interestExpense": 66000000, "depreciationAndAmortization": 97000000, "ebitda": 331000000, "ebitdaratio": 0.0258472591, "operatingIncome": 181000000, "operatingIncomeRatio": 0.0141339997, "totalOtherIncomeExpensesNet": -13000000, "incomeBeforeTax": 168000000, "incomeBeforeTaxRatio": 0.0131188505, "incomeTaxExpense": -55000000, "netIncome": 230000000, "netIncomeRatio": 0.0179603311, "eps": 0.67, "epsdiluted": 0.65, "weightedAverageShsOut": 345864662, "weightedAverageShsOutDil": 353846154, "link": "https://www.sec.gov/Archives/edgar/data/1071739/000107173918000030/0001071739-18-000030-index.htm", "finalLink": "https://www.sec.gov/Archives/edgar/data/1071739/000107173918000030/form10-k.htm"}, {"date": "2017-09-30", "symbol": "CNC", "reportedCurrency": "USD", "cik": "0001071739", "fillingDate": "2017-10-24", "acceptedDate": "2017-10-23 18:37:41", "calendarYear": "2017", "period": "Q3", "revenue": 11898000000, "costOfRevenue": 10490000000, "grossProfit": 1408000000, "grossProfitRatio": 0.1183392167, "researchAndDevelopmentExpenses": 0, "generalAndAdministrativeExpenses": 1030000000, "sellingAndMarketingExpenses": 0, "sellingGeneralAndAdministrativeExpenses": 1030000000, "otherExpenses": 38000000, "operatingExpenses": 1068000000, "costAndExpenses": 11558000000, "interestIncome": 0, "interestExpense": 65000000, "depreciationAndAmortization": 91000000, "ebitda": 482000000, "ebitdaratio": 0.0405110103, "operatingIncome": 340000000, "operatingIncomeRatio": 0.0285762313, "totalOtherIncomeExpensesNet": -14000000, "incomeBeforeTax": 326000000, "incomeBeforeTaxRatio": 0.027399563, "incomeTaxExpense": 125000000, "netIncome": 205000000, "netIncomeRatio": 0.0172297865, "eps": 0.6, "epsdiluted": 0.58, "weightedAverageShsOut": 345016000, "weightedAverageShsOutDil": 353830000, "link": "https://www.sec.gov/Archives/edgar/data/1071739/000107173917000088/0001071739-17-000088-index.htm", "finalLink": "https://www.sec.gov/Archives/edgar/data/1071739/000107173917000088/form10-q.htm"}, {"date": "2017-06-30", "symbol": "CNC", "reportedCurrency": "USD", "cik": "0001071739", "fillingDate": "2017-07-25", "acceptedDate": "2017-07-24 19:21:02", "calendarYear": "2017", "period": "Q2", "revenue": 11954000000, "costOfRevenue": 10412000000, "grossProfit": 1542000000, "grossProfitRatio": 0.1289944788, "researchAndDevelopmentExpenses": 0, "generalAndAdministrativeExpenses": 1065000000, "sellingAndMarketingExpenses": 0, "sellingGeneralAndAdministrativeExpenses": 1065000000, "otherExpenses": 39000000, "operatingExpenses": 1104000000, "costAndExpenses": 11516000000, "interestIncome": 0, "interestExpense": 62000000, "depreciationAndAmortization": 87000000, "ebitda": 570000000, "ebitdaratio": 0.047682784, "operatingIncome": 438000000, "operatingIncomeRatio": 0.0366404551, "totalOtherIncomeExpensesNet": -17000000, "incomeBeforeTax": 421000000, "incomeBeforeTaxRatio": 0.035218337, "incomeTaxExpense": 169000000, "netIncome": 254000000, "netIncomeRatio": 0.0212481178, "eps": 0.74, "epsdiluted": 0.72, "weightedAverageShsOut": 344714000, "weightedAverageShsOutDil": 352840000, "link": "https://www.sec.gov/Archives/edgar/data/1071739/000107173917000075/0001071739-17-000075-index.htm", "finalLink": "https://www.sec.gov/Archives/edgar/data/1071739/000107173917000075/form10-q.htm"}, {"date": "2017-03-31", "symbol": "CNC", "reportedCurrency": "USD", "cik": "0001071739", "fillingDate": "2017-04-25", "acceptedDate": "2017-04-24 20:48:06", "calendarYear": "2017", "period": "Q1", "revenue": 11724000000, "costOfRevenue": 10353000000, "grossProfit": 1371000000, "grossProfitRatio": 0.1169396111, "researchAndDevelopmentExpenses": 0, "generalAndAdministrativeExpenses": 1091000000, "sellingAndMarketingExpenses": 0, "sellingGeneralAndAdministrativeExpenses": 1091000000, "otherExpenses": 40000000, "operatingExpenses": 1131000000, "costAndExpenses": 11484000000, "interestIncome": 0, "interestExpense": 62000000, "depreciationAndAmortization": 86000000, "ebitda": 367000000, "ebitdaratio": 0.0313033095, "operatingIncome": 240000000, "operatingIncomeRatio": 0.0204708291, "totalOtherIncomeExpensesNet": -21000000, "incomeBeforeTax": 219000000, "incomeBeforeTaxRatio": 0.0186796315, "incomeTaxExpense": 87000000, "netIncome": 139000000, "netIncomeRatio": 0.0118560218, "eps": 0.41, "epsdiluted": 0.4, "weightedAverageShsOut": 344148000, "weightedAverageShsOutDil": 351672000, "link": "https://www.sec.gov/Archives/edgar/data/1071739/000107173917000033/0001071739-17-000033-index.htm", "finalLink": "https://www.sec.gov/Archives/edgar/data/1071739/000107173917000033/form10-q.htm"}, {"date": "2016-12-31", "symbol": "CNC", "reportedCurrency": "USD", "cik": "0001071739", "fillingDate": "2017-02-21", "acceptedDate": "2017-02-21 16:40:20", "calendarYear": "2016", "period": "Q4", "revenue": 11911000000, "costOfRevenue": 10145000000, "grossProfit": 1766000000, "grossProfitRatio": 0.1482663085, "researchAndDevelopmentExpenses": 0, "generalAndAdministrativeExpenses": 1193000000, "sellingAndMarketingExpenses": 0, "sellingGeneralAndAdministrativeExpenses": 1193000000, "otherExpenses": 52000000, "operatingExpenses": 1245000000, "costAndExpenses": 11390000000, "interestIncome": 0, "interestExpense": 75000000, "depreciationAndAmortization": 89000000, "ebitda": 644000000, "ebitdaratio": 0.0540676685, "operatingIncome": 521000000, "operatingIncomeRatio": 0.0437410797, "totalOtherIncomeExpensesNet": -41000000, "incomeBeforeTax": 480000000, "incomeBeforeTaxRatio": 0.0402988834, "incomeTaxExpense": 223000000, "netIncome": 265000000, "netIncomeRatio": 0.0222483419, "eps": 0.77, "epsdiluted": 0.75, "weightedAverageShsOut": 342287248, "weightedAverageShsOutDil": 351022358, "link": "https://www.sec.gov/Archives/edgar/data/1071739/000107173917000018/0001071739-17-000018-index.htm", "finalLink": "https://www.sec.gov/Archives/edgar/data/1071739/000107173917000018/form10-k.htm"}, {"date": "2016-09-30", "symbol": "CNC", "reportedCurrency": "USD", "cik": "0001071739", "fillingDate": "2016-10-25", "acceptedDate": "2016-10-24 20:17:57", "calendarYear": "2016", "period": "Q3", "revenue": 10846000000, "costOfRevenue": 9392000000, "grossProfit": 1454000000, "grossProfitRatio": 0.1340586391, "researchAndDevelopmentExpenses": 0, "generalAndAdministrativeExpenses": 1069000000, "sellingAndMarketingExpenses": 0, "sellingGeneralAndAdministrativeExpenses": 1069000000, "otherExpenses": 43000000, "operatingExpenses": 1112000000, "costAndExpenses": 10504000000, "interestIncome": 0, "interestExpense": 57000000, "depreciationAndAmortization": 78000000, "ebitda": 453000000, "ebitdaratio": 0.0417665499, "operatingIncome": 342000000, "operatingIncomeRatio": 0.0315323622, "totalOtherIncomeExpensesNet": -24000000, "incomeBeforeTax": 318000000, "incomeBeforeTaxRatio": 0.0293195648, "incomeTaxExpense": 169000000, "netIncome": 147000000, "netIncomeRatio": 0.0135533837, "eps": 0.43, "epsdiluted": 0.42, "weightedAverageShsOut": 341549174, "weightedAverageShsOutDil": 348624832, "link": "https://www.sec.gov/Archives/edgar/data/1071739/000107173916000291/0001071739-16-000291-index.htm", "finalLink": "https://www.sec.gov/Archives/edgar/data/1071739/000107173916000291/form10-q.htm"}, {"date": "2016-06-30", "symbol": "CNC", "reportedCurrency": "USD", "cik": "0001071739", "fillingDate": "2016-07-26", "acceptedDate": "2016-07-25 20:12:59", "calendarYear": "2016", "period": "Q2", "revenue": 10897000000, "costOfRevenue": 9398000000, "grossProfit": 1499000000, "grossProfitRatio": 0.1375607965, "researchAndDevelopmentExpenses": 0, "generalAndAdministrativeExpenses": 1079000000, "sellingAndMarketingExpenses": 0, "sellingGeneralAndAdministrativeExpenses": 1079000000, "otherExpenses": 43000000, "operatingExpenses": 1122000000, "costAndExpenses": 10520000000, "interestIncome": 0, "interestExpense": 52000000, "depreciationAndAmortization": 76000000, "ebitda": 485000000, "ebitdaratio": 0.0445076627, "operatingIncome": 377000000, "operatingIncomeRatio": 0.034596678, "totalOtherIncomeExpensesNet": -20000000, "incomeBeforeTax": 357000000, "incomeBeforeTaxRatio": 0.0327613105, "incomeTaxExpense": 187000000, "netIncome": 170000000, "netIncomeRatio": 0.015600624, "eps": 0.5, "epsdiluted": 0.49, "weightedAverageShsOut": 341118000, "weightedAverageShsOutDil": 349698000, "link": "https://www.sec.gov/Archives/edgar/data/1071739/000107173916000260/0001071739-16-000260-index.htm", "finalLink": "https://www.sec.gov/Archives/edgar/data/1071739/000107173916000260/form10-q.htm"}, {"date": "2016-03-31", "symbol": "CNC", "reportedCurrency": "USD", "cik": "0001071739", "fillingDate": "2016-04-26", "acceptedDate": "2016-04-25 21:06:02", "calendarYear": "2016", "period": "Q1", "revenue": 6953000000, "costOfRevenue": 6128000000, "grossProfit": 825000000, "grossProfitRatio": 0.1186538185, "researchAndDevelopmentExpenses": 0, "generalAndAdministrativeExpenses": 796000000, "sellingAndMarketingExpenses": 0, "sellingGeneralAndAdministrativeExpenses": 796000000, "otherExpenses": 9000000, "operatingExpenses": 805000000, "costAndExpenses": 6933000000, "interestIncome": 0, "interestExpense": 33000000, "depreciationAndAmortization": 35000000, "ebitda": 70000000, "ebitdaratio": 0.0100675967, "operatingIncome": 20000000, "operatingIncomeRatio": 0.0028764562, "totalOtherIncomeExpensesNet": -18000000, "incomeBeforeTax": 2000000, "incomeBeforeTaxRatio": 0.0002876456, "incomeTaxExpense": 16000000, "netIncome": -16000000, "netIncomeRatio": -0.002301165, "eps": -0.065, "epsdiluted": -0.065, "weightedAverageShsOut": 251086152, "weightedAverageShsOutDil": 251086152, "link": "https://www.sec.gov/Archives/edgar/data/1071739/000107173916000217/0001071739-16-000217-index.htm", "finalLink": "https://www.sec.gov/Archives/edgar/data/1071739/000107173916000217/form10-q.htm"}, {"date": "2015-12-31", "symbol": "CNC", "reportedCurrency": "USD", "cik": "0001071739", "fillingDate": "2016-02-22", "acceptedDate": "2016-02-22 10:30:51", "calendarYear": "2015", "period": "Q4", "revenue": 6302000000, "costOfRevenue": 5511000000, "grossProfit": 791000000, "grossProfitRatio": 0.1255157093, "researchAndDevelopmentExpenses": 0, "generalAndAdministrativeExpenses": 571000000, "sellingAndMarketingExpenses": 0, "sellingGeneralAndAdministrativeExpenses": 571000000, "otherExpenses": 0, "operatingExpenses": 571000000, "costAndExpenses": 6082000000, "interestIncome": 0, "interestExpense": 11000000, "depreciationAndAmortization": 29000000, "ebitda": 257000000, "ebitdaratio": 0.0407807045, "operatingIncome": 220000000, "operatingIncomeRatio": 0.0349095525, "totalOtherIncomeExpensesNet": -3000000, "incomeBeforeTax": 217000000, "incomeBeforeTaxRatio": 0.0344335132, "incomeTaxExpense": 105000000, "netIncome": 111000000, "netIncomeRatio": 0.017613456, "eps": 0.47, "epsdiluted": 0.45, "weightedAverageShsOut": 238972366, "weightedAverageShsOutDil": 246701012, "link": "https://www.sec.gov/Archives/edgar/data/1071739/000107173916000192/0001071739-16-000192-index.htm", "finalLink": "https://www.sec.gov/Archives/edgar/data/1071739/000107173916000192/form10k.htm"}, {"date": "2015-09-30", "symbol": "CNC", "reportedCurrency": "USD", "cik": "0001071739", "fillingDate": "2015-10-27", "acceptedDate": "2015-10-26 17:49:41", "calendarYear": "2015", "period": "Q3", "revenue": 5821000000, "costOfRevenue": 5120000000, "grossProfit": 701000000, "grossProfitRatio": 0.1204260436, "researchAndDevelopmentExpenses": 0, "generalAndAdministrativeExpenses": 512000000, "sellingAndMarketingExpenses": 0, "sellingGeneralAndAdministrativeExpenses": 512000000, "otherExpenses": 6000000, "operatingExpenses": 518000000, "costAndExpenses": 5638000000, "interestIncome": 0, "interestExpense": 11000000, "depreciationAndAmortization": 29000000, "ebitda": 220000000, "ebitdaratio": 0.0377941934, "operatingIncome": 183000000, "operatingIncomeRatio": 0.0314378973, "totalOtherIncomeExpensesNet": -3000000, "incomeBeforeTax": 180000000, "incomeBeforeTaxRatio": 0.0309225219, "incomeTaxExpense": 87000000, "netIncome": 93000000, "netIncomeRatio": 0.0159766363, "eps": 0.39, "epsdiluted": 0.38, "weightedAverageShsOut": 238243048, "weightedAverageShsOutDil": 246263620, "link": "https://www.sec.gov/Archives/edgar/data/1071739/000107173915000117/0001071739-15-000117-index.htm", "finalLink": "https://www.sec.gov/Archives/edgar/data/1071739/000107173915000117/form10-q.htm"}, {"date": "2015-06-30", "symbol": "CNC", "reportedCurrency": "USD", "cik": "0001071739", "fillingDate": "2015-07-28", "acceptedDate": "2015-07-27 18:24:47", "calendarYear": "2015", "period": "Q2", "revenue": 5506000000, "costOfRevenue": 4839000000, "grossProfit": 667000000, "grossProfitRatio": 0.1211405739, "researchAndDevelopmentExpenses": 0, "generalAndAdministrativeExpenses": 489000000, "sellingAndMarketingExpenses": 0, "sellingGeneralAndAdministrativeExpenses": 489000000, "otherExpenses": 5000000, "operatingExpenses": 494000000, "costAndExpenses": 5333000000, "interestIncome": 0, "interestExpense": 11000000, "depreciationAndAmortization": 26000000, "ebitda": 209000000, "ebitdaratio": 0.0379585906, "operatingIncome": 173000000, "operatingIncomeRatio": 0.0314202688, "totalOtherIncomeExpensesNet": -1000000, "incomeBeforeTax": 172000000, "incomeBeforeTaxRatio": 0.0312386487, "incomeTaxExpense": 84000000, "netIncome": 88000000, "netIncomeRatio": 0.0159825645, "eps": 0.37, "epsdiluted": 0.36, "weightedAverageShsOut": 238007138, "weightedAverageShsOutDil": 245930022, "link": "https://www.sec.gov/Archives/edgar/data/1071739/000107173915000092/0001071739-15-000092-index.htm", "finalLink": "https://www.sec.gov/Archives/edgar/data/1071739/000107173915000092/form10-q.htm"}, {"date": "2015-03-31", "symbol": "CNC", "reportedCurrency": "USD", "cik": "0001071739", "fillingDate": "2015-04-28", "acceptedDate": "2015-04-27 19:06:04", "calendarYear": "2015", "period": "Q1", "revenue": 5131000000, "costOfRevenue": 4544000000, "grossProfit": 587000000, "grossProfitRatio": 0.1144026506, "researchAndDevelopmentExpenses": 0, "generalAndAdministrativeExpenses": 451000000, "sellingAndMarketingExpenses": 0, "sellingGeneralAndAdministrativeExpenses": 451000000, "otherExpenses": 7000000, "operatingExpenses": 458000000, "costAndExpenses": 5002000000, "interestIncome": 0, "interestExpense": 10000000, "depreciationAndAmortization": 27000000, "ebitda": 165000000, "ebitdaratio": 0.0321574742, "operatingIncome": 129000000, "operatingIncomeRatio": 0.025141298, "totalOtherIncomeExpensesNet": -1000000, "incomeBeforeTax": 128000000, "incomeBeforeTaxRatio": 0.0249464042, "incomeTaxExpense": 63000000, "netIncome": 63000000, "netIncomeRatio": 0.0122783083, "eps": 0.27, "epsdiluted": 0.26, "weightedAverageShsOut": 237567510, "weightedAverageShsOutDil": 245144732, "link": "https://www.sec.gov/Archives/edgar/data/1071739/000107173915000051/0001071739-15-000051-index.htm", "finalLink": "https://www.sec.gov/Archives/edgar/data/1071739/000107173915000051/form10-q.htm"}, {"date": "2014-12-31", "symbol": "CNC", "reportedCurrency": "USD", "cik": "0001071739", "fillingDate": "2015-02-23", "acceptedDate": "2015-02-23 16:11:57", "calendarYear": "2014", "period": "Q4", "revenue": 4724551000, "costOfRevenue": 4136261000, "grossProfit": 588290000, "grossProfitRatio": 0.1245176526, "researchAndDevelopmentExpenses": 0, "generalAndAdministrativeExpenses": 394928000, "sellingAndMarketingExpenses": 0, "sellingGeneralAndAdministrativeExpenses": 394928000, "otherExpenses": 0, "operatingExpenses": 394928000, "costAndExpenses": 4531189000, "interestIncome": 0, "interestExpense": 10000000, "depreciationAndAmortization": 23992000, "ebitda": 227702000, "ebitdaratio": 0.0481954793, "operatingIncome": 193362000, "operatingIncomeRatio": 0.0409270638, "totalOtherIncomeExpensesNet": 257000, "incomeBeforeTax": 193619000, "incomeBeforeTaxRatio": 0.0409814605, "incomeTaxExpense": 89875000, "netIncome": 106534000, "netIncomeRatio": 0.0225490211, "eps": 0.46, "epsdiluted": 0.44, "weightedAverageShsOut": 235264024, "weightedAverageShsOutDil": 243431572, "link": "https://www.sec.gov/Archives/edgar/data/1071739/000107173915000034/0001071739-15-000034-index.htm", "finalLink": "https://www.sec.gov/Archives/edgar/data/1071739/000107173915000034/form10k.htm"}, {"date": "2014-09-30", "symbol": "CNC", "reportedCurrency": "USD", "cik": "0001071739", "fillingDate": "2014-10-28", "acceptedDate": "2014-10-27 17:56:35", "calendarYear": "2014", "period": "Q3", "revenue": 4352000000, "costOfRevenue": 3878000000, "grossProfit": 474000000, "grossProfitRatio": 0.1089154412, "researchAndDevelopmentExpenses": 0, "generalAndAdministrativeExpenses": 366000000, "sellingAndMarketingExpenses": 0, "sellingGeneralAndAdministrativeExpenses": 366000000, "otherExpenses": 0, "operatingExpenses": 366000000, "costAndExpenses": 4244000000, "interestIncome": 0, "interestExpense": 9000000, "depreciationAndAmortization": 22907000, "ebitda": 137000000, "ebitdaratio": 0.0314797794, "operatingIncome": 108000000, "operatingIncomeRatio": 0.0248161765, "totalOtherIncomeExpensesNet": -3000000, "incomeBeforeTax": 105000000, "incomeBeforeTaxRatio": 0.0241268382, "incomeTaxExpense": 27000000, "netIncome": 82000000, "netIncomeRatio": 0.0188419118, "eps": 0.35, "epsdiluted": 0.34, "weightedAverageShsOut": 234453936, "weightedAverageShsOutDil": 242727500, "link": "https://www.sec.gov/Archives/edgar/data/1071739/000107173914000121/0001071739-14-000121-index.htm", "finalLink": "https://www.sec.gov/Archives/edgar/data/1071739/000107173914000121/form10-q.htm"}, {"date": "2014-06-30", "symbol": "CNC", "reportedCurrency": "USD", "cik": "0001071739", "fillingDate": "2014-07-22", "acceptedDate": "2014-07-21 18:08:13", "calendarYear": "2014", "period": "Q2", "revenue": 4024000000, "costOfRevenue": 3579000000, "grossProfit": 445000000, "grossProfitRatio": 0.1105864811, "researchAndDevelopmentExpenses": 0, "generalAndAdministrativeExpenses": 352000000, "sellingAndMarketingExpenses": 0, "sellingGeneralAndAdministrativeExpenses": 352000000, "otherExpenses": 0, "operatingExpenses": 352000000, "costAndExpenses": 3931000000, "interestIncome": 0, "interestExpense": 9000000, "depreciationAndAmortization": 21783000, "ebitda": 122000000, "ebitdaratio": 0.0303180915, "operatingIncome": 93000000, "operatingIncomeRatio": 0.023111332, "totalOtherIncomeExpensesNet": -2000000, "incomeBeforeTax": 91000000, "incomeBeforeTaxRatio": 0.0226143141, "incomeTaxExpense": 45000000, "netIncome": 49000000, "netIncomeRatio": 0.0121769384, "eps": 0.21, "epsdiluted": 0.21, "weightedAverageShsOut": 231034732, "weightedAverageShsOutDil": 238869032, "link": "https://www.sec.gov/Archives/edgar/data/1071739/000107173914000089/0001071739-14-000089-index.htm", "finalLink": "https://www.sec.gov/Archives/edgar/data/1071739/000107173914000089/form10-q.htm"}, {"date": "2014-03-31", "symbol": "CNC", "reportedCurrency": "USD", "cik": "0001071739", "fillingDate": "2014-04-22", "acceptedDate": "2014-04-21 18:48:55", "calendarYear": "2014", "period": "Q1", "revenue": 3460000000, "costOfRevenue": 3063000000, "grossProfit": 397000000, "grossProfitRatio": 0.1147398844, "researchAndDevelopmentExpenses": 0, "generalAndAdministrativeExpenses": 327000000, "sellingAndMarketingExpenses": 0, "sellingGeneralAndAdministrativeExpenses": 327000000, "otherExpenses": 0, "operatingExpenses": 327000000, "costAndExpenses": 3390000000, "interestIncome": 0, "interestExpense": 7023000, "depreciationAndAmortization": 20318000, "ebitda": 95000000, "ebitdaratio": 0.0274566474, "operatingIncome": 70000000, "operatingIncomeRatio": 0.0202312139, "totalOtherIncomeExpensesNet": -2000000, "incomeBeforeTax": 68000000, "incomeBeforeTaxRatio": 0.0196531792, "incomeTaxExpense": 35000000, "netIncome": 33000000, "netIncomeRatio": 0.0095375723, "eps": 0.14, "epsdiluted": 0.14, "weightedAverageShsOut": 229935504, "weightedAverageShsOutDil": 237445064, "link": "https://www.sec.gov/Archives/edgar/data/1071739/000107173914000056/0001071739-14-000056-index.htm", "finalLink": "https://www.sec.gov/Archives/edgar/data/1071739/000107173914000056/form10-q.htm"}, {"date": "2013-12-31", "symbol": "CNC", "reportedCurrency": "USD", "cik": "0001071739", "fillingDate": "2014-02-21", "acceptedDate": "2014-02-21 16:15:24", "calendarYear": "2013", "period": "Q4", "revenue": 2687840000, "costOfRevenue": 2362851000, "grossProfit": 324989000, "grossProfitRatio": 0.1209108429, "researchAndDevelopmentExpenses": 0, "generalAndAdministrativeExpenses": 236933000, "sellingAndMarketingExpenses": 0, "sellingGeneralAndAdministrativeExpenses": 236933000, "otherExpenses": 0, "operatingExpenses": 236933000, "costAndExpenses": 2599784000, "interestIncome": 0, "interestExpense": 6696000, "depreciationAndAmortization": 17200000, "ebitda": 110010000, "ebitdaratio": 0.0409287755, "operatingIncome": 88056000, "operatingIncomeRatio": 0.0327608786, "totalOtherIncomeExpensesNet": -1942000, "incomeBeforeTax": 86114000, "incomeBeforeTaxRatio": 0.0320383654, "incomeTaxExpense": 35113000, "netIncome": 53240000, "netIncomeRatio": 0.0198077267, "eps": 0.24, "epsdiluted": 0.23, "weightedAverageShsOut": 219625096, "weightedAverageShsOutDil": 228313028, "link": "https://www.sec.gov/Archives/edgar/data/1071739/000107173914000033/0001071739-14-000033-index.htm", "finalLink": "https://www.sec.gov/Archives/edgar/data/1071739/000107173914000033/form10k.htm"}, {"date": "2013-09-30", "symbol": "CNC", "reportedCurrency": "USD", "cik": "0001071739", "fillingDate": "2013-10-22", "acceptedDate": "2013-10-21 18:56:05", "calendarYear": "2013", "period": "Q3", "revenue": 2795568000, "costOfRevenue": 2462548000, "grossProfit": 333020000, "grossProfitRatio": 0.119124271, "researchAndDevelopmentExpenses": 0, "generalAndAdministrativeExpenses": 249028000, "sellingAndMarketingExpenses": 0, "sellingGeneralAndAdministrativeExpenses": 249028000, "otherExpenses": 0, "operatingExpenses": 249028000, "costAndExpenses": 2711576000, "interestIncome": 0, "interestExpense": 6603000, "depreciationAndAmortization": 17292000, "ebitda": 106041000, "ebitdaratio": 0.0379318264, "operatingIncome": 83992000, "operatingIncomeRatio": 0.0300446993, "totalOtherIncomeExpensesNet": -1846000, "incomeBeforeTax": 82146000, "incomeBeforeTaxRatio": 0.0293843684, "incomeTaxExpense": 32280000, "netIncome": 49373000, "netIncomeRatio": 0.0176611694, "eps": 0.23, "epsdiluted": 0.22, "weightedAverageShsOut": 218718640, "weightedAverageShsOutDil": 227732224, "link": "https://www.sec.gov/Archives/edgar/data/1071739/000107173913000141/0001071739-13-000141-index.htm", "finalLink": "https://www.sec.gov/Archives/edgar/data/1071739/000107173913000141/form10-q.htm"}, {"date": "2013-06-30", "symbol": "CNC", "reportedCurrency": "USD", "cik": "0001071739", "fillingDate": "2013-07-23", "acceptedDate": "2013-07-22 19:05:14", "calendarYear": "2013", "period": "Q2", "revenue": 2610539000, "costOfRevenue": 2318343000, "grossProfit": 292196000, "grossProfitRatio": 0.1119293755, "researchAndDevelopmentExpenses": 0, "generalAndAdministrativeExpenses": 223459000, "sellingAndMarketingExpenses": 0, "sellingGeneralAndAdministrativeExpenses": 223459000, "otherExpenses": 0, "operatingExpenses": 223459000, "costAndExpenses": 2541802000, "interestIncome": 0, "interestExpense": 7033000, "depreciationAndAmortization": 17237000, "ebitda": 90052000, "ebitdaratio": 0.0344955582, "operatingIncome": 68737000, "operatingIncomeRatio": 0.0263305777, "totalOtherIncomeExpensesNet": -2955000, "incomeBeforeTax": 65782000, "incomeBeforeTaxRatio": 0.0251986276, "incomeTaxExpense": 25966000, "netIncome": 39484000, "netIncomeRatio": 0.0151248459, "eps": 0.18, "epsdiluted": 0.18, "weightedAverageShsOut": 218116144, "weightedAverageShsOutDil": 226406640, "link": "https://www.sec.gov/Archives/edgar/data/1071739/000107173913000116/0001071739-13-000116-index.htm", "finalLink": "https://www.sec.gov/Archives/edgar/data/1071739/000107173913000116/form10-q.htm"}, {"date": "2013-03-31", "symbol": "CNC", "reportedCurrency": "USD", "cik": "0001071739", "fillingDate": "2013-04-23", "acceptedDate": "2013-04-23 06:16:12", "calendarYear": "2013", "period": "Q1", "revenue": 2525482000, "costOfRevenue": 2282586000, "grossProfit": 242896000, "grossProfitRatio": 0.0961780761, "researchAndDevelopmentExpenses": 0, "generalAndAdministrativeExpenses": 203296000, "sellingAndMarketingExpenses": 0, "sellingGeneralAndAdministrativeExpenses": 203296000, "otherExpenses": 0, "operatingExpenses": 203296000, "costAndExpenses": 2485882000, "interestIncome": 0, "interestExpense": 6625000, "depreciationAndAmortization": 15691000, "ebitda": 59554000, "ebitdaratio": 0.0235812411, "operatingIncome": 39600000, "operatingIncomeRatio": 0.0156801751, "totalOtherIncomeExpensesNet": -2362000, "incomeBeforeTax": 37238000, "incomeBeforeTaxRatio": 0.0147449081, "incomeTaxExpense": 14690000, "netIncome": 23002000, "netIncomeRatio": 0.0091079643, "eps": 0.11, "epsdiluted": 0.11, "weightedAverageShsOut": 209428476, "weightedAverageShsOutDil": 217067712, "link": "https://www.sec.gov/Archives/edgar/data/1071739/000107173913000057/0001071739-13-000057-index.htm", "finalLink": "https://www.sec.gov/Archives/edgar/data/1071739/000107173913000057/form10-q.htm"}, {"date": "2012-12-31", "symbol": "CNC", "reportedCurrency": "USD", "cik": "0001071739", "fillingDate": "2013-02-19", "acceptedDate": "2013-02-19 06:35:44", "calendarYear": "2012", "period": "Q4", "revenue": 2396597000, "costOfRevenue": 2525119000, "grossProfit": -128522000, "grossProfitRatio": -0.0536268718, "researchAndDevelopmentExpenses": 0, "generalAndAdministrativeExpenses": 0, "sellingAndMarketingExpenses": 0, "sellingGeneralAndAdministrativeExpenses": 192282000, "otherExpenses": -333872000, "operatingExpenses": -141590000, "costAndExpenses": 2383529000, "interestIncome": 0, "interestExpense": 6067000, "depreciationAndAmortization": 15974000, "ebitda": 32419000, "ebitdaratio": 0.013527097, "operatingIncome": 13068000, "operatingIncomeRatio": 0.0054527315, "totalOtherIncomeExpensesNet": -2690000, "incomeBeforeTax": 10378000, "incomeBeforeTaxRatio": 0.0043303067, "incomeTaxExpense": 5739000, "netIncome": 9061000, "netIncomeRatio": 0.0037807775, "eps": 0.0425, "epsdiluted": 0.0425, "weightedAverageShsOut": 207268264, "weightedAverageShsOutDil": 216220836, "link": "https://www.sec.gov/Archives/edgar/data/1071739/000107173913000024/0001071739-13-000024-index.htm", "finalLink": "https://www.sec.gov/Archives/edgar/data/1071739/000107173913000024/cnc1231201210k.htm"}, {"date": "2012-09-30", "symbol": "CNC", "reportedCurrency": "USD", "cik": "0001071739", "fillingDate": "2012-10-23", "acceptedDate": "2012-10-22 18:16:08", "calendarYear": "2012", "period": "Q3", "revenue": 2448121000, "costOfRevenue": 2294689000, "grossProfit": 153432000, "grossProfitRatio": 0.0626733728, "researchAndDevelopmentExpenses": 0, "generalAndAdministrativeExpenses": 181073000, "sellingAndMarketingExpenses": 0, "sellingGeneralAndAdministrativeExpenses": 181073000, "otherExpenses": 0, "operatingExpenses": 181073000, "costAndExpenses": 2475762000, "interestIncome": 0, "interestExpense": 4855000, "depreciationAndAmortization": 16626000, "ebitda": 12229000, "ebitdaratio": 0.0049952596, "operatingIncome": -27641000, "operatingIncomeRatio": -0.0112907001, "totalOtherIncomeExpensesNet": 18389000, "incomeBeforeTax": -9252000, "incomeBeforeTaxRatio": -0.003779225, "incomeTaxExpense": -9547000, "netIncome": 3819000, "netIncomeRatio": 0.0015599719, "eps": 0.0175, "epsdiluted": 0.0175, "weightedAverageShsOut": 206339440, "weightedAverageShsOutDil": 215224788, "link": "https://www.sec.gov/Archives/edgar/data/1071739/000107173912000061/0001071739-12-000061-index.htm", "finalLink": "https://www.sec.gov/Archives/edgar/data/1071739/000107173912000061/cnc930201210q.htm"}, {"date": "2012-06-30", "symbol": "CNC", "reportedCurrency": "USD", "cik": "0001071739", "fillingDate": "2012-07-24", "acceptedDate": "2012-07-23 20:09:39", "calendarYear": "2012", "period": "Q2", "revenue": 2110746000, "costOfRevenue": 1961397000, "grossProfit": 149349000, "grossProfitRatio": 0.0707565003, "researchAndDevelopmentExpenses": 0, "generalAndAdministrativeExpenses": 168062000, "sellingAndMarketingExpenses": 0, "sellingGeneralAndAdministrativeExpenses": 168062000, "otherExpenses": 28033000, "operatingExpenses": 196095000, "costAndExpenses": 2157492000, "interestIncome": 4045000, "interestExpense": 4739000, "depreciationAndAmortization": 16653000, "ebitda": -26048000, "ebitdaratio": -0.0123406606, "operatingIncome": -46746000, "operatingIncomeRatio": -0.0221466723, "totalOtherIncomeExpensesNet": -694000, "incomeBeforeTax": -47440000, "incomeBeforeTaxRatio": -0.022475466, "incomeTaxExpense": -8608000, "netIncome": -34999000, "netIncomeRatio": -0.0165813414, "eps": -0.17, "epsdiluted": -0.17, "weightedAverageShsOut": 206063580, "weightedAverageShsOutDil": 206063580, "link": "https://www.sec.gov/Archives/edgar/data/1071739/000107173912000030/0001071739-12-000030-index.htm", "finalLink": "https://www.sec.gov/Archives/edgar/data/1071739/000107173912000030/cnc630201210q.htm"}, {"date": "2012-03-31", "symbol": "CNC", "reportedCurrency": "USD", "cik": "0001071739", "fillingDate": "2012-04-24", "acceptedDate": "2012-04-23 18:38:39", "calendarYear": "2012", "period": "Q1", "revenue": 1712148000, "costOfRevenue": 1514763000, "grossProfit": 197385000, "grossProfitRatio": 0.1152850104, "researchAndDevelopmentExpenses": 0, "generalAndAdministrativeExpenses": 163187000, "sellingAndMarketingExpenses": 0, "sellingGeneralAndAdministrativeExpenses": 163187000, "otherExpenses": 0, "operatingExpenses": 163187000, "costAndExpenses": 1677950000, "interestIncome": 0, "interestExpense": 4799000, "depreciationAndAmortization": 16613000, "ebitda": 56102000, "ebitdaratio": 0.0327670271, "operatingIncome": 34198000, "operatingIncomeRatio": 0.0199737406, "totalOtherIncomeExpensesNet": 492000, "incomeBeforeTax": 34690000, "incomeBeforeTaxRatio": 0.0202610989, "incomeTaxExpense": 12087000, "netIncome": 23978000, "netIncomeRatio": 0.0140046304, "eps": 0.12, "epsdiluted": 0.11, "weightedAverageShsOut": 204502696, "weightedAverageShsOutDil": 214036972, "link": "https://www.sec.gov/Archives/edgar/data/1071739/000107173912000015/0001071739-12-000015-index.htm", "finalLink": "https://www.sec.gov/Archives/edgar/data/1071739/000107173912000015/form10q.htm"}, {"date": "2011-12-31", "symbol": "CNC", "reportedCurrency": "USD", "cik": "0001071739", "fillingDate": "2012-02-21", "acceptedDate": "2012-02-21 08:39:43", "calendarYear": "2011", "period": "Q4", "revenue": 1507176000, "costOfRevenue": 1320743000, "grossProfit": 186433000, "grossProfitRatio": 0.1236969007, "researchAndDevelopmentExpenses": 0, "generalAndAdministrativeExpenses": 0, "sellingAndMarketingExpenses": 0, "sellingGeneralAndAdministrativeExpenses": 90330000, "otherExpenses": 48726000, "operatingExpenses": 139056000, "costAndExpenses": 1459799000, "interestIncome": 0, "interestExpense": 4797000, "depreciationAndAmortization": 15272000, "ebitda": 66639000, "ebitdaratio": 0.0442144779, "operatingIncome": 47377000, "operatingIncomeRatio": 0.031434285, "totalOtherIncomeExpensesNet": -807000, "incomeBeforeTax": 46570000, "incomeBeforeTaxRatio": 0.0308988466, "incomeTaxExpense": 17306000, "netIncome": 30112000, "netIncomeRatio": 0.0199790867, "eps": 0.15, "epsdiluted": 0.14, "weightedAverageShsOut": 202090904, "weightedAverageShsOutDil": 211578804, "link": "https://www.sec.gov/Archives/edgar/data/1071739/000107173912000006/0001071739-12-000006-index.htm", "finalLink": "https://www.sec.gov/Archives/edgar/data/1071739/000107173912000006/form10k.htm"}, {"date": "2011-09-30", "symbol": "CNC", "reportedCurrency": "USD", "cik": "0001071739", "fillingDate": "2011-10-25", "acceptedDate": "2011-10-24 17:57:31", "calendarYear": "2011", "period": "Q3", "revenue": 1302035000, "costOfRevenue": 1073549000, "grossProfit": 228486000, "grossProfitRatio": 0.175483762, "researchAndDevelopmentExpenses": 0, "generalAndAdministrativeExpenses": 0, "sellingAndMarketingExpenses": 0, "sellingGeneralAndAdministrativeExpenses": 142934000, "otherExpenses": 37005000, "operatingExpenses": 179939000, "costAndExpenses": 1253488000, "interestIncome": 0, "interestExpense": 4572000, "depreciationAndAmortization": 14488000, "ebitda": 65732000, "ebitdaratio": 0.05048405, "operatingIncome": 48547000, "operatingIncomeRatio": 0.03728548, "totalOtherIncomeExpensesNet": -1875000, "incomeBeforeTax": 46672000, "incomeBeforeTaxRatio": 0.0358454266, "incomeTaxExpense": 18459000, "netIncome": 28987000, "netIncomeRatio": 0.0222628424, "eps": 0.14, "epsdiluted": 0.14, "weightedAverageShsOut": 201382048, "weightedAverageShsOutDil": 210481400, "link": "https://www.sec.gov/Archives/edgar/data/1071739/000107173911000031/0001071739-11-000031-index.htm", "finalLink": "https://www.sec.gov/Archives/edgar/data/1071739/000107173911000031/form10q.htm"}, {"date": "2011-06-30", "symbol": "CNC", "reportedCurrency": "USD", "cik": "0001071739", "fillingDate": "2011-07-26", "acceptedDate": "2011-07-25 18:35:43", "calendarYear": "2011", "period": "Q2", "revenue": 1315014000, "costOfRevenue": 1079432000, "grossProfit": 235582000, "grossProfitRatio": 0.1791479026, "researchAndDevelopmentExpenses": 0, "generalAndAdministrativeExpenses": 0, "sellingAndMarketingExpenses": 0, "sellingGeneralAndAdministrativeExpenses": 143045000, "otherExpenses": 37234000, "operatingExpenses": 180279000, "costAndExpenses": 1259711000, "interestIncome": 2933000, "interestExpense": 5256000, "depreciationAndAmortization": 14242000, "ebitda": 63990000, "ebitdaratio": 0.0486610789, "operatingIncome": 55303000, "operatingIncomeRatio": 0.0420550656, "totalOtherIncomeExpensesNet": -10811000, "incomeBeforeTax": 44492000, "incomeBeforeTaxRatio": 0.0338338603, "incomeTaxExpense": 16429000, "netIncome": 28374000, "netIncomeRatio": 0.0215769566, "eps": 0.14, "epsdiluted": 0.14, "weightedAverageShsOut": 200668208, "weightedAverageShsOutDil": 209957656, "link": "https://www.sec.gov/Archives/edgar/data/1071739/000107173911000022/0001071739-11-000022-index.htm", "finalLink": "https://www.sec.gov/Archives/edgar/data/1071739/000107173911000022/form10q.htm"}, {"date": "2011-03-31", "symbol": "CNC", "reportedCurrency": "USD", "cik": "0001071739", "fillingDate": "2011-04-26", "acceptedDate": "2011-04-25 17:52:56", "calendarYear": "2011", "period": "Q1", "revenue": 1216357000, "costOfRevenue": 998743000, "grossProfit": 217614000, "grossProfitRatio": 0.1789063573, "researchAndDevelopmentExpenses": 0, "generalAndAdministrativeExpenses": 0, "sellingAndMarketingExpenses": 0, "sellingGeneralAndAdministrativeExpenses": 141088000, "otherExpenses": 37429000, "operatingExpenses": 178517000, "costAndExpenses": 1177260000, "interestIncome": 3749000, "interestExpense": 5695000, "depreciationAndAmortization": 14325000, "ebitda": 57171000, "ebitdaratio": 0.0470018259, "operatingIncome": 39097000, "operatingIncomeRatio": 0.0321427015, "totalOtherIncomeExpensesNet": -1946000, "incomeBeforeTax": 37151000, "incomeBeforeTaxRatio": 0.0305428423, "incomeTaxExpense": 14328000, "netIncome": 23745000, "netIncomeRatio": 0.019521407, "eps": 0.12, "epsdiluted": 0.12, "weightedAverageShsOut": 199001720, "weightedAverageShsOutDil": 207246884, "link": "https://www.sec.gov/Archives/edgar/data/1071739/000107173911000016/0001071739-11-000016-index.htm", "finalLink": "https://www.sec.gov/Archives/edgar/data/1071739/000107173911000016/form10q.htm"}, {"date": "2010-12-31", "symbol": "CNC", "reportedCurrency": "USD", "cik": "0001071739", "fillingDate": "2011-02-22", "acceptedDate": "2011-02-22 07:55:49", "calendarYear": "2010", "period": "Q4", "revenue": 1180969000, "costOfRevenue": 823599000, "grossProfit": 357370000, "grossProfitRatio": 0.3026074351, "researchAndDevelopmentExpenses": 0, "generalAndAdministrativeExpenses": 0, "sellingAndMarketingExpenses": 0, "sellingGeneralAndAdministrativeExpenses": 146751000, "otherExpenses": 165118000, "operatingExpenses": 311869000, "costAndExpenses": 1135468000, "interestIncome": 0, "interestExpense": 5452000, "depreciationAndAmortization": 13380000, "ebitda": 62174000, "ebitdaratio": 0.0526465978, "operatingIncome": 45501000, "operatingIncomeRatio": 0.0385285304, "totalOtherIncomeExpensesNet": -2159000, "incomeBeforeTax": 43342000, "incomeBeforeTaxRatio": 0.0367003706, "incomeTaxExpense": 16958000, "netIncome": 25399000, "netIncomeRatio": 0.0215069151, "eps": 0.13, "epsdiluted": 0.13, "weightedAverageShsOut": 195019788, "weightedAverageShsOutDil": 201791552, "link": "https://www.sec.gov/Archives/edgar/data/1071739/000107173911000012/0001071739-11-000012-index.htm", "finalLink": "https://www.sec.gov/Archives/edgar/data/1071739/000107173911000012/form10k.htm"}, {"date": "2010-09-30", "symbol": "CNC", "reportedCurrency": "USD", "cik": "0001071739", "fillingDate": "2010-10-26", "acceptedDate": "2010-10-25 18:57:53", "calendarYear": "2010", "period": "Q3", "revenue": 1121861000, "costOfRevenue": 907927000, "grossProfit": 213934000, "grossProfitRatio": 0.1906956388, "researchAndDevelopmentExpenses": 0, "generalAndAdministrativeExpenses": 0, "sellingAndMarketingExpenses": 0, "sellingGeneralAndAdministrativeExpenses": 132095000, "otherExpenses": 41591000, "operatingExpenses": 173686000, "costAndExpenses": 1081613000, "interestIncome": 0, "interestExpense": 4858000, "depreciationAndAmortization": 13702000, "ebitda": 54663000, "ebitdaratio": 0.0487252877, "operatingIncome": 40248000, "operatingIncomeRatio": 0.0358761023, "totalOtherIncomeExpensesNet": -4145000, "incomeBeforeTax": 36103000, "incomeBeforeTaxRatio": 0.0321813487, "incomeTaxExpense": 13163000, "netIncome": 22662000, "netIncomeRatio": 0.0202003635, "eps": 0.12, "epsdiluted": 0.11, "weightedAverageShsOut": 196953624, "weightedAverageShsOutDil": 203753428, "link": "https://www.sec.gov/Archives/edgar/data/1071739/000107173910000028/0001071739-10-000028-index.htm", "finalLink": "https://www.sec.gov/Archives/edgar/data/1071739/000107173910000028/form10q.htm"}]