[{"date": "2025-06-30", "symbol": "LYV", "reportedCurrency": "USD", "cik": "0001335258", "fillingDate": "2025-08-07", "acceptedDate": "2025-08-07 16:27:55", "calendarYear": "2025", "period": "Q2", "revenue": 7006641000, "costOfRevenue": 5210756000, "grossProfit": 1795885000, "grossProfitRatio": 0.2563118333, "researchAndDevelopmentExpenses": 0, "generalAndAdministrativeExpenses": 0, "sellingAndMarketingExpenses": 0, "sellingGeneralAndAdministrativeExpenses": 1003344000, "otherExpenses": 305888000, "operatingExpenses": 1309232000, "costAndExpenses": 6519988000, "interestIncome": 37893000, "interestExpense": 72048000, "depreciationAndAmortization": 159025000, "ebitda": 651459000, "ebitdaratio": 0.0929773625, "operatingIncome": 486653000, "operatingIncomeRatio": 0.0694559633, "totalOtherIncomeExpensesNet": -66267000, "incomeBeforeTax": 420386000, "incomeBeforeTaxRatio": 0.0599982217, "incomeTaxExpense": 117645000, "netIncome": 243411000, "netIncomeRatio": 0.0347400416, "eps": 0.41, "epsdiluted": 0.41, "weightedAverageShsOut": 231845412, "weightedAverageShsOutDil": 234417428, "link": "https://www.sec.gov/Archives/edgar/data/1335258/000133525825000129/0001335258-25-000129-index.htm", "finalLink": "https://www.sec.gov/Archives/edgar/data/1335258/000133525825000129/lyv-20250630.htm"}, {"date": "2025-03-31", "symbol": "LYV", "reportedCurrency": "USD", "cik": "0001335258", "fillingDate": "2025-05-01", "acceptedDate": "2025-05-01 16:17:19", "calendarYear": "2025", "period": "Q1", "revenue": 3382117000, "costOfRevenue": 2254937000, "grossProfit": 1127180000, "grossProfitRatio": 0.3332764656, "researchAndDevelopmentExpenses": 0, "generalAndAdministrativeExpenses": 0, "sellingAndMarketingExpenses": 778922000, "sellingGeneralAndAdministrativeExpenses": 778922000, "otherExpenses": 233489000, "operatingExpenses": 1012411000, "costAndExpenses": 3267348000, "interestIncome": 34061000, "interestExpense": 80343000, "depreciationAndAmortization": 149455000, "ebitda": 295811000, "ebitdaratio": 0.0874632664, "operatingIncome": 114769000, "operatingIncomeRatio": 0.0339340715, "totalOtherIncomeExpensesNet": -48756000, "incomeBeforeTax": 66013000, "incomeBeforeTaxRatio": 0.0195182485, "incomeTaxExpense": 19711000, "netIncome": 23203000, "netIncomeRatio": 0.006860496, "eps": -0.32, "epsdiluted": -0.32, "weightedAverageShsOut": 231220841, "weightedAverageShsOutDil": 231220841, "link": "https://www.sec.gov/Archives/edgar/data/1335258/000133525825000055/0001335258-25-000055-index.htm", "finalLink": "https://www.sec.gov/Archives/edgar/data/1335258/000133525825000055/lyv-20250331.htm"}, {"date": "2024-12-31", "symbol": "LYV", "reportedCurrency": "USD", "cik": "0001335258", "fillingDate": "2025-02-21", "acceptedDate": "2025-02-20 17:39:17", "calendarYear": "2024", "period": "Q4", "revenue": 5681593000, "costOfRevenue": 4488417000, "grossProfit": 1193176000, "grossProfitRatio": 0.210007299, "researchAndDevelopmentExpenses": 6535000, "generalAndAdministrativeExpenses": 1067775000, "sellingAndMarketingExpenses": 0, "sellingGeneralAndAdministrativeExpenses": 1087225000, "otherExpenses": 338860000, "operatingExpenses": 1432620000, "costAndExpenses": 5921037000, "interestIncome": 32505000, "interestExpense": 77352000, "depreciationAndAmortization": 142599000, "ebitda": -81241000, "ebitdaratio": -0.0142989827, "operatingIncome": -239444000, "operatingIncomeRatio": -0.0421438142, "totalOtherIncomeExpensesNet": -61748000, "incomeBeforeTax": -301192000, "incomeBeforeTaxRatio": -0.053011893, "incomeTaxExpense": -583110000, "netIncome": 200987000, "netIncomeRatio": 0.035375114, "eps": 0.57, "epsdiluted": 0.56, "weightedAverageShsOut": 230124255, "weightedAverageShsOutDil": 238019910, "link": "https://www.sec.gov/Archives/edgar/data/1335258/000133525825000028/0001335258-25-000028-index.htm", "finalLink": "https://www.sec.gov/Archives/edgar/data/1335258/000133525825000028/lyv-20241231.htm"}, {"date": "2024-09-30", "symbol": "LYV", "reportedCurrency": "USD", "cik": "0001335258", "fillingDate": "2024-11-12", "acceptedDate": "2024-11-12 06:10:02", "calendarYear": "2024", "period": "Q3", "revenue": 7651087000, "costOfRevenue": 5780188000, "grossProfit": 1870899000, "grossProfitRatio": 0.2445272155, "researchAndDevelopmentExpenses": 0, "generalAndAdministrativeExpenses": 92923000, "sellingAndMarketingExpenses": 1005418000, "sellingGeneralAndAdministrativeExpenses": 1005418000, "otherExpenses": 225956000, "operatingExpenses": 1231374000, "costAndExpenses": 7011562000, "interestIncome": 36067000, "interestExpense": 87961000, "depreciationAndAmortization": 137001000, "ebitda": 810874000, "ebitdaratio": 0.1059815422, "operatingIncome": 639525000, "operatingIncomeRatio": 0.0835861623, "totalOtherIncomeExpensesNet": -53613000, "incomeBeforeTax": 585912000, "incomeBeforeTaxRatio": 0.0765789227, "incomeTaxExpense": 70229000, "netIncome": 451805000, "netIncomeRatio": 0.0590510865, "eps": 1.72, "epsdiluted": 1.66, "weightedAverageShsOut": 230374307, "weightedAverageShsOutDil": 245319968, "link": "https://www.sec.gov/Archives/edgar/data/1335258/000133525824000156/0001335258-24-000156-index.htm", "finalLink": "https://www.sec.gov/Archives/edgar/data/1335258/000133525824000156/lyv-20240930.htm"}, {"date": "2024-06-30", "symbol": "LYV", "reportedCurrency": "USD", "cik": "0001335258", "fillingDate": "2024-07-30", "acceptedDate": "2024-07-30 16:30:00", "calendarYear": "2024", "period": "Q2", "revenue": 6023416000, "costOfRevenue": 4545938000, "grossProfit": 1477478000, "grossProfitRatio": 0.2452890519, "researchAndDevelopmentExpenses": 6535000, "generalAndAdministrativeExpenses": 86216000, "sellingAndMarketingExpenses": 1112222000, "sellingGeneralAndAdministrativeExpenses": 1198438000, "otherExpenses": -55585000, "operatingExpenses": 1149388000, "costAndExpenses": 5558376000, "interestIncome": 44425000, "interestExpense": 79970000, "depreciationAndAmortization": 137729000, "ebitda": 674091000, "ebitdaratio": 0.1119117458, "operatingIncome": 465819000, "operatingIncomeRatio": 0.0773346885, "totalOtherIncomeExpensesNet": -9427000, "incomeBeforeTax": 456392000, "incomeBeforeTaxRatio": 0.0757696297, "incomeTaxExpense": 80164000, "netIncome": 297970000, "netIncomeRatio": 0.0494686072, "eps": 1.05, "epsdiluted": 1.03, "weightedAverageShsOut": 229921527, "weightedAverageShsOutDil": 245002995, "link": "https://www.sec.gov/Archives/edgar/data/1335258/000133525824000125/0001335258-24-000125-index.htm", "finalLink": "https://www.sec.gov/Archives/edgar/data/1335258/000133525824000125/lyv-20240630.htm"}, {"date": "2024-03-31", "symbol": "LYV", "reportedCurrency": "USD", "cik": "0001335258", "fillingDate": "2024-05-02", "acceptedDate": "2024-05-02 16:19:14", "calendarYear": "2024", "period": "Q1", "revenue": 3799529000, "costOfRevenue": 2646457000, "grossProfit": 1153072000, "grossProfitRatio": 0.3034776153, "researchAndDevelopmentExpenses": 0, "generalAndAdministrativeExpenses": 981559000, "sellingAndMarketingExpenses": 981559000, "sellingGeneralAndAdministrativeExpenses": 1057636000, "otherExpenses": 132594000, "operatingExpenses": 1190230000, "costAndExpenses": 3836687000, "interestIncome": 43257000, "interestExpense": 80691000, "depreciationAndAmortization": 156674000, "ebitda": 240562000, "ebitdaratio": 0.063313637, "operatingIncome": -36507000, "operatingIncomeRatio": -0.0096082962, "totalOtherIncomeExpensesNet": 39704000, "incomeBeforeTax": 3197000, "incomeBeforeTaxRatio": 0.0008414201, "incomeTaxExpense": 35414000, "netIncome": -46733000, "netIncomeRatio": -0.0122996824, "eps": -0.56, "epsdiluted": -0.56, "weightedAverageShsOut": 229471184, "weightedAverageShsOutDil": 229471184, "link": "https://www.sec.gov/Archives/edgar/data/1335258/000133525824000071/0001335258-24-000071-index.htm", "finalLink": "https://www.sec.gov/Archives/edgar/data/1335258/000133525824000071/lyv-20240331.htm"}, {"date": "2023-12-31", "symbol": "LYV", "reportedCurrency": "USD", "cik": "0001335258", "fillingDate": "2024-02-22", "acceptedDate": "2024-02-22 16:34:57", "calendarYear": "2023", "period": "Q4", "revenue": 5838941000, "costOfRevenue": 4681184000, "grossProfit": 1157757000, "grossProfitRatio": 0.1982820172, "researchAndDevelopmentExpenses": 13680000, "generalAndAdministrativeExpenses": 690321000, "sellingAndMarketingExpenses": 333780000, "sellingGeneralAndAdministrativeExpenses": 1024101000, "otherExpenses": 207287000, "operatingExpenses": 1245068000, "costAndExpenses": 5926252000, "interestIncome": 62946000, "interestExpense": 92819000, "depreciationAndAmortization": 134445000, "ebitda": 84236000, "ebitdaratio": 0.0144265887, "operatingIncome": -81476000, "operatingIncomeRatio": -0.0139539002, "totalOtherIncomeExpensesNet": -61552000, "incomeBeforeTax": -143028000, "incomeBeforeTaxRatio": -0.0244955378, "incomeTaxExpense": 38865000, "netIncome": -210728000, "netIncomeRatio": -0.0360901061, "eps": -1.32, "epsdiluted": -1.32, "weightedAverageShsOut": 233303152, "weightedAverageShsOutDil": 233303152, "link": "https://www.sec.gov/Archives/edgar/data/1335258/000133525824000017/0001335258-24-000017-index.htm", "finalLink": "https://www.sec.gov/Archives/edgar/data/1335258/000133525824000017/lyv-20231231.htm"}, {"date": "2023-09-30", "symbol": "LYV", "reportedCurrency": "USD", "cik": "0001335258", "fillingDate": "2023-11-02", "acceptedDate": "2023-11-02 16:25:52", "calendarYear": "2023", "period": "Q3", "revenue": 8152019000, "costOfRevenue": 6330465000, "grossProfit": 1821554000, "grossProfitRatio": 0.2234482034, "researchAndDevelopmentExpenses": 7379000, "generalAndAdministrativeExpenses": 99802000, "sellingAndMarketingExpenses": 974150000, "sellingGeneralAndAdministrativeExpenses": 1073952000, "otherExpenses": 123274000, "operatingExpenses": 1204605000, "costAndExpenses": 7535070000, "interestIncome": 78107000, "interestExpense": 86215000, "depreciationAndAmortization": 130653000, "ebitda": 848549000, "ebitdaratio": 0.1040906553, "operatingIncome": 618532000, "operatingIncomeRatio": 0.0758747005, "totalOtherIncomeExpensesNet": -21977000, "incomeBeforeTax": 596555000, "incomeBeforeTaxRatio": 0.0731788039, "incomeTaxExpense": 55874000, "netIncome": 483495000, "netIncomeRatio": 0.059309847, "eps": 2.01, "epsdiluted": 1.93, "weightedAverageShsOut": 228787263, "weightedAverageShsOutDil": 244163678, "link": "https://www.sec.gov/Archives/edgar/data/1335258/000133525823000102/0001335258-23-000102-index.htm", "finalLink": "https://www.sec.gov/Archives/edgar/data/1335258/000133525823000102/lyv-20230930.htm"}, {"date": "2023-06-30", "symbol": "LYV", "reportedCurrency": "USD", "cik": "0001335258", "fillingDate": "2023-07-27", "acceptedDate": "2023-07-27 16:18:59", "calendarYear": "2023", "period": "Q2", "revenue": 5630723000, "costOfRevenue": 4164778000, "grossProfit": 1465945000, "grossProfitRatio": 0.2603475611, "researchAndDevelopmentExpenses": 0, "generalAndAdministrativeExpenses": 81478000, "sellingAndMarketingExpenses": 787117000, "sellingGeneralAndAdministrativeExpenses": 868595000, "otherExpenses": 6599000, "operatingExpenses": 1086587000, "costAndExpenses": 5251365000, "interestIncome": 56452000, "interestExpense": 81995000, "depreciationAndAmortization": 157748000, "ebitda": 612728000, "ebitdaratio": 0.1088187077, "operatingIncome": 386371000, "operatingIncomeRatio": 0.0686183639, "totalOtherIncomeExpensesNet": -13386000, "incomeBeforeTax": 372985000, "incomeBeforeTaxRatio": 0.0662410493, "incomeTaxExpense": 41648000, "netIncome": 293682000, "netIncomeRatio": 0.0521570676, "eps": 1.04, "epsdiluted": 1.02, "weightedAverageShsOut": 228536179, "weightedAverageShsOutDil": 243660186, "link": "https://www.sec.gov/Archives/edgar/data/1335258/000133525823000085/0001335258-23-000085-index.htm", "finalLink": "https://www.sec.gov/Archives/edgar/data/1335258/000133525823000085/lyv-20230630.htm"}, {"date": "2023-03-31", "symbol": "LYV", "reportedCurrency": "USD", "cik": "0001335258", "fillingDate": "2023-05-04", "acceptedDate": "2023-05-04 16:22:03", "calendarYear": "2023", "period": "Q1", "revenue": 3127390000, "costOfRevenue": 2115589000, "grossProfit": 1011801000, "grossProfitRatio": 0.3235288851, "researchAndDevelopmentExpenses": 0, "generalAndAdministrativeExpenses": 690321000, "sellingAndMarketingExpenses": 0, "sellingGeneralAndAdministrativeExpenses": 690321000, "otherExpenses": 178200000, "operatingExpenses": 868521000, "costAndExpenses": 2984110000, "interestIncome": 40313000, "interestExpense": 89215000, "depreciationAndAmortization": 135548000, "ebitda": 289247000, "ebitdaratio": 0.0924883049, "operatingIncome": 142776000, "operatingIncomeRatio": 0.0456534043, "totalOtherIncomeExpensesNet": -74744000, "incomeBeforeTax": 68032000, "incomeBeforeTaxRatio": 0.0217536028, "incomeTaxExpense": 23840000, "netIncome": -3169000, "netIncomeRatio": -0.001013305, "eps": -0.0139, "epsdiluted": -0.0139, "weightedAverageShsOut": 228162831, "weightedAverageShsOutDil": 228162831, "link": "https://www.sec.gov/Archives/edgar/data/1335258/000133525823000055/0001335258-23-000055-index.htm", "finalLink": "https://www.sec.gov/Archives/edgar/data/1335258/000133525823000055/lyv-20230331.htm"}, {"date": "2022-12-31", "symbol": "LYV", "reportedCurrency": "USD", "cik": "0001335258", "fillingDate": "2023-02-23", "acceptedDate": "2023-02-23 16:46:35", "calendarYear": "2022", "period": "Q4", "revenue": 4290737000, "costOfRevenue": 3291631000, "grossProfit": 999106000, "grossProfitRatio": 0.2328518387, "researchAndDevelopmentExpenses": 1920000, "generalAndAdministrativeExpenses": 2206682000, "sellingAndMarketingExpenses": -1457480000, "sellingGeneralAndAdministrativeExpenses": 749202000, "otherExpenses": 369321000, "operatingExpenses": 1118523000, "costAndExpenses": 4410154000, "interestIncome": 31055000, "interestExpense": 72761000, "depreciationAndAmortization": 154409000, "ebitda": 47282000, "ebitdaratio": 0.0110195521, "operatingIncome": -83732000, "operatingIncomeRatio": -0.0195145962, "totalOtherIncomeExpensesNet": -37076000, "incomeBeforeTax": -156966000, "incomeBeforeTaxRatio": -0.0365825265, "incomeTaxExpense": 10665000, "netIncome": -167631000, "netIncomeRatio": -0.0390681135, "eps": -0.72, "epsdiluted": -0.72, "weightedAverageShsOut": 231263623, "weightedAverageShsOutDil": 231263623, "link": "https://www.sec.gov/Archives/edgar/data/1335258/000133525823000014/0001335258-23-000014-index.htm", "finalLink": "https://www.sec.gov/Archives/edgar/data/1335258/000133525823000014/lyv-20221231.htm"}, {"date": "2022-09-30", "symbol": "LYV", "reportedCurrency": "USD", "cik": "0001335258", "fillingDate": "2022-11-03", "acceptedDate": "2022-11-03 16:19:47", "calendarYear": "2022", "period": "Q3", "revenue": 6153535000, "costOfRevenue": 4707848000, "grossProfit": 1445687000, "grossProfitRatio": 0.2349360165, "researchAndDevelopmentExpenses": 0, "generalAndAdministrativeExpenses": 872630000, "sellingAndMarketingExpenses": 0, "sellingGeneralAndAdministrativeExpenses": 872630000, "otherExpenses": 102093000, "operatingExpenses": 974723000, "costAndExpenses": 5682571000, "interestIncome": 25809000, "interestExpense": 70514000, "depreciationAndAmortization": 117822000, "ebitda": 573057000, "ebitdaratio": 0.0931264712, "operatingIncome": 506249000, "operatingIncomeRatio": 0.0822696223, "totalOtherIncomeExpensesNet": -66948000, "incomeBeforeTax": 439301000, "incomeBeforeTaxRatio": 0.0713900222, "incomeTaxExpense": 41898000, "netIncome": 331487000, "netIncomeRatio": 0.0538693613, "eps": 1.39, "epsdiluted": 1.36, "weightedAverageShsOut": 239096001, "weightedAverageShsOutDil": 243686803, "link": "https://www.sec.gov/Archives/edgar/data/1335258/000133525822000144/0001335258-22-000144-index.htm", "finalLink": "https://www.sec.gov/Archives/edgar/data/1335258/000133525822000144/lyv-20220930.htm"}, {"date": "2022-06-30", "symbol": "LYV", "reportedCurrency": "USD", "cik": "0001335258", "fillingDate": "2022-08-04", "acceptedDate": "2022-08-04 16:24:01", "calendarYear": "2022", "period": "Q2", "revenue": 4434174000, "costOfRevenue": 3267023000, "grossProfit": 1167151000, "grossProfitRatio": 0.2632172305, "researchAndDevelopmentExpenses": 0, "generalAndAdministrativeExpenses": 731460000, "sellingAndMarketingExpenses": 0, "sellingGeneralAndAdministrativeExpenses": 731460000, "otherExpenses": -5619000, "operatingExpenses": 847387000, "costAndExpenses": 4114410000, "interestIncome": 13192000, "interestExpense": 68435000, "depreciationAndAmortization": 137792000, "ebitda": 435691000, "ebitdaratio": 0.0982575334, "operatingIncome": 318699000, "operatingIncomeRatio": 0.0718733636, "totalOtherIncomeExpensesNet": -58327000, "incomeBeforeTax": 260372000, "incomeBeforeTaxRatio": 0.0587193917, "incomeTaxExpense": 31995000, "netIncome": 155240000, "netIncomeRatio": 0.0350099026, "eps": 0.69, "epsdiluted": 0.66, "weightedAverageShsOut": 224674447, "weightedAverageShsOutDil": 243634764, "link": "https://www.sec.gov/Archives/edgar/data/1335258/000133525822000123/0001335258-22-000123-index.htm", "finalLink": "https://www.sec.gov/Archives/edgar/data/1335258/000133525822000123/lyv-20220630.htm"}, {"date": "2022-03-31", "symbol": "LYV", "reportedCurrency": "USD", "cik": "0001335258", "fillingDate": "2022-05-05", "acceptedDate": "2022-05-05 16:42:53", "calendarYear": "2022", "period": "Q1", "revenue": 1802808000, "costOfRevenue": 1071022000, "grossProfit": 731786000, "grossProfitRatio": 0.4059145511, "researchAndDevelopmentExpenses": 0, "generalAndAdministrativeExpenses": 602592000, "sellingAndMarketingExpenses": 0, "sellingGeneralAndAdministrativeExpenses": 602592000, "otherExpenses": 100469000, "operatingExpenses": 703061000, "costAndExpenses": 1774083000, "interestIncome": 7564000, "interestExpense": 66773000, "depreciationAndAmortization": 118996000, "ebitda": 148509000, "ebitdaratio": 0.0823764927, "operatingIncome": 27060000, "operatingIncomeRatio": 0.0150099179, "totalOtherIncomeExpensesNet": -64320000, "incomeBeforeTax": -37260000, "incomeBeforeTaxRatio": -0.0206677583, "incomeTaxExpense": 11696000, "netIncome": -48956000, "netIncomeRatio": -0.0271554153, "eps": -0.22, "epsdiluted": -0.22, "weightedAverageShsOut": 221890625, "weightedAverageShsOutDil": 221890625, "link": "https://www.sec.gov/Archives/edgar/data/1335258/000133525822000068/0001335258-22-000068-index.htm", "finalLink": "https://www.sec.gov/Archives/edgar/data/1335258/000133525822000068/lyv-20220331.htm"}, {"date": "2021-12-31", "symbol": "LYV", "reportedCurrency": "USD", "cik": "0001335258", "fillingDate": "2022-02-23", "acceptedDate": "2022-02-23 16:33:45", "calendarYear": "2021", "period": "Q4", "revenue": 2703170000, "costOfRevenue": 2008991000, "grossProfit": 694179000, "grossProfitRatio": 0.256801829, "researchAndDevelopmentExpenses": 18758000, "generalAndAdministrativeExpenses": 716379000, "sellingAndMarketingExpenses": 0, "sellingGeneralAndAdministrativeExpenses": 716379000, "otherExpenses": 16211000, "operatingExpenses": 818898000, "costAndExpenses": 2827889000, "interestIncome": 2672000, "interestExpense": 72294000, "depreciationAndAmortization": 127711000, "ebitda": 8641000, "ebitdaratio": 0.0031966173, "operatingIncome": -124546000, "operatingIncomeRatio": -0.0460740538, "totalOtherIncomeExpensesNet": -55501000, "incomeBeforeTax": -180047000, "incomeBeforeTaxRatio": -0.0666058738, "incomeTaxExpense": -17576000, "netIncome": -210485000, "netIncomeRatio": -0.077865987, "eps": -0.97, "epsdiluted": -0.94, "weightedAverageShsOut": 216888355, "weightedAverageShsOutDil": 223800400, "link": "https://www.sec.gov/Archives/edgar/data/1335258/000133525822000019/0001335258-22-000019-index.htm", "finalLink": "https://www.sec.gov/Archives/edgar/data/1335258/000133525822000019/lyv-20211231.htm"}, {"date": "2021-09-30", "symbol": "LYV", "reportedCurrency": "USD", "cik": "0001335258", "fillingDate": "2021-11-04", "acceptedDate": "2021-11-04 16:49:08", "calendarYear": "2021", "period": "Q3", "revenue": 2698722000, "costOfRevenue": 1969912000, "grossProfit": 728810000, "grossProfitRatio": 0.2700574568, "researchAndDevelopmentExpenses": 0, "generalAndAdministrativeExpenses": 491578000, "sellingAndMarketingExpenses": 0, "sellingGeneralAndAdministrativeExpenses": 491578000, "otherExpenses": -12441000, "operatingExpenses": 592813000, "costAndExpenses": 2562725000, "interestIncome": 1333000, "interestExpense": 70407000, "depreciationAndAmortization": 121721000, "ebitda": 285416000, "ebitdaratio": 0.1057596892, "operatingIncome": 137145000, "operatingIncomeRatio": 0.0508184985, "totalOtherIncomeExpensesNet": -43857000, "incomeBeforeTax": 93288000, "incomeBeforeTaxRatio": 0.034567473, "incomeTaxExpense": 6421000, "netIncome": 42633000, "netIncomeRatio": 0.0157974775, "eps": 0.2, "epsdiluted": 0.19, "weightedAverageShsOut": 216888355, "weightedAverageShsOutDil": 223800400, "link": "https://www.sec.gov/Archives/edgar/data/1335258/000133525821000136/0001335258-21-000136-index.htm", "finalLink": "https://www.sec.gov/Archives/edgar/data/1335258/000133525821000136/lyv-20210930.htm"}, {"date": "2021-06-30", "symbol": "LYV", "reportedCurrency": "USD", "cik": "0001335258", "fillingDate": "2021-08-03", "acceptedDate": "2021-08-03 16:30:04", "calendarYear": "2021", "period": "Q2", "revenue": 575946000, "costOfRevenue": 243120000, "grossProfit": 332826000, "grossProfitRatio": 0.5778770926, "researchAndDevelopmentExpenses": 0, "generalAndAdministrativeExpenses": 356492000, "sellingAndMarketingExpenses": 0, "sellingGeneralAndAdministrativeExpenses": 356492000, "otherExpenses": -9461000, "operatingExpenses": 460139000, "costAndExpenses": 703259000, "interestIncome": 1471000, "interestExpense": 68909000, "depreciationAndAmortization": 121754000, "ebitda": -20824000, "ebitdaratio": -0.0361561674, "operatingIncome": -127285000, "operatingIncomeRatio": -0.2210016217, "totalOtherIncomeExpensesNet": -80890000, "incomeBeforeTax": -208175000, "incomeBeforeTaxRatio": -0.3614488164, "incomeTaxExpense": 2285000, "netIncome": -194714000, "netIncomeRatio": -0.3380768336, "eps": -0.9, "epsdiluted": -0.9, "weightedAverageShsOut": 215702508, "weightedAverageShsOutDil": 215702508, "link": "https://www.sec.gov/Archives/edgar/data/1335258/000133525821000105/0001335258-21-000105-index.htm", "finalLink": "https://www.sec.gov/Archives/edgar/data/1335258/000133525821000105/lyv-20210630.htm"}, {"date": "2021-03-31", "symbol": "LYV", "reportedCurrency": "USD", "cik": "0001335258", "fillingDate": "2021-05-06", "acceptedDate": "2021-05-06 16:37:33", "calendarYear": "2021", "period": "Q1", "revenue": 290609000, "costOfRevenue": 133966000, "grossProfit": 156643000, "grossProfitRatio": 0.5390163415, "researchAndDevelopmentExpenses": 0, "generalAndAdministrativeExpenses": 350801000, "sellingAndMarketingExpenses": 0, "sellingGeneralAndAdministrativeExpenses": 350801000, "otherExpenses": 6000, "operatingExpenses": 459677000, "costAndExpenses": 593643000, "interestIncome": 1149000, "interestExpense": 70830000, "depreciationAndAmortization": 119497000, "ebitda": -126006000, "ebitdaratio": -0.4335929032, "operatingIncome": -303172000, "operatingIncomeRatio": -1.0432299069, "totalOtherIncomeExpensesNet": -13161000, "incomeBeforeTax": -316333000, "incomeBeforeTaxRatio": -1.0885175614, "incomeTaxExpense": 6389000, "netIncome": -308109000, "netIncomeRatio": -1.060218369, "eps": -1.44, "epsdiluted": -1.44, "weightedAverageShsOut": 214531958, "weightedAverageShsOutDil": 214531958, "link": "https://www.sec.gov/Archives/edgar/data/1335258/000133525821000058/0001335258-21-000058-index.htm", "finalLink": "https://www.sec.gov/Archives/edgar/data/1335258/000133525821000058/lyv-20210331.htm"}, {"date": "2020-12-31", "symbol": "LYV", "reportedCurrency": "USD", "cik": "0001335258", "fillingDate": "2021-03-01", "acceptedDate": "2021-03-01 16:51:51", "calendarYear": "2020", "period": "Q4", "revenue": 237383000, "costOfRevenue": 203274000, "grossProfit": 34109000, "grossProfitRatio": 0.1436876272, "researchAndDevelopmentExpenses": 27646000, "generalAndAdministrativeExpenses": 302277000, "sellingAndMarketingExpenses": -21242000, "sellingGeneralAndAdministrativeExpenses": 281035000, "otherExpenses": 5558000, "operatingExpenses": 422517000, "costAndExpenses": 625791000, "interestIncome": 2025000, "interestExpense": 64051000, "depreciationAndAmortization": 120240000, "ebitda": -258155000, "ebitdaratio": -1.0875041599, "operatingIncome": -388014000, "operatingIncomeRatio": -1.634548388, "totalOtherIncomeExpensesNet": -55270000, "incomeBeforeTax": -443284000, "incomeBeforeTaxRatio": -1.8673788772, "incomeTaxExpense": 20542000, "netIncome": -443332000, "netIncomeRatio": -1.867581082, "eps": -2.09, "epsdiluted": -2.09, "weightedAverageShsOut": 212593719, "weightedAverageShsOutDil": 212593719, "link": "https://www.sec.gov/Archives/edgar/data/1335258/000133525821000009/0001335258-21-000009-index.htm", "finalLink": "https://www.sec.gov/Archives/edgar/data/1335258/000133525821000009/lyv-20201231.htm"}, {"date": "2020-09-30", "symbol": "LYV", "reportedCurrency": "USD", "cik": "0001335258", "fillingDate": "2020-11-05", "acceptedDate": "2020-11-05 16:34:33", "calendarYear": "2020", "period": "Q3", "revenue": 184018000, "costOfRevenue": 130749000, "grossProfit": 53269000, "grossProfitRatio": 0.2894771164, "researchAndDevelopmentExpenses": 0, "generalAndAdministrativeExpenses": 437564000, "sellingAndMarketingExpenses": 0, "sellingGeneralAndAdministrativeExpenses": 437564000, "otherExpenses": 10977000, "operatingExpenses": 557502000, "costAndExpenses": 688251000, "interestIncome": 2810000, "interestExpense": 66093000, "depreciationAndAmortization": 119938000, "ebitda": -369824000, "ebitdaratio": -2.0097164408, "operatingIncome": -504441000, "operatingIncomeRatio": -2.7412590073, "totalOtherIncomeExpensesNet": -54921000, "incomeBeforeTax": -559362000, "incomeBeforeTaxRatio": -3.0397135063, "incomeTaxExpense": -16904000, "netIncome": -521912000, "netIncomeRatio": -2.8362008064, "eps": -2.45, "epsdiluted": -2.45, "weightedAverageShsOut": 212593719, "weightedAverageShsOutDil": 212593719, "link": "https://www.sec.gov/Archives/edgar/data/1335258/000133525820000163/0001335258-20-000163-index.htm", "finalLink": "https://www.sec.gov/Archives/edgar/data/1335258/000133525820000163/lyv-20200930.htm"}, {"date": "2020-06-30", "symbol": "LYV", "reportedCurrency": "USD", "cik": "0001335258", "fillingDate": "2020-08-05", "acceptedDate": "2020-08-05 16:34:29", "calendarYear": "2020", "period": "Q2", "revenue": 74084000, "costOfRevenue": 194557000, "grossProfit": -120473000, "grossProfitRatio": -1.6261675935, "researchAndDevelopmentExpenses": 0, "generalAndAdministrativeExpenses": 344268000, "sellingAndMarketingExpenses": 0, "sellingGeneralAndAdministrativeExpenses": 344268000, "otherExpenses": 5173000, "operatingExpenses": 467035000, "costAndExpenses": 661592000, "interestIncome": 2429000, "interestExpense": 52689000, "depreciationAndAmortization": 122767000, "ebitda": -466741000, "ebitdaratio": -6.3001592787, "operatingIncome": -588067000, "operatingIncomeRatio": -7.9378408293, "totalOtherIncomeExpensesNet": -51700000, "incomeBeforeTax": -639767000, "incomeBeforeTaxRatio": -8.6356973166, "incomeTaxExpense": -29183000, "netIncome": -565922000, "netIncomeRatio": -7.6389233843, "eps": -2.67, "epsdiluted": -2.67, "weightedAverageShsOut": 211693923, "weightedAverageShsOutDil": 211693923, "link": "https://www.sec.gov/Archives/edgar/data/1335258/000133525820000150/0001335258-20-000150-index.htm", "finalLink": "https://www.sec.gov/Archives/edgar/data/1335258/000133525820000150/lyv-20200630.htm"}, {"date": "2020-03-31", "symbol": "LYV", "reportedCurrency": "USD", "cik": "0001335258", "fillingDate": "2020-05-07", "acceptedDate": "2020-05-07 16:59:55", "calendarYear": "2020", "period": "Q1", "revenue": 1365693000, "costOfRevenue": 873820000, "grossProfit": 491873000, "grossProfitRatio": 0.3601636678, "researchAndDevelopmentExpenses": 0, "generalAndAdministrativeExpenses": 542333000, "sellingAndMarketingExpenses": 0, "sellingGeneralAndAdministrativeExpenses": 542333000, "otherExpenses": -4628000, "operatingExpenses": 664413000, "costAndExpenses": 1538233000, "interestIncome": 4473000, "interestExpense": 43999000, "depreciationAndAmortization": 122080000, "ebitda": -50460000, "ebitdaratio": -0.0369482746, "operatingIncome": -172670000, "operatingIncomeRatio": -0.1264339789, "totalOtherIncomeExpensesNet": -41582000, "incomeBeforeTax": -214252000, "incomeBeforeTaxRatio": -0.1568815246, "incomeTaxExpense": -3330000, "netIncome": -199324000, "netIncomeRatio": -0.1459508103, "eps": -0.94, "epsdiluted": -0.94, "weightedAverageShsOut": 211048294, "weightedAverageShsOutDil": 211048294, "link": "https://www.sec.gov/Archives/edgar/data/1335258/000133525820000081/0001335258-20-000081-index.htm", "finalLink": "https://www.sec.gov/Archives/edgar/data/1335258/000133525820000081/lyv-20200331.htm"}, {"date": "2019-12-31", "symbol": "LYV", "reportedCurrency": "USD", "cik": "0001335258", "fillingDate": "2020-06-30", "acceptedDate": "2020-06-30 16:37:33", "calendarYear": "2019", "period": "Q4", "revenue": 2889448000, "costOfRevenue": 2187735000, "grossProfit": 701713000, "grossProfitRatio": 0.2428536523, "researchAndDevelopmentExpenses": 27512000, "generalAndAdministrativeExpenses": 671506000, "sellingAndMarketingExpenses": 0, "sellingGeneralAndAdministrativeExpenses": 671506000, "otherExpenses": -531000, "operatingExpenses": 786453000, "costAndExpenses": 2974188000, "interestIncome": 2177000, "interestExpense": 47627000, "depreciationAndAmortization": 114947000, "ebitda": 36905000, "ebitdaratio": 0.0127723358, "operatingIncome": -82920000, "operatingIncomeRatio": -0.0286975228, "totalOtherIncomeExpensesNet": -46815000, "incomeBeforeTax": -129735000, "incomeBeforeTaxRatio": -0.0448995794, "incomeTaxExpense": 6904000, "netIncome": -185311000, "netIncomeRatio": -0.064133703, "eps": -0.88, "epsdiluted": -0.88, "weightedAverageShsOut": 210783610, "weightedAverageShsOutDil": 211048294, "link": "https://www.sec.gov/Archives/edgar/data/1335258/000133525820000134/0001335258-20-000134-index.htm", "finalLink": "https://www.sec.gov/Archives/edgar/data/1335258/000133525820000134/lyv-20191231.htm"}, {"date": "2019-09-30", "symbol": "LYV", "reportedCurrency": "USD", "cik": "0001335258", "fillingDate": "2019-10-31", "acceptedDate": "2019-10-31 16:33:23", "calendarYear": "2019", "period": "Q3", "revenue": 3773684000, "costOfRevenue": 2800429000, "grossProfit": 973255000, "grossProfitRatio": 0.2579058024, "researchAndDevelopmentExpenses": 0, "generalAndAdministrativeExpenses": 587213000, "sellingAndMarketingExpenses": 0, "sellingGeneralAndAdministrativeExpenses": 587213000, "otherExpenses": -5384000, "operatingExpenses": 713519000, "costAndExpenses": 3513948000, "interestIncome": 5863000, "interestExpense": 36587000, "depreciationAndAmortization": 126306000, "ebitda": 384145000, "ebitdaratio": 0.1017957518, "operatingIncome": 260041000, "operatingIncomeRatio": 0.0689090554, "totalOtherIncomeExpensesNet": -38789000, "incomeBeforeTax": 221252000, "incomeBeforeTaxRatio": 0.0586302404, "incomeTaxExpense": 27280000, "netIncome": 155345000, "netIncomeRatio": 0.041165344, "eps": 0.74, "epsdiluted": 0.71, "weightedAverageShsOut": 210621971, "weightedAverageShsOutDil": 218957376, "link": "https://www.sec.gov/Archives/edgar/data/1335258/000133525819000141/0001335258-19-000141-index.htm", "finalLink": "https://www.sec.gov/Archives/edgar/data/1335258/000133525819000141/lyv-20190930.htm"}, {"date": "2019-06-30", "symbol": "LYV", "reportedCurrency": "USD", "cik": "0001335258", "fillingDate": "2019-07-25", "acceptedDate": "2019-07-25 16:36:17", "calendarYear": "2019", "period": "Q2", "revenue": 3157009000, "costOfRevenue": 2327414000, "grossProfit": 829595000, "grossProfitRatio": 0.2627787884, "researchAndDevelopmentExpenses": 0, "generalAndAdministrativeExpenses": 554284000, "sellingAndMarketingExpenses": 0, "sellingGeneralAndAdministrativeExpenses": 554284000, "otherExpenses": 430000, "operatingExpenses": 658110000, "costAndExpenses": 2985524000, "interestIncome": 3818000, "interestExpense": 36792000, "depreciationAndAmortization": 103826000, "ebitda": 275311000, "ebitdaratio": 0.0872062766, "operatingIncome": 171586000, "operatingIncomeRatio": 0.0543508112, "totalOtherIncomeExpensesNet": -26716000, "incomeBeforeTax": 144870000, "incomeBeforeTaxRatio": 0.0458883709, "incomeTaxExpense": 28750000, "netIncome": 89840000, "netIncomeRatio": 0.0284573151, "eps": 0.43, "epsdiluted": 0.41, "weightedAverageShsOut": 209998048, "weightedAverageShsOutDil": 219977612, "link": "https://www.sec.gov/Archives/edgar/data/1335258/000133525819000102/0001335258-19-000102-index.htm", "finalLink": "https://www.sec.gov/Archives/edgar/data/1335258/000133525819000102/lyv-2019630x10q.htm"}, {"date": "2019-03-31", "symbol": "LYV", "reportedCurrency": "USD", "cik": "0001335258", "fillingDate": "2019-05-02", "acceptedDate": "2019-05-02 16:32:48", "calendarYear": "2019", "period": "Q1", "revenue": 1727828000, "costOfRevenue": 1151604000, "grossProfit": 576224000, "grossProfitRatio": 0.3334961582, "researchAndDevelopmentExpenses": 0, "generalAndAdministrativeExpenses": 501322000, "sellingAndMarketingExpenses": 0, "sellingGeneralAndAdministrativeExpenses": 501322000, "otherExpenses": 3403000, "operatingExpenses": 600234000, "costAndExpenses": 1751838000, "interestIncome": 2548000, "interestExpense": 36515000, "depreciationAndAmortization": 98912000, "ebitda": 86941000, "ebitdaratio": 0.0503180872, "operatingIncome": -23863000, "operatingIncomeRatio": -0.0138109812, "totalOtherIncomeExpensesNet": -27420000, "incomeBeforeTax": -51283000, "incomeBeforeTaxRatio": -0.0296806164, "incomeTaxExpense": 3958000, "netIncome": -64756000, "netIncomeRatio": -0.0374782675, "eps": -0.31, "epsdiluted": -0.31, "weightedAverageShsOut": 208908323, "weightedAverageShsOutDil": 208908323, "link": "https://www.sec.gov/Archives/edgar/data/1335258/000133525819000044/0001335258-19-000044-index.htm", "finalLink": "https://www.sec.gov/Archives/edgar/data/1335258/000133525819000044/lyv-2019331x10q.htm"}, {"date": "2018-12-31", "symbol": "LYV", "reportedCurrency": "USD", "cik": "0001335258", "fillingDate": "2019-02-28", "acceptedDate": "2019-02-28 16:48:26", "calendarYear": "2018", "period": "Q4", "revenue": 2601855000, "costOfRevenue": 1976385000, "grossProfit": 625470000, "grossProfitRatio": 0.2403938728, "researchAndDevelopmentExpenses": 23727000, "generalAndAdministrativeExpenses": 606676000, "sellingAndMarketingExpenses": 0, "sellingGeneralAndAdministrativeExpenses": 606676000, "otherExpenses": -5130000, "operatingExpenses": 715943000, "costAndExpenses": 2692328000, "interestIncome": 2813000, "interestExpense": 36779000, "depreciationAndAmortization": 109267000, "ebitda": 33301000, "ebitdaratio": 0.0127989454, "operatingIncome": -90378000, "operatingIncomeRatio": -0.0347359864, "totalOtherIncomeExpensesNet": -39756000, "incomeBeforeTax": -130134000, "incomeBeforeTaxRatio": -0.0500158541, "incomeTaxExpense": 5051000, "netIncome": -171440000, "netIncomeRatio": -0.0658914505, "eps": -0.82, "epsdiluted": -0.82, "weightedAverageShsOut": 208081770, "weightedAverageShsOutDil": 208908323, "link": "https://www.sec.gov/Archives/edgar/data/1335258/000133525819000024/0001335258-19-000024-index.htm", "finalLink": "https://www.sec.gov/Archives/edgar/data/1335258/000133525819000024/lyv-20181231x10k.htm"}, {"date": "2018-09-30", "symbol": "LYV", "reportedCurrency": "USD", "cik": "0001335258", "fillingDate": "2018-11-01", "acceptedDate": "2018-11-01 16:41:06", "calendarYear": "2018", "period": "Q3", "revenue": 3835246000, "costOfRevenue": 2924356000, "grossProfit": 910890000, "grossProfitRatio": 0.2375049736, "researchAndDevelopmentExpenses": 0, "generalAndAdministrativeExpenses": 566747000, "sellingAndMarketingExpenses": 0, "sellingGeneralAndAdministrativeExpenses": 566747000, "otherExpenses": -262000, "operatingExpenses": 666353000, "costAndExpenses": 3590709000, "interestIncome": 2260000, "interestExpense": 35993000, "depreciationAndAmortization": 99606000, "ebitda": 344143000, "ebitdaratio": 0.0897316626, "operatingIncome": 234219000, "operatingIncomeRatio": 0.0610701374, "totalOtherIncomeExpensesNet": -33991000, "incomeBeforeTax": 200228000, "incomeBeforeTaxRatio": 0.0522073421, "incomeTaxExpense": 17031000, "netIncome": 151894000, "netIncomeRatio": 0.0396047607, "eps": 0.73, "epsdiluted": 0.7, "weightedAverageShsOut": 207614413, "weightedAverageShsOutDil": 216788983, "link": "https://www.sec.gov/Archives/edgar/data/1335258/000133525818000148/0001335258-18-000148-index.htm", "finalLink": "https://www.sec.gov/Archives/edgar/data/1335258/000133525818000148/lyv-2018930x10q.htm"}, {"date": "2018-06-30", "symbol": "LYV", "reportedCurrency": "USD", "cik": "0001335258", "fillingDate": "2018-07-26", "acceptedDate": "2018-07-26 16:36:31", "calendarYear": "2018", "period": "Q2", "revenue": 2868315000, "costOfRevenue": 2135107000, "grossProfit": 733208000, "grossProfitRatio": 0.2556232492, "researchAndDevelopmentExpenses": 0, "generalAndAdministrativeExpenses": 508590000, "sellingAndMarketingExpenses": 0, "sellingGeneralAndAdministrativeExpenses": 508590000, "otherExpenses": -6443000, "operatingExpenses": 598375000, "costAndExpenses": 2733482000, "interestIncome": 2705000, "interestExpense": 35519000, "depreciationAndAmortization": 89785000, "ebitda": 224618000, "ebitdaratio": 0.078310088, "operatingIncome": 134725000, "operatingIncomeRatio": 0.0469700852, "totalOtherIncomeExpensesNet": -39570000, "incomeBeforeTax": 95155000, "incomeBeforeTaxRatio": 0.0331745293, "incomeTaxExpense": 11799000, "netIncome": 52187000, "netIncomeRatio": 0.0181943057, "eps": 0.25, "epsdiluted": 0.24, "weightedAverageShsOut": 207331781, "weightedAverageShsOutDil": 215105119, "link": "https://www.sec.gov/Archives/edgar/data/1335258/000133525818000113/0001335258-18-000113-index.htm", "finalLink": "https://www.sec.gov/Archives/edgar/data/1335258/000133525818000113/lyv-2018630x10q.htm"}, {"date": "2018-03-31", "symbol": "LYV", "reportedCurrency": "USD", "cik": "0001335258", "fillingDate": "2018-05-03", "acceptedDate": "2018-05-03 16:32:36", "calendarYear": "2018", "period": "Q1", "revenue": 1482384000, "costOfRevenue": 932084000, "grossProfit": 550300000, "grossProfitRatio": 0.3712263489, "researchAndDevelopmentExpenses": 0, "generalAndAdministrativeExpenses": 468421000, "sellingAndMarketingExpenses": 0, "sellingGeneralAndAdministrativeExpenses": 468421000, "otherExpenses": -328000, "operatingExpenses": 556292000, "costAndExpenses": 1488376000, "interestIncome": 1183000, "interestExpense": 32684000, "depreciationAndAmortization": 87871000, "ebitda": 83468000, "ebitdaratio": 0.056306598, "operatingIncome": -6030000, "operatingIncomeRatio": -0.0040677719, "totalOtherIncomeExpensesNet": -28114000, "incomeBeforeTax": -34144000, "incomeBeforeTaxRatio": -0.0230331682, "incomeTaxExpense": 6884000, "netIncome": -50291000, "netIncomeRatio": -0.0339257574, "eps": -0.24, "epsdiluted": -0.24, "weightedAverageShsOut": 206728167, "weightedAverageShsOutDil": 206728167, "link": "https://www.sec.gov/Archives/edgar/data/1335258/000133525818000064/0001335258-18-000064-index.htm", "finalLink": "https://www.sec.gov/Archives/edgar/data/1335258/000133525818000064/lyv-2018331x10q.htm"}, {"date": "2017-12-31", "symbol": "LYV", "reportedCurrency": "USD", "cik": "0001335258", "fillingDate": "2018-06-29", "acceptedDate": "2018-06-29 16:09:57", "calendarYear": "2017", "period": "Q4", "revenue": 2546156000, "costOfRevenue": 1947491000, "grossProfit": 598665000, "grossProfitRatio": 0.2351250277, "researchAndDevelopmentExpenses": 13869000, "generalAndAdministrativeExpenses": 651427000, "sellingAndMarketingExpenses": 0, "sellingGeneralAndAdministrativeExpenses": 651427000, "otherExpenses": -5273000, "operatingExpenses": 801144000, "costAndExpenses": 2748635000, "interestIncome": 2270000, "interestExpense": 26158000, "depreciationAndAmortization": 149717000, "ebitda": -60573000, "ebitdaratio": -0.0237899799, "operatingIncome": -202017000, "operatingIncomeRatio": -0.0793419571, "totalOtherIncomeExpensesNet": -31108000, "incomeBeforeTax": -233125000, "incomeBeforeTaxRatio": -0.0915595902, "incomeTaxExpense": -59344000, "netIncome": -229713000, "netIncomeRatio": -0.0902195309, "eps": -1.12, "epsdiluted": -1.11, "weightedAverageShsOut": 205970734, "weightedAverageShsOutDil": 206728167, "link": "https://www.sec.gov/Archives/edgar/data/1335258/000133525818000103/0001335258-18-000103-index.htm", "finalLink": "https://www.sec.gov/Archives/edgar/data/1335258/000133525818000103/lyv-20171231x10ka.htm"}, {"date": "2017-09-30", "symbol": "LYV", "reportedCurrency": "USD", "cik": "0001335258", "fillingDate": "2017-11-02", "acceptedDate": "2017-11-02 16:32:07", "calendarYear": "2017", "period": "Q3", "revenue": 3559418000, "costOfRevenue": 2732926000, "grossProfit": 826492000, "grossProfitRatio": 0.2321986347, "researchAndDevelopmentExpenses": 0, "generalAndAdministrativeExpenses": 515756000, "sellingAndMarketingExpenses": 0, "sellingGeneralAndAdministrativeExpenses": 515756000, "otherExpenses": -920000, "operatingExpenses": 625108000, "costAndExpenses": 3358034000, "interestIncome": 1471000, "interestExpense": 26627000, "depreciationAndAmortization": 109352000, "ebitda": 310434000, "ebitdaratio": 0.08721482, "operatingIncome": 201347000, "operatingIncomeRatio": 0.0565673939, "totalOtherIncomeExpensesNet": -26892000, "incomeBeforeTax": 174455000, "incomeBeforeTaxRatio": 0.0490122262, "incomeTaxExpense": 25685000, "netIncome": 114996000, "netIncomeRatio": 0.0323075289, "eps": 0.56, "epsdiluted": 0.53, "weightedAverageShsOut": 205287843, "weightedAverageShsOutDil": 223132186, "link": "https://www.sec.gov/Archives/edgar/data/1335258/000133525817000131/0001335258-17-000131-index.htm", "finalLink": "https://www.sec.gov/Archives/edgar/data/1335258/000133525817000131/lyv-2017930x10q.htm"}, {"date": "2017-06-30", "symbol": "LYV", "reportedCurrency": "USD", "cik": "0001335258", "fillingDate": "2017-08-09", "acceptedDate": "2017-08-09 16:35:25", "calendarYear": "2017", "period": "Q2", "revenue": 2818693000, "costOfRevenue": 2142874000, "grossProfit": 675819000, "grossProfitRatio": 0.239763252, "researchAndDevelopmentExpenses": 0, "generalAndAdministrativeExpenses": 466401000, "sellingAndMarketingExpenses": 0, "sellingGeneralAndAdministrativeExpenses": 466401000, "otherExpenses": 3466000, "operatingExpenses": 562271000, "costAndExpenses": 2705145000, "interestIncome": 1031000, "interestExpense": 26878000, "depreciationAndAmortization": 95870000, "ebitda": 214336000, "ebitdaratio": 0.0760409168, "operatingIncome": 113433000, "operatingIncomeRatio": 0.0402431198, "totalOtherIncomeExpensesNet": -22894000, "incomeBeforeTax": 90539000, "incomeBeforeTaxRatio": 0.0321209156, "incomeTaxExpense": 9984000, "netIncome": 62641000, "netIncomeRatio": 0.0222234206, "eps": 0.31, "epsdiluted": 0.29, "weightedAverageShsOut": 204688374, "weightedAverageShsOutDil": 213879152, "link": "https://www.sec.gov/Archives/edgar/data/1335258/000133525817000116/0001335258-17-000116-index.htm", "finalLink": "https://www.sec.gov/Archives/edgar/data/1335258/000133525817000116/lyv-2017630x10q.htm"}, {"date": "2017-03-31", "symbol": "LYV", "reportedCurrency": "USD", "cik": "0001335258", "fillingDate": "2017-05-04", "acceptedDate": "2017-05-04 16:33:38", "calendarYear": "2017", "period": "Q1", "revenue": 1413181000, "costOfRevenue": 925500000, "grossProfit": 487681000, "grossProfitRatio": 0.3450945066, "researchAndDevelopmentExpenses": 0, "generalAndAdministrativeExpenses": 409111000, "sellingAndMarketingExpenses": 0, "sellingGeneralAndAdministrativeExpenses": 409111000, "otherExpenses": 2842000, "operatingExpenses": 509706000, "costAndExpenses": 1435206000, "interestIncome": 945000, "interestExpense": 26010000, "depreciationAndAmortization": 100595000, "ebitda": 85356000, "ebitdaratio": 0.0603999063, "operatingIncome": -21366000, "operatingIncomeRatio": -0.0151190824, "totalOtherIncomeExpensesNet": -19883000, "incomeBeforeTax": -41249000, "incomeBeforeTaxRatio": -0.0291887593, "incomeTaxExpense": 6521000, "netIncome": -45570000, "netIncomeRatio": -0.0322464001, "eps": -0.22, "epsdiluted": -0.22, "weightedAverageShsOut": 203730897, "weightedAverageShsOutDil": 203730897, "link": "https://www.sec.gov/Archives/edgar/data/1335258/000133525817000068/0001335258-17-000068-index.htm", "finalLink": "https://www.sec.gov/Archives/edgar/data/1335258/000133525817000068/lyv-2017331x10q.htm"}, {"date": "2016-12-31", "symbol": "LYV", "reportedCurrency": "USD", "cik": "0001335258", "fillingDate": "2017-02-23", "acceptedDate": "2017-02-23 16:34:33", "calendarYear": "2016", "period": "Q4", "revenue": 1797544000, "costOfRevenue": 1264814000, "grossProfit": 532730000, "grossProfitRatio": 0.2963654854, "researchAndDevelopmentExpenses": 0, "generalAndAdministrativeExpenses": 461410000, "sellingAndMarketingExpenses": 0, "sellingGeneralAndAdministrativeExpenses": 461410000, "otherExpenses": -9418000, "operatingExpenses": 569820000, "costAndExpenses": 1834634000, "interestIncome": 742000, "interestExpense": 30541000, "depreciationAndAmortization": 108410000, "ebitda": 47852000, "ebitdaratio": 0.026620767, "operatingIncome": -37215000, "operatingIncomeRatio": -0.0207032484, "totalOtherIncomeExpensesNet": -53884000, "incomeBeforeTax": -91099000, "incomeBeforeTaxRatio": -0.0506797052, "incomeTaxExpense": 1872000, "netIncome": -118108000, "netIncomeRatio": -0.0657052067, "eps": -0.58, "epsdiluted": -0.58, "weightedAverageShsOut": 202592057, "weightedAverageShsOutDil": 203730897, "link": "https://www.sec.gov/Archives/edgar/data/1335258/000133525817000031/0001335258-17-000031-index.htm", "finalLink": "https://www.sec.gov/Archives/edgar/data/1335258/000133525817000031/lyv-20161231x10k.htm"}, {"date": "2016-09-30", "symbol": "LYV", "reportedCurrency": "USD", "cik": "0001335258", "fillingDate": "2016-11-07", "acceptedDate": "2016-11-07 16:34:17", "calendarYear": "2016", "period": "Q3", "revenue": 3170416000, "costOfRevenue": 2428003000, "grossProfit": 742413000, "grossProfitRatio": 0.2341689545, "researchAndDevelopmentExpenses": 0, "generalAndAdministrativeExpenses": 446012000, "sellingAndMarketingExpenses": 0, "sellingGeneralAndAdministrativeExpenses": 446012000, "otherExpenses": -2606000, "operatingExpenses": 550874000, "costAndExpenses": 2978877000, "interestIncome": 625000, "interestExpense": 25249000, "depreciationAndAmortization": 104862000, "ebitda": 296401000, "ebitdaratio": 0.0934896241, "operatingIncome": 191286000, "operatingIncomeRatio": 0.060334669, "totalOtherIncomeExpensesNet": -44701000, "incomeBeforeTax": 146585000, "incomeBeforeTaxRatio": 0.0462352575, "incomeTaxExpense": 13824000, "netIncome": 102503000, "netIncomeRatio": 0.0323310884, "eps": 0.51, "epsdiluted": 0.49, "weightedAverageShsOut": 202118412, "weightedAverageShsOutDil": 217690217, "link": "https://www.sec.gov/Archives/edgar/data/1335258/000133525816000248/0001335258-16-000248-index.htm", "finalLink": "https://www.sec.gov/Archives/edgar/data/1335258/000133525816000248/lyv-2016930x10q.htm"}, {"date": "2016-06-30", "symbol": "LYV", "reportedCurrency": "USD", "cik": "0001335258", "fillingDate": "2016-07-28", "acceptedDate": "2016-07-28 16:34:51", "calendarYear": "2016", "period": "Q2", "revenue": 2179258000, "costOfRevenue": 1605688000, "grossProfit": 573570000, "grossProfitRatio": 0.2631950875, "researchAndDevelopmentExpenses": 0, "generalAndAdministrativeExpenses": 404266000, "sellingAndMarketingExpenses": 0, "sellingGeneralAndAdministrativeExpenses": 404266000, "otherExpenses": -7353000, "operatingExpenses": 499690000, "costAndExpenses": 2105378000, "interestIncome": 650000, "interestExpense": 25284000, "depreciationAndAmortization": 95424000, "ebitda": 169304000, "ebitdaratio": 0.077688828, "operatingIncome": 74159000, "operatingIncomeRatio": 0.0340294724, "totalOtherIncomeExpensesNet": -32292000, "incomeBeforeTax": 41867000, "incomeBeforeTaxRatio": 0.0192115849, "incomeTaxExpense": 5406000, "netIncome": 26449000, "netIncomeRatio": 0.0121366997, "eps": 0.13, "epsdiluted": 0.13, "weightedAverageShsOut": 201896009, "weightedAverageShsOutDil": 208601733, "link": "https://www.sec.gov/Archives/edgar/data/1335258/000133525816000235/0001335258-16-000235-index.htm", "finalLink": "https://www.sec.gov/Archives/edgar/data/1335258/000133525816000235/lyv-2016630x10q.htm"}, {"date": "2016-03-31", "symbol": "LYV", "reportedCurrency": "USD", "cik": "0001335258", "fillingDate": "2016-05-03", "acceptedDate": "2016-05-03 16:32:45", "calendarYear": "2016", "period": "Q1", "revenue": 1207716000, "costOfRevenue": 784203000, "grossProfit": 423513000, "grossProfitRatio": 0.3506726747, "researchAndDevelopmentExpenses": 0, "generalAndAdministrativeExpenses": 360687000, "sellingAndMarketingExpenses": 0, "sellingGeneralAndAdministrativeExpenses": 360687000, "otherExpenses": 8547000, "operatingExpenses": 455642000, "costAndExpenses": 1239845000, "interestIncome": 556000, "interestExpense": 25432000, "depreciationAndAmortization": 94955000, "ebitda": 71360000, "ebitdaratio": 0.0590867389, "operatingIncome": -33290000, "operatingIncomeRatio": -0.0275644274, "totalOtherIncomeExpensesNet": -15737000, "incomeBeforeTax": -49027000, "incomeBeforeTaxRatio": -0.0405948087, "incomeTaxExpense": 6927000, "netIncome": -57854000, "netIncomeRatio": -0.0479036462, "eps": -0.29, "epsdiluted": -0.29, "weightedAverageShsOut": 201696142, "weightedAverageShsOutDil": 201696142, "link": "https://www.sec.gov/Archives/edgar/data/1335258/000133525816000187/0001335258-16-000187-index.htm", "finalLink": "https://www.sec.gov/Archives/edgar/data/1335258/000133525816000187/lyv-2016331x10q.htm"}, {"date": "2015-12-31", "symbol": "LYV", "reportedCurrency": "USD", "cik": "0001335258", "fillingDate": "2016-06-29", "acceptedDate": "2016-06-29 14:03:52", "calendarYear": "2015", "period": "Q4", "revenue": 1736725000, "costOfRevenue": 1221763000, "grossProfit": 514962000, "grossProfitRatio": 0.2965132649, "researchAndDevelopmentExpenses": 0, "generalAndAdministrativeExpenses": 421653000, "sellingAndMarketingExpenses": 0, "sellingGeneralAndAdministrativeExpenses": 421653000, "otherExpenses": -6513000, "operatingExpenses": 546728000, "costAndExpenses": 1768491000, "interestIncome": 1109000, "interestExpense": 26024000, "depreciationAndAmortization": 125075000, "ebitda": 92394000, "ebitdaratio": 0.0532001324, "operatingIncome": -40448000, "operatingIncomeRatio": -0.0232898127, "totalOtherIncomeExpensesNet": -30499000, "incomeBeforeTax": -70947000, "incomeBeforeTaxRatio": -0.0408510271, "incomeTaxExpense": 2890000, "netIncome": -94402000, "netIncomeRatio": -0.0543563316, "eps": -0.47, "epsdiluted": -0.47, "weightedAverageShsOut": 201564509, "weightedAverageShsOutDil": 201696142, "link": "https://www.sec.gov/Archives/edgar/data/1335258/000133525816000225/0001335258-16-000225-index.htm", "finalLink": "https://www.sec.gov/Archives/edgar/data/1335258/000133525816000225/lyv2015123110ka.htm"}, {"date": "2015-09-30", "symbol": "LYV", "reportedCurrency": "USD", "cik": "0001335258", "fillingDate": "2015-10-29", "acceptedDate": "2015-10-29 16:32:21", "calendarYear": "2015", "period": "Q3", "revenue": 2622917000, "costOfRevenue": 1974322000, "grossProfit": 648595000, "grossProfitRatio": 0.2472800321, "researchAndDevelopmentExpenses": 0, "generalAndAdministrativeExpenses": 391963000, "sellingAndMarketingExpenses": 0, "sellingGeneralAndAdministrativeExpenses": 391963000, "otherExpenses": -8127000, "operatingExpenses": 491017000, "costAndExpenses": 2465339000, "interestIncome": 460000, "interestExpense": 25844000, "depreciationAndAmortization": 99054000, "ebitda": 253189000, "ebitdaratio": 0.0965295509, "operatingIncome": 153510000, "operatingIncomeRatio": 0.0585264421, "totalOtherIncomeExpensesNet": -35551000, "incomeBeforeTax": 117959000, "incomeBeforeTaxRatio": 0.0449724486, "incomeTaxExpense": 13577000, "netIncome": 78931000, "netIncomeRatio": 0.0300928318, "eps": 0.39, "epsdiluted": 0.38, "weightedAverageShsOut": 201392591, "weightedAverageShsOutDil": 208738780, "link": "https://www.sec.gov/Archives/edgar/data/1335258/000133525815000127/0001335258-15-000127-index.htm", "finalLink": "https://www.sec.gov/Archives/edgar/data/1335258/000133525815000127/lyv-2015930x10q.htm"}, {"date": "2015-06-30", "symbol": "LYV", "reportedCurrency": "USD", "cik": "0001335258", "fillingDate": "2015-08-10", "acceptedDate": "2015-08-10 16:33:01", "calendarYear": "2015", "period": "Q2", "revenue": 1765777000, "costOfRevenue": 1279099000, "grossProfit": 486678000, "grossProfitRatio": 0.2756169097, "researchAndDevelopmentExpenses": 0, "generalAndAdministrativeExpenses": 353181000, "sellingAndMarketingExpenses": 0, "sellingGeneralAndAdministrativeExpenses": 353181000, "otherExpenses": 8500000, "operatingExpenses": 441752000, "costAndExpenses": 1720851000, "interestIncome": 394000, "interestExpense": 25650000, "depreciationAndAmortization": 88571000, "ebitda": 130740000, "ebitdaratio": 0.0740410595, "operatingIncome": 42245000, "operatingIncomeRatio": 0.0239243121, "totalOtherIncomeExpensesNet": -17123000, "incomeBeforeTax": 25122000, "incomeBeforeTaxRatio": 0.0142271646, "incomeTaxExpense": 4910000, "netIncome": 11951000, "netIncomeRatio": 0.0067681253, "eps": 0.06, "epsdiluted": 0.06, "weightedAverageShsOut": 200767811, "weightedAverageShsOutDil": 208778589, "link": "https://www.sec.gov/Archives/edgar/data/1335258/000133525815000114/0001335258-15-000114-index.htm", "finalLink": "https://www.sec.gov/Archives/edgar/data/1335258/000133525815000114/lyv-2015630x10q.htm"}, {"date": "2015-03-31", "symbol": "LYV", "reportedCurrency": "USD", "cik": "0001335258", "fillingDate": "2015-04-30", "acceptedDate": "2015-04-30 16:33:57", "calendarYear": "2015", "period": "Q1", "revenue": 1120312000, "costOfRevenue": 721289000, "grossProfit": 399023000, "grossProfitRatio": 0.3561713166, "researchAndDevelopmentExpenses": 0, "generalAndAdministrativeExpenses": 338905000, "sellingAndMarketingExpenses": 0, "sellingGeneralAndAdministrativeExpenses": 338905000, "otherExpenses": -21028000, "operatingExpenses": 423446000, "costAndExpenses": 1144735000, "interestIncome": 1565000, "interestExpense": 25363000, "depreciationAndAmortization": 84541000, "ebitda": 52370000, "ebitdaratio": 0.0467459065, "operatingIncome": -23935000, "operatingIncomeRatio": -0.0213645842, "totalOtherIncomeExpensesNet": -41846000, "incomeBeforeTax": -65781000, "incomeBeforeTaxRatio": -0.0587166789, "incomeTaxExpense": 745000, "netIncome": -62168000, "netIncomeRatio": -0.0554916845, "eps": -0.31, "epsdiluted": -0.31, "weightedAverageShsOut": 200155435, "weightedAverageShsOutDil": 200155435, "link": "https://www.sec.gov/Archives/edgar/data/1335258/000133525815000047/0001335258-15-000047-index.htm", "finalLink": "https://www.sec.gov/Archives/edgar/data/1335258/000133525815000047/lyv-2015331x10q.htm"}, {"date": "2014-12-31", "symbol": "LYV", "reportedCurrency": "USD", "cik": "0001335258", "fillingDate": "2015-02-26", "acceptedDate": "2015-02-26 16:36:16", "calendarYear": "2014", "period": "Q4", "revenue": 1571855000, "costOfRevenue": 1127603000, "grossProfit": 444252000, "grossProfitRatio": 0.2826291229, "researchAndDevelopmentExpenses": 0, "generalAndAdministrativeExpenses": 379616000, "sellingAndMarketingExpenses": 0, "sellingGeneralAndAdministrativeExpenses": 379616000, "otherExpenses": 2825000, "operatingExpenses": 491027000, "costAndExpenses": 1618630000, "interestIncome": 930000, "interestExpense": 26117000, "depreciationAndAmortization": 111411000, "ebitda": -57459000, "ebitdaratio": -0.0365548985, "operatingIncome": -186818000, "operatingIncomeRatio": -0.1188519297, "totalOtherIncomeExpensesNet": -24072000, "incomeBeforeTax": -210890000, "incomeBeforeTaxRatio": -0.1341663194, "incomeTaxExpense": 5112000, "netIncome": -188414000, "netIncomeRatio": -0.1198672906, "eps": -0.94, "epsdiluted": -0.94, "weightedAverageShsOut": 199659413, "weightedAverageShsOutDil": 200155435, "link": "https://www.sec.gov/Archives/edgar/data/1335258/000133525815000026/0001335258-15-000026-index.htm", "finalLink": "https://www.sec.gov/Archives/edgar/data/1335258/000133525815000026/lyv-20141231x10k.htm"}, {"date": "2014-09-30", "symbol": "LYV", "reportedCurrency": "USD", "cik": "0001335258", "fillingDate": "2014-10-30", "acceptedDate": "2014-10-30 16:32:28", "calendarYear": "2014", "period": "Q3", "revenue": 2502008000, "costOfRevenue": 1876519000, "grossProfit": 625489000, "grossProfitRatio": 0.2499948042, "researchAndDevelopmentExpenses": 0, "generalAndAdministrativeExpenses": 376323000, "sellingAndMarketingExpenses": 0, "sellingGeneralAndAdministrativeExpenses": 376323000, "otherExpenses": -12587000, "operatingExpenses": 474248000, "costAndExpenses": 2350767000, "interestIncome": 864000, "interestExpense": 28113000, "depreciationAndAmortization": 97925000, "ebitda": 238961000, "ebitdaratio": 0.0955076882, "operatingIncome": 150604000, "operatingIncomeRatio": 0.0601932528, "totalOtherIncomeExpensesNet": -37914000, "incomeBeforeTax": 112690000, "incomeBeforeTaxRatio": 0.045039824, "incomeTaxExpense": -3137000, "netIncome": 103965000, "netIncomeRatio": 0.0415526249, "eps": 0.52, "epsdiluted": 0.49, "weightedAverageShsOut": 199261810, "weightedAverageShsOutDil": 221581583, "link": "https://www.sec.gov/Archives/edgar/data/1335258/000133525814000123/0001335258-14-000123-index.htm", "finalLink": "https://www.sec.gov/Archives/edgar/data/1335258/000133525814000123/lyv-2014930x10q.htm"}, {"date": "2014-06-30", "symbol": "LYV", "reportedCurrency": "USD", "cik": "0001335258", "fillingDate": "2014-07-31", "acceptedDate": "2014-07-31 16:37:16", "calendarYear": "2014", "period": "Q2", "revenue": 1665785000, "costOfRevenue": 1184696000, "grossProfit": 481089000, "grossProfitRatio": 0.2888061785, "researchAndDevelopmentExpenses": 0, "generalAndAdministrativeExpenses": 325925000, "sellingAndMarketingExpenses": 0, "sellingGeneralAndAdministrativeExpenses": 325925000, "otherExpenses": 330000, "operatingExpenses": 427861000, "costAndExpenses": 1612557000, "interestIncome": 1146000, "interestExpense": 27590000, "depreciationAndAmortization": 76219000, "ebitda": 129447000, "ebitdaratio": 0.0777093082, "operatingIncome": 55686000, "operatingIncomeRatio": 0.0334292841, "totalOtherIncomeExpensesNet": -25154000, "incomeBeforeTax": 30532000, "incomeBeforeTaxRatio": 0.018328896, "incomeTaxExpense": 4710000, "netIncome": 22934000, "netIncomeRatio": 0.0137676831, "eps": 0.11, "epsdiluted": 0.11, "weightedAverageShsOut": 198701762, "weightedAverageShsOutDil": 205989271, "link": "https://www.sec.gov/Archives/edgar/data/1335258/000133525814000106/0001335258-14-000106-index.htm", "finalLink": "https://www.sec.gov/Archives/edgar/data/1335258/000133525814000106/lyv-2014630x10q.htm"}, {"date": "2014-03-31", "symbol": "LYV", "reportedCurrency": "USD", "cik": "0001335258", "fillingDate": "2014-05-06", "acceptedDate": "2014-05-06 16:33:23", "calendarYear": "2014", "period": "Q1", "revenue": 1127316000, "costOfRevenue": 731151000, "grossProfit": 396165000, "grossProfitRatio": 0.3514232034, "researchAndDevelopmentExpenses": 0, "generalAndAdministrativeExpenses": 302405000, "sellingAndMarketingExpenses": 0, "sellingGeneralAndAdministrativeExpenses": 302405000, "otherExpenses": 1176000, "operatingExpenses": 406167000, "costAndExpenses": 1137318000, "interestIncome": 666000, "interestExpense": 24492000, "depreciationAndAmortization": 82588000, "ebitda": 74928000, "ebitdaratio": 0.0664658357, "operatingIncome": -12308000, "operatingIncomeRatio": -0.010917968, "totalOtherIncomeExpensesNet": -19844000, "incomeBeforeTax": -32152000, "incomeBeforeTaxRatio": -0.0285208407, "incomeTaxExpense": -2055000, "netIncome": -32448000, "netIncomeRatio": -0.0287834112, "eps": -0.16, "epsdiluted": -0.16, "weightedAverageShsOut": 197857662, "weightedAverageShsOutDil": 197857662, "link": "https://www.sec.gov/Archives/edgar/data/1335258/000133525814000049/0001335258-14-000049-index.htm", "finalLink": "https://www.sec.gov/Archives/edgar/data/1335258/000133525814000049/lyv-2014331x10q.htm"}, {"date": "2013-12-31", "symbol": "LYV", "reportedCurrency": "USD", "cik": "0001335258", "fillingDate": "2014-02-24", "acceptedDate": "2014-02-24 16:42:56", "calendarYear": "2013", "period": "Q4", "revenue": 1613100000, "costOfRevenue": 1194924000, "grossProfit": 418176000, "grossProfitRatio": 0.259237493, "researchAndDevelopmentExpenses": 0, "generalAndAdministrativeExpenses": 352122000, "sellingAndMarketingExpenses": 0, "sellingGeneralAndAdministrativeExpenses": 352122000, "otherExpenses": -559000, "operatingExpenses": 463463000, "costAndExpenses": 1658387000, "interestIncome": 866000, "interestExpense": 24074000, "depreciationAndAmortization": 111341000, "ebitda": 58662000, "ebitdaratio": 0.0363660033, "operatingIncome": -50994000, "operatingIncomeRatio": -0.0316124233, "totalOtherIncomeExpensesNet": -25759000, "incomeBeforeTax": -76753000, "incomeBeforeTaxRatio": -0.0475810551, "incomeTaxExpense": 4508000, "netIncome": -82043000, "netIncomeRatio": -0.050860455, "eps": -0.42, "epsdiluted": -0.41, "weightedAverageShsOut": 197163406, "weightedAverageShsOutDil": 197857662, "link": "https://www.sec.gov/Archives/edgar/data/1335258/000133525814000027/0001335258-14-000027-index.htm", "finalLink": "https://www.sec.gov/Archives/edgar/data/1335258/000133525814000027/lyv-20131231x10k.htm"}, {"date": "2013-09-30", "symbol": "LYV", "reportedCurrency": "USD", "cik": "0001335258", "fillingDate": "2013-11-05", "acceptedDate": "2013-11-05 16:37:24", "calendarYear": "2013", "period": "Q3", "revenue": 2262236000, "costOfRevenue": 1698731000, "grossProfit": 563505000, "grossProfitRatio": 0.2490920488, "researchAndDevelopmentExpenses": 0, "generalAndAdministrativeExpenses": 325005000, "sellingAndMarketingExpenses": 0, "sellingGeneralAndAdministrativeExpenses": 325005000, "otherExpenses": 5269000, "operatingExpenses": 444176000, "costAndExpenses": 2142907000, "interestIncome": 1547000, "interestExpense": 29393000, "depreciationAndAmortization": 92729000, "ebitda": 212058000, "ebitdaratio": 0.0937382307, "operatingIncome": 126037000, "operatingIncomeRatio": 0.0557134623, "totalOtherIncomeExpensesNet": -61209000, "incomeBeforeTax": 64828000, "incomeBeforeTaxRatio": 0.0286566035, "incomeTaxExpense": 14410000, "netIncome": 43774000, "netIncomeRatio": 0.0193498822, "eps": 0.22, "epsdiluted": 0.22, "weightedAverageShsOut": 196396704, "weightedAverageShsOutDil": 202109783, "link": "https://www.sec.gov/Archives/edgar/data/1335258/000133525813000032/0001335258-13-000032-index.htm", "finalLink": "https://www.sec.gov/Archives/edgar/data/1335258/000133525813000032/lyv-2013930x10q.htm"}, {"date": "2013-06-30", "symbol": "LYV", "reportedCurrency": "USD", "cik": "0001335258", "fillingDate": "2013-08-06", "acceptedDate": "2013-08-06 16:25:54", "calendarYear": "2013", "period": "Q2", "revenue": 1679513000, "costOfRevenue": 1209918000, "grossProfit": 469595000, "grossProfitRatio": 0.2796018846, "researchAndDevelopmentExpenses": 0, "generalAndAdministrativeExpenses": 317531000, "sellingAndMarketingExpenses": 0, "sellingGeneralAndAdministrativeExpenses": 317531000, "otherExpenses": -3868000, "operatingExpenses": 400219000, "costAndExpenses": 1610137000, "interestIncome": 890000, "interestExpense": 30041000, "depreciationAndAmortization": 82688000, "ebitda": 180145000, "ebitdaratio": 0.1072602594, "operatingIncome": 97806000, "operatingIncomeRatio": 0.0582347383, "totalOtherIncomeExpensesNet": -30390000, "incomeBeforeTax": 67416000, "incomeBeforeTaxRatio": 0.0401402073, "incomeTaxExpense": 8401000, "netIncome": 58130000, "netIncomeRatio": 0.0346112236, "eps": 0.3, "epsdiluted": 0.3, "weightedAverageShsOut": 193069783, "weightedAverageShsOutDil": 196770405, "link": "https://www.sec.gov/Archives/edgar/data/1335258/000133525813000021/0001335258-13-000021-index.htm", "finalLink": "https://www.sec.gov/Archives/edgar/data/1335258/000133525813000021/lyv-2013630x10q.htm"}, {"date": "2013-03-31", "symbol": "LYV", "reportedCurrency": "USD", "cik": "0001335258", "fillingDate": "2013-05-07", "acceptedDate": "2013-05-07 16:41:45", "calendarYear": "2013", "period": "Q1", "revenue": 923698000, "costOfRevenue": 576934000, "grossProfit": 346764000, "grossProfitRatio": 0.3754084127, "researchAndDevelopmentExpenses": 0, "generalAndAdministrativeExpenses": 300177000, "sellingAndMarketingExpenses": 0, "sellingGeneralAndAdministrativeExpenses": 300177000, "otherExpenses": -3638000, "operatingExpenses": 382342000, "costAndExpenses": 959276000, "interestIncome": 1768000, "interestExpense": 28151000, "depreciationAndAmortization": 82165000, "ebitda": 50636000, "ebitdaratio": 0.0548187828, "operatingIncome": -33189000, "operatingIncomeRatio": -0.0359305747, "totalOtherIncomeExpensesNet": -25050000, "incomeBeforeTax": -60628000, "incomeBeforeTaxRatio": -0.0656361711, "incomeTaxExpense": 3559000, "netIncome": -63239000, "netIncomeRatio": -0.0684628526, "eps": -0.33, "epsdiluted": -0.33, "weightedAverageShsOut": 188827190, "weightedAverageShsOutDil": 188827190, "link": "https://www.sec.gov/Archives/edgar/data/1335258/000133525813000007/0001335258-13-000007-index.htm", "finalLink": "https://www.sec.gov/Archives/edgar/data/1335258/000133525813000007/lyv-2013331x10q.htm"}, {"date": "2012-12-31", "symbol": "LYV", "reportedCurrency": "USD", "cik": "0001335258", "fillingDate": "2013-02-26", "acceptedDate": "2013-02-26 16:58:02", "calendarYear": "2012", "period": "Q4", "revenue": 1437227000, "costOfRevenue": 1048271000, "grossProfit": 388956000, "grossProfitRatio": 0.270629483, "researchAndDevelopmentExpenses": 0, "generalAndAdministrativeExpenses": 229234000, "sellingAndMarketingExpenses": 113364000, "sellingGeneralAndAdministrativeExpenses": 342598000, "otherExpenses": 3007645000, "operatingExpenses": 513754000, "costAndExpenses": 1562025000, "interestIncome": 1345000, "interestExpense": 29007000, "depreciationAndAmortization": 170901000, "ebitda": 47237000, "ebitdaratio": 0.0328667636, "operatingIncome": -126319000, "operatingIncomeRatio": -0.0878907786, "totalOtherIncomeExpensesNet": -30806000, "incomeBeforeTax": -157125000, "incomeBeforeTaxRatio": -0.1093251101, "incomeTaxExpense": 8280000, "netIncome": -159717000, "netIncomeRatio": -0.111128583, "eps": -0.85, "epsdiluted": -0.85, "weightedAverageShsOut": 187250411, "weightedAverageShsOutDil": 188827190, "link": "https://www.sec.gov/Archives/edgar/data/1335258/000119312513077102/0001193125-13-077102-index.htm", "finalLink": "https://www.sec.gov/Archives/edgar/data/1335258/000119312513077102/d466140d10k.htm"}, {"date": "2012-09-30", "symbol": "LYV", "reportedCurrency": "USD", "cik": "0001335258", "fillingDate": "2012-11-05", "acceptedDate": "2012-11-05 16:40:20", "calendarYear": "2012", "period": "Q3", "revenue": 1963146000, "costOfRevenue": 1457423000, "grossProfit": 505723000, "grossProfitRatio": 0.2576084509, "researchAndDevelopmentExpenses": 0, "generalAndAdministrativeExpenses": 314688000, "sellingAndMarketingExpenses": 0, "sellingGeneralAndAdministrativeExpenses": 314688000, "otherExpenses": 1173577000, "operatingExpenses": 399312000, "costAndExpenses": 1856735000, "interestIncome": 994000, "interestExpense": 35535000, "depreciationAndAmortization": 84684000, "ebitda": 200345000, "ebitdaratio": 0.1020530312, "operatingIncome": 104515000, "operatingIncomeRatio": 0.0532385263, "totalOtherIncomeExpensesNet": -24389000, "incomeBeforeTax": 80126000, "incomeBeforeTaxRatio": 0.0408150998, "incomeTaxExpense": 11950000, "netIncome": 57948000, "netIncomeRatio": 0.0295179268, "eps": 0.31, "epsdiluted": 0.31, "weightedAverageShsOut": 187153788, "weightedAverageShsOutDil": 189754343, "link": "https://www.sec.gov/Archives/edgar/data/1335258/000119312512451958/0001193125-12-451958-index.htm", "finalLink": "https://www.sec.gov/Archives/edgar/data/1335258/000119312512451958/d406890d10q.htm"}, {"date": "2012-06-30", "symbol": "LYV", "reportedCurrency": "USD", "cik": "0001335258", "fillingDate": "2012-08-07", "acceptedDate": "2012-08-07 16:35:27", "calendarYear": "2012", "period": "Q2", "revenue": 1550677000, "costOfRevenue": 1106869000, "grossProfit": 443808000, "grossProfitRatio": 0.286202736, "researchAndDevelopmentExpenses": 0, "generalAndAdministrativeExpenses": 308358000, "sellingAndMarketingExpenses": 0, "sellingGeneralAndAdministrativeExpenses": 308358000, "otherExpenses": 825926000, "operatingExpenses": 402617000, "costAndExpenses": 1509486000, "interestIncome": 931000, "interestExpense": 29488000, "depreciationAndAmortization": 94259000, "ebitda": 138182000, "ebitdaratio": 0.0891107561, "operatingIncome": 42968000, "operatingIncomeRatio": 0.0277091877, "totalOtherIncomeExpensesNet": -32180000, "incomeBeforeTax": 10788000, "incomeBeforeTaxRatio": 0.0069569614, "incomeTaxExpense": 5228000, "netIncome": 7692000, "netIncomeRatio": 0.0049604141, "eps": 0.04, "epsdiluted": 0.04, "weightedAverageShsOut": 186893774, "weightedAverageShsOutDil": 189325338, "link": "https://www.sec.gov/Archives/edgar/data/1335258/000119312512341040/0001193125-12-341040-index.htm", "finalLink": "https://www.sec.gov/Archives/edgar/data/1335258/000119312512341040/d377556d10q.htm"}, {"date": "2012-03-31", "symbol": "LYV", "reportedCurrency": "USD", "cik": "0001335258", "fillingDate": "2012-05-10", "acceptedDate": "2012-05-09 21:42:27", "calendarYear": "2012", "period": "Q1", "revenue": 867997000, "costOfRevenue": 538714000, "grossProfit": 329283000, "grossProfitRatio": 0.3793596061, "researchAndDevelopmentExpenses": 0, "generalAndAdministrativeExpenses": 291352000, "sellingAndMarketingExpenses": 0, "sellingGeneralAndAdministrativeExpenses": 291352000, "otherExpenses": 270579000, "operatingExpenses": 371065000, "costAndExpenses": 909779000, "interestIncome": 900000, "interestExpense": 29710000, "depreciationAndAmortization": 79713000, "ebitda": 43473000, "ebitdaratio": 0.0500842745, "operatingIncome": -42803000, "operatingIncomeRatio": -0.0493123824, "totalOtherIncomeExpensesNet": -23147000, "incomeBeforeTax": -65950000, "incomeBeforeTaxRatio": -0.0759795253, "incomeTaxExpense": 4278000, "netIncome": -69150000, "netIncomeRatio": -0.079666174, "eps": -0.37, "epsdiluted": -0.37, "weightedAverageShsOut": 186521520, "weightedAverageShsOutDil": 186521520, "link": "https://www.sec.gov/Archives/edgar/data/1335258/000119312512223061/0001193125-12-223061-index.htm", "finalLink": "https://www.sec.gov/Archives/edgar/data/1335258/000119312512223061/d341014d10q.htm"}, {"date": "2011-12-31", "symbol": "LYV", "reportedCurrency": "USD", "cik": "0001335258", "fillingDate": "2012-02-24", "acceptedDate": "2012-02-23 19:41:09", "calendarYear": "2011", "period": "Q4", "revenue": 1185682000, "costOfRevenue": 817909000, "grossProfit": 367773000, "grossProfitRatio": 0.3101784458, "researchAndDevelopmentExpenses": 0, "generalAndAdministrativeExpenses": 328889000, "sellingAndMarketingExpenses": 0, "sellingGeneralAndAdministrativeExpenses": 328889000, "otherExpenses": 2677519000, "operatingExpenses": 434158000, "costAndExpenses": 1252067000, "interestIncome": 1367000, "interestExpense": 29952000, "depreciationAndAmortization": 105269000, "ebitda": 51541000, "ebitdaratio": 0.0434694969, "operatingIncome": -66684000, "operatingIncomeRatio": -0.0562410495, "totalOtherIncomeExpensesNet": -25692000, "incomeBeforeTax": -92376000, "incomeBeforeTaxRatio": -0.0779095913, "incomeTaxExpense": 3320000, "netIncome": -99525000, "netIncomeRatio": -0.0839390326, "eps": -0.53, "epsdiluted": -0.53, "weightedAverageShsOut": 186204721, "weightedAverageShsOutDil": 186521520, "link": "https://www.sec.gov/Archives/edgar/data/1335258/000119312512075895/0001193125-12-075895-index.htm", "finalLink": "https://www.sec.gov/Archives/edgar/data/1335258/000119312512075895/d277780d10k.htm"}, {"date": "2011-09-30", "symbol": "LYV", "reportedCurrency": "USD", "cik": "0001335258", "fillingDate": "2011-11-03", "acceptedDate": "2011-11-03 16:36:30", "calendarYear": "2011", "period": "Q3", "revenue": 1790025000, "costOfRevenue": 1286304000, "grossProfit": 503721000, "grossProfitRatio": 0.2814044497, "researchAndDevelopmentExpenses": 0, "generalAndAdministrativeExpenses": 309847000, "sellingAndMarketingExpenses": 0, "sellingGeneralAndAdministrativeExpenses": 309847000, "otherExpenses": 1003842000, "operatingExpenses": 393188000, "costAndExpenses": 1679492000, "interestIncome": 1023000, "interestExpense": 30388000, "depreciationAndAmortization": 83341000, "ebitda": 185489000, "ebitdaratio": 0.1036236924, "operatingIncome": 104809000, "operatingIncomeRatio": 0.0585516962, "totalOtherIncomeExpensesNet": -33049000, "incomeBeforeTax": 71760000, "incomeBeforeTaxRatio": 0.0400888256, "incomeTaxExpense": 8739000, "netIncome": 51712000, "netIncomeRatio": 0.028888982, "eps": 0.28, "epsdiluted": 0.27, "weightedAverageShsOut": 186127846, "weightedAverageShsOutDil": 188531130, "link": "https://www.sec.gov/Archives/edgar/data/1335258/000119312511295230/0001193125-11-295230-index.htm", "finalLink": "https://www.sec.gov/Archives/edgar/data/1335258/000119312511295230/d248919d10q.htm"}, {"date": "2011-06-30", "symbol": "LYV", "reportedCurrency": "USD", "cik": "0001335258", "fillingDate": "2011-08-08", "acceptedDate": "2011-08-08 16:24:20", "calendarYear": "2011", "period": "Q2", "revenue": 1558882000, "costOfRevenue": 1138151000, "grossProfit": 420731000, "grossProfitRatio": 0.2698927821, "researchAndDevelopmentExpenses": 0, "generalAndAdministrativeExpenses": 291385000, "sellingAndMarketingExpenses": 0, "sellingGeneralAndAdministrativeExpenses": 291385000, "otherExpenses": 871356000, "operatingExpenses": 368312000, "costAndExpenses": 1506463000, "interestIncome": 1298000, "interestExpense": 30845000, "depreciationAndAmortization": 76927000, "ebitda": 131045000, "ebitdaratio": 0.0840634506, "operatingIncome": 52373000, "operatingIncomeRatio": 0.0335965134, "totalOtherIncomeExpensesNet": -29100000, "incomeBeforeTax": 23273000, "incomeBeforeTaxRatio": 0.0149292891, "incomeTaxExpense": 6659000, "netIncome": 13257000, "netIncomeRatio": 0.0085041716, "eps": 0.07, "epsdiluted": 0.07, "weightedAverageShsOut": 180818826, "weightedAverageShsOutDil": 182790095, "link": "https://www.sec.gov/Archives/edgar/data/1335258/000119312511214277/0001193125-11-214277-index.htm", "finalLink": "https://www.sec.gov/Archives/edgar/data/1335258/000119312511214277/d10q.htm"}, {"date": "2011-03-31", "symbol": "LYV", "reportedCurrency": "USD", "cik": "0001335258", "fillingDate": "2011-05-05", "acceptedDate": "2011-05-05 16:49:09", "calendarYear": "2011", "period": "Q1", "revenue": 849409000, "costOfRevenue": 547124000, "grossProfit": 302285000, "grossProfitRatio": 0.3558768508, "researchAndDevelopmentExpenses": 0, "generalAndAdministrativeExpenses": 294005000, "sellingAndMarketingExpenses": 0, "sellingGeneralAndAdministrativeExpenses": 294005000, "otherExpenses": 274155000, "operatingExpenses": 371486000, "costAndExpenses": 918610000, "interestIncome": 527000, "interestExpense": 29317000, "depreciationAndAmortization": 77481000, "ebitda": 7514000, "ebitdaratio": 0.0088461507, "operatingIncome": -72161000, "operatingIncomeRatio": -0.0849543624, "totalOtherIncomeExpensesNet": -27123000, "incomeBeforeTax": -99284000, "incomeBeforeTaxRatio": -0.116885976, "incomeTaxExpense": -44942000, "netIncome": -48460000, "netIncomeRatio": -0.0570514322, "eps": -0.27, "epsdiluted": -0.27, "weightedAverageShsOut": 176292809, "weightedAverageShsOutDil": 176292809, "link": "https://www.sec.gov/Archives/edgar/data/1335258/000119312511128635/0001193125-11-128635-index.htm", "finalLink": "https://www.sec.gov/Archives/edgar/data/1335258/000119312511128635/d10q.htm"}, {"date": "2010-12-31", "symbol": "LYV", "reportedCurrency": "USD", "cik": "0001335258", "fillingDate": "2011-02-28", "acceptedDate": "2011-02-28 17:27:39", "calendarYear": "2010", "period": "Q4", "revenue": 1237846000, "costOfRevenue": 888851000, "grossProfit": 348995000, "grossProfitRatio": 0.2819373331, "researchAndDevelopmentExpenses": 0, "generalAndAdministrativeExpenses": 310369000, "sellingAndMarketingExpenses": 0, "sellingGeneralAndAdministrativeExpenses": 310369000, "otherExpenses": 2643819000, "operatingExpenses": 447729000, "costAndExpenses": 1336580000, "interestIncome": 1613000, "interestExpense": 30754000, "depreciationAndAmortization": 140141000, "ebitda": 42902000, "ebitdaratio": 0.0346585924, "operatingIncome": -103097000, "operatingIncomeRatio": -0.0832874202, "totalOtherIncomeExpensesNet": -24896000, "incomeBeforeTax": -127993000, "incomeBeforeTaxRatio": -0.1033997767, "incomeTaxExpense": 2260000, "netIncome": -139294000, "netIncomeRatio": -0.1125293453, "eps": -0.82, "epsdiluted": -0.79, "weightedAverageShsOut": 170783313, "weightedAverageShsOutDil": 176292809, "link": "https://www.sec.gov/Archives/edgar/data/1335258/000119312511050243/0001193125-11-050243-index.htm", "finalLink": "https://www.sec.gov/Archives/edgar/data/1335258/000119312511050243/d10k.htm"}, {"date": "2010-09-30", "symbol": "LYV", "reportedCurrency": "USD", "cik": "0001335258", "fillingDate": "2010-11-04", "acceptedDate": "2010-11-04 16:50:16", "calendarYear": "2010", "period": "Q3", "revenue": 1836351000, "costOfRevenue": 1387302000, "grossProfit": 449049000, "grossProfitRatio": 0.2445333163, "researchAndDevelopmentExpenses": 0, "generalAndAdministrativeExpenses": 271725000, "sellingAndMarketingExpenses": 0, "sellingGeneralAndAdministrativeExpenses": 271725000, "otherExpenses": 1143237000, "operatingExpenses": 336266000, "costAndExpenses": 1723568000, "interestIncome": 715000, "interestExpense": 29414000, "depreciationAndAmortization": 59249000, "ebitda": 174905000, "ebitdaratio": 0.0952459524, "operatingIncome": 110202000, "operatingIncomeRatio": 0.060011403, "totalOtherIncomeExpensesNet": -27858000, "incomeBeforeTax": 82344000, "incomeBeforeTaxRatio": 0.0448411006, "incomeTaxExpense": 16909000, "netIncome": 51404000, "netIncomeRatio": 0.0279924698, "eps": 0.3, "epsdiluted": 0.3, "weightedAverageShsOut": 170285159, "weightedAverageShsOutDil": 172302273, "link": "https://www.sec.gov/Archives/edgar/data/1335258/000119312510248245/0001193125-10-248245-index.htm", "finalLink": "https://www.sec.gov/Archives/edgar/data/1335258/000119312510248245/d10q.htm"}]