[{"date": "2025-06-30", "symbol": "PTC", "reportedCurrency": "USD", "cik": "0000857005", "fillingDate": "2025-07-30", "acceptedDate": "2025-07-30 16:01:39", "calendarYear": "2025", "period": "Q3", "revenue": 643937000, "costOfRevenue": 110025000, "grossProfit": 533912000, "grossProfitRatio": 0.8291370119, "researchAndDevelopmentExpenses": 116647000, "generalAndAdministrativeExpenses": 54145000, "sellingAndMarketingExpenses": 141756000, "sellingGeneralAndAdministrativeExpenses": 195901000, "otherExpenses": 11536000, "operatingExpenses": 324084000, "costAndExpenses": 434109000, "interestIncome": 0, "interestExpense": 18404000, "depreciationAndAmortization": 33834000, "ebitda": 245914000, "ebitdaratio": 0.3818913962, "operatingIncome": 209828000, "operatingIncomeRatio": 0.3258517526, "totalOtherIncomeExpensesNet": -16152000, "incomeBeforeTax": 193676000, "incomeBeforeTaxRatio": 0.3007685534, "incomeTaxExpense": 52348000, "netIncome": 141328000, "netIncomeRatio": 0.2194748865, "eps": 1.18, "epsdiluted": 1.17, "weightedAverageShsOut": 119913000, "weightedAverageShsOutDil": 120461000, "link": "https://www.sec.gov/Archives/edgar/data/857005/000095017025100205/0000950170-25-100205-index.htm", "finalLink": "https://www.sec.gov/Archives/edgar/data/857005/000095017025100205/ptc-ex99_1.htm"}, {"date": "2025-03-31", "symbol": "PTC", "reportedCurrency": "USD", "cik": "0000857005", "fillingDate": "2025-05-01", "acceptedDate": "2025-05-01 16:01:50", "calendarYear": "2025", "period": "Q2", "revenue": 636366000, "costOfRevenue": 106262000, "grossProfit": 530104000, "grossProfitRatio": 0.8330174774, "researchAndDevelopmentExpenses": 111023000, "generalAndAdministrativeExpenses": 54993000, "sellingAndMarketingExpenses": 125031000, "sellingGeneralAndAdministrativeExpenses": 180024000, "otherExpenses": 15593000, "operatingExpenses": 306640000, "costAndExpenses": 412902000, "interestIncome": 800000, "interestExpense": 19606000, "depreciationAndAmortization": 33677000, "ebitda": 258532000, "ebitdaratio": 0.4062630625, "operatingIncome": 223464000, "operatingIncomeRatio": 0.35115641, "totalOtherIncomeExpensesNet": -18215000, "incomeBeforeTax": 205249000, "incomeBeforeTaxRatio": 0.3225329449, "incomeTaxExpense": 42605000, "netIncome": 162644000, "netIncomeRatio": 0.2555824793, "eps": 1.35, "epsdiluted": 1.35, "weightedAverageShsOut": 120177000, "weightedAverageShsOutDil": 120854000, "link": "https://www.sec.gov/Archives/edgar/data/857005/000095017025061801/0000950170-25-061801-index.htm", "finalLink": "https://www.sec.gov/Archives/edgar/data/857005/000095017025061801/ptc-20250331.htm"}, {"date": "2024-12-31", "symbol": "PTC", "reportedCurrency": "USD", "cik": "0000857005", "fillingDate": "2025-02-06", "acceptedDate": "2025-02-06 17:18:17", "calendarYear": "2025", "period": "Q1", "revenue": 565128000, "costOfRevenue": 111797000, "grossProfit": 453331000, "grossProfitRatio": 0.8021740208, "researchAndDevelopmentExpenses": 115516000, "generalAndAdministrativeExpenses": 53319000, "sellingAndMarketingExpenses": 157532000, "sellingGeneralAndAdministrativeExpenses": 210851000, "otherExpenses": 11440000, "operatingExpenses": 326167000, "costAndExpenses": 449604000, "interestIncome": 900000, "interestExpense": 22048000, "depreciationAndAmortization": 33751000, "ebitda": 148953000, "ebitdaratio": 0.263573916, "operatingIncome": 115524000, "operatingIncomeRatio": 0.2044209453, "totalOtherIncomeExpensesNet": -22370000, "incomeBeforeTax": 93154000, "incomeBeforeTaxRatio": 0.1648369927, "incomeTaxExpense": 10922000, "netIncome": 82232000, "netIncomeRatio": 0.1455103976, "eps": 0.68, "epsdiluted": 0.68, "weightedAverageShsOut": 120243000, "weightedAverageShsOutDil": 121145000, "link": "https://www.sec.gov/Archives/edgar/data/857005/000095017025015530/0000950170-25-015530-index.htm", "finalLink": "https://www.sec.gov/Archives/edgar/data/857005/000095017025015530/ptc-20241231.htm"}, {"date": "2024-09-30", "symbol": "PTC", "reportedCurrency": "USD", "cik": "0000857005", "fillingDate": "2024-11-14", "acceptedDate": "2024-11-14 17:27:14", "calendarYear": "2024", "period": "Q4", "revenue": 626547000, "costOfRevenue": 112825000, "grossProfit": 513722000, "grossProfitRatio": 0.8199257199, "researchAndDevelopmentExpenses": 110013000, "generalAndAdministrativeExpenses": 51986000, "sellingAndMarketingExpenses": 147191000, "sellingGeneralAndAdministrativeExpenses": 199177000, "otherExpenses": 10559000, "operatingExpenses": 319749000, "costAndExpenses": 432574000, "interestIncome": 4400000, "interestExpense": 24948000, "depreciationAndAmortization": 36992000, "ebitda": 207237000, "ebitdaratio": 0.3307605016, "operatingIncome": 193973000, "operatingIncomeRatio": 0.3095905016, "totalOtherIncomeExpensesNet": -23728000, "incomeBeforeTax": 170245000, "incomeBeforeTaxRatio": 0.27171944, "incomeTaxExpense": 43722000, "netIncome": 126523000, "netIncomeRatio": 0.2019369656, "eps": 1.06, "epsdiluted": 1.05, "weightedAverageShsOut": 119679000, "weightedAverageShsOutDil": 120742000, "link": "https://www.sec.gov/Archives/edgar/data/857005/000095017024127231/0000950170-24-127231-index.htm", "finalLink": "https://www.sec.gov/Archives/edgar/data/857005/000095017024127231/ptc-20240930.htm"}, {"date": "2024-06-30", "symbol": "PTC", "reportedCurrency": "USD", "cik": "0000857005", "fillingDate": "2024-08-02", "acceptedDate": "2024-08-02 16:15:28", "calendarYear": "2024", "period": "Q3", "revenue": 518639000, "costOfRevenue": 122588000, "grossProfit": 396051000, "grossProfitRatio": 0.7636352068, "researchAndDevelopmentExpenses": 110253000, "generalAndAdministrativeExpenses": 49659000, "sellingAndMarketingExpenses": 140318000, "sellingGeneralAndAdministrativeExpenses": 189777000, "otherExpenses": -663000, "operatingExpenses": 300030000, "costAndExpenses": 422618000, "interestIncome": 0, "interestExpense": 27785000, "depreciationAndAmortization": 34812000, "ebitda": 130833000, "ebitdaratio": 0.2522621708, "operatingIncome": 96021000, "operatingIncomeRatio": 0.1851403385, "totalOtherIncomeExpensesNet": -28648000, "incomeBeforeTax": 67373000, "incomeBeforeTaxRatio": 0.1299034589, "incomeTaxExpense": -1605000, "netIncome": 68978000, "netIncomeRatio": 0.1329980969, "eps": 0.58, "epsdiluted": 0.57, "weightedAverageShsOut": 119893000, "weightedAverageShsOutDil": 120822000, "link": "https://www.sec.gov/Archives/edgar/data/857005/000095017024089978/0000950170-24-089978-index.htm", "finalLink": "https://www.sec.gov/Archives/edgar/data/857005/000095017024089978/ptc-20240630.htm"}, {"date": "2024-03-31", "symbol": "PTC", "reportedCurrency": "USD", "cik": "0000857005", "fillingDate": "2024-05-03", "acceptedDate": "2024-05-03 16:01:46", "calendarYear": "2024", "period": "Q2", "revenue": 603072000, "costOfRevenue": 120479000, "grossProfit": 482593000, "grossProfitRatio": 0.8002245171, "researchAndDevelopmentExpenses": 106998000, "generalAndAdministrativeExpenses": 61526000, "sellingAndMarketingExpenses": 134521000, "sellingGeneralAndAdministrativeExpenses": 195747000, "otherExpenses": -2224000, "operatingExpenses": 302745000, "costAndExpenses": 423224000, "interestIncome": 0, "interestExpense": 31586000, "depreciationAndAmortization": 34657000, "ebitda": 214505000, "ebitdaratio": 0.3556872148, "operatingIncome": 179848000, "operatingIncomeRatio": 0.2982197814, "totalOtherIncomeExpensesNet": -33810000, "incomeBeforeTax": 145745000, "incomeBeforeTaxRatio": 0.2416709779, "incomeTaxExpense": 31300000, "netIncome": 114445000, "netIncomeRatio": 0.189770044, "eps": 0.96, "epsdiluted": 0.95, "weightedAverageShsOut": 119587000, "weightedAverageShsOutDil": 120712000, "link": "https://www.sec.gov/Archives/edgar/data/857005/000095017024052860/0000950170-24-052860-index.htm", "finalLink": "https://www.sec.gov/Archives/edgar/data/857005/000095017024052860/ptc-20240331.htm"}, {"date": "2023-12-31", "symbol": "PTC", "reportedCurrency": "USD", "cik": "0000857005", "fillingDate": "2024-02-02", "acceptedDate": "2024-02-02 16:24:00", "calendarYear": "2024", "period": "Q1", "revenue": 550214000, "costOfRevenue": 110020000, "grossProfit": 440194000, "grossProfitRatio": 0.8000414384, "researchAndDevelopmentExpenses": 105783000, "generalAndAdministrativeExpenses": 69206000, "sellingAndMarketingExpenses": 136924000, "sellingGeneralAndAdministrativeExpenses": 206130000, "otherExpenses": 2220000, "operatingExpenses": 322276000, "costAndExpenses": 432296000, "interestIncome": 1300000, "interestExpense": 35334000, "depreciationAndAmortization": 34946000, "ebitda": 155879000, "ebitdaratio": 0.2833061318, "operatingIncome": 118713000, "operatingIncomeRatio": 0.2157578688, "totalOtherIncomeExpensesNet": -33114000, "incomeBeforeTax": 85599000, "incomeBeforeTaxRatio": 0.155574013, "incomeTaxExpense": 19212000, "netIncome": 66387000, "netIncomeRatio": 0.1206566899, "eps": 0.56, "epsdiluted": 0.55, "weightedAverageShsOut": 119124000, "weightedAverageShsOutDil": 120250000, "link": "https://www.sec.gov/Archives/edgar/data/857005/000095017024010527/0000950170-24-010527-index.htm", "finalLink": "https://www.sec.gov/Archives/edgar/data/857005/000095017024010527/ptc-20231231.htm"}, {"date": "2023-09-30", "symbol": "PTC", "reportedCurrency": "USD", "cik": "0000857005", "fillingDate": "2023-11-20", "acceptedDate": "2023-11-17 18:09:10", "calendarYear": "2023", "period": "Q4", "revenue": 546620000, "costOfRevenue": 115856000, "grossProfit": 430764000, "grossProfitRatio": 0.7880501994, "researchAndDevelopmentExpenses": 102025000, "generalAndAdministrativeExpenses": 59567000, "sellingAndMarketingExpenses": 137452000, "sellingGeneralAndAdministrativeExpenses": 197019000, "otherExpenses": -32587000, "operatingExpenses": 309714000, "costAndExpenses": 425570000, "interestIncome": 1500000, "interestExpense": 35698000, "depreciationAndAmortization": 35514000, "ebitda": 159759000, "ebitdaratio": 0.2922670228, "operatingIncome": 121134000, "operatingIncomeRatio": 0.2216055029, "totalOtherIncomeExpensesNet": -32587000, "incomeBeforeTax": 88547000, "incomeBeforeTaxRatio": 0.1619900479, "incomeTaxExpense": 42944000, "netIncome": 45603000, "netIncomeRatio": 0.0834272438, "eps": 0.38, "epsdiluted": 0.38, "weightedAverageShsOut": 118803000, "weightedAverageShsOutDil": 120112000, "link": "https://www.sec.gov/Archives/edgar/data/857005/000095012323011049/0000950123-23-011049-index.htm", "finalLink": "https://www.sec.gov/Archives/edgar/data/857005/000095012323011049/ptc-20230930.htm"}, {"date": "2023-06-30", "symbol": "PTC", "reportedCurrency": "USD", "cik": "0000857005", "fillingDate": "2023-08-04", "acceptedDate": "2023-08-04 16:00:58", "calendarYear": "2023", "period": "Q3", "revenue": 542342000, "costOfRevenue": 115854000, "grossProfit": 426488000, "grossProfitRatio": 0.7863820246, "researchAndDevelopmentExpenses": 103819000, "generalAndAdministrativeExpenses": 57055000, "sellingAndMarketingExpenses": 145083000, "sellingGeneralAndAdministrativeExpenses": 202138000, "otherExpenses": -33374000, "operatingExpenses": 316627000, "costAndExpenses": 432481000, "interestIncome": 0, "interestExpense": 35836000, "depreciationAndAmortization": 36047000, "ebitda": 148409000, "ebitdaratio": 0.2736446744, "operatingIncome": 109900000, "operatingIncomeRatio": 0.2026396628, "totalOtherIncomeExpensesNet": -33374000, "incomeBeforeTax": 76526000, "incomeBeforeTaxRatio": 0.1411028465, "incomeTaxExpense": 15128000, "netIncome": 61398000, "netIncomeRatio": 0.1132090083, "eps": 0.52, "epsdiluted": 0.51, "weightedAverageShsOut": 118483000, "weightedAverageShsOutDil": 119392000, "link": "https://www.sec.gov/Archives/edgar/data/857005/000095017023038543/0000950170-23-038543-index.htm", "finalLink": "https://www.sec.gov/Archives/edgar/data/857005/000095017023038543/ptc-20230630.htm"}, {"date": "2023-03-31", "symbol": "PTC", "reportedCurrency": "USD", "cik": "0000857005", "fillingDate": "2023-05-03", "acceptedDate": "2023-05-03 16:10:24", "calendarYear": "2023", "period": "Q2", "revenue": 542181000, "costOfRevenue": 113506000, "grossProfit": 428675000, "grossProfitRatio": 0.7906492481, "researchAndDevelopmentExpenses": 100349000, "generalAndAdministrativeExpenses": 65923000, "sellingAndMarketingExpenses": 129207000, "sellingGeneralAndAdministrativeExpenses": 195130000, "otherExpenses": 10656000, "operatingExpenses": 306135000, "costAndExpenses": 419641000, "interestIncome": 0, "interestExpense": 41525000, "depreciationAndAmortization": 36219000, "ebitda": 158813000, "ebitdaratio": 0.2929150966, "operatingIncome": 122539000, "operatingIncomeRatio": 0.2260112398, "totalOtherIncomeExpensesNet": -41470000, "incomeBeforeTax": 81069000, "incomeBeforeTaxRatio": 0.1495238675, "incomeTaxExpense": 17565000, "netIncome": 63504000, "netIncomeRatio": 0.1171269373, "eps": 0.54, "epsdiluted": 0.53, "weightedAverageShsOut": 118260000, "weightedAverageShsOutDil": 119041000, "link": "https://www.sec.gov/Archives/edgar/data/857005/000095017023017177/0000950170-23-017177-index.htm", "finalLink": "https://www.sec.gov/Archives/edgar/data/857005/000095017023017177/ptc-20230331.htm"}, {"date": "2022-12-31", "symbol": "PTC", "reportedCurrency": "USD", "cik": "0000857005", "fillingDate": "2023-02-09", "acceptedDate": "2023-02-09 16:10:46", "calendarYear": "2023", "period": "Q1", "revenue": 465910000, "costOfRevenue": 95790000, "grossProfit": 370120000, "grossProfitRatio": 0.7944023524, "researchAndDevelopmentExpenses": 88177000, "generalAndAdministrativeExpenses": 50971000, "sellingAndMarketingExpenses": 118383000, "sellingGeneralAndAdministrativeExpenses": 169354000, "otherExpenses": 8026000, "operatingExpenses": 265557000, "costAndExpenses": 361347000, "interestIncome": 0, "interestExpense": 16358000, "depreciationAndAmortization": 29382000, "ebitda": 132164000, "ebitdaratio": 0.2836685197, "operatingIncome": 104901000, "operatingIncomeRatio": 0.2251529265, "totalOtherIncomeExpensesNet": -18477000, "incomeBeforeTax": 86424000, "incomeBeforeTaxRatio": 0.1854950527, "incomeTaxExpense": 11389000, "netIncome": 75035000, "netIncomeRatio": 0.1610504175, "eps": 0.64, "epsdiluted": 0.63, "weightedAverageShsOut": 117819000, "weightedAverageShsOutDil": 118788000, "link": "https://www.sec.gov/Archives/edgar/data/857005/000095017023002335/0000950170-23-002335-index.htm", "finalLink": "https://www.sec.gov/Archives/edgar/data/857005/000095017023002335/ptc-20221231.htm"}, {"date": "2022-09-30", "symbol": "PTC", "reportedCurrency": "USD", "cik": "0000857005", "fillingDate": "2022-11-15", "acceptedDate": "2022-11-15 17:30:05", "calendarYear": "2022", "period": "Q4", "revenue": 507925000, "costOfRevenue": 95530000, "grossProfit": 412395000, "grossProfitRatio": 0.8119210513, "researchAndDevelopmentExpenses": 88183000, "generalAndAdministrativeExpenses": 50705000, "sellingAndMarketingExpenses": 119038000, "sellingGeneralAndAdministrativeExpenses": 169743000, "otherExpenses": 9105000, "operatingExpenses": 267031000, "costAndExpenses": 362561000, "interestIncome": 900000, "interestExpense": 15285000, "depreciationAndAmortization": 30436000, "ebitda": 183099000, "ebitdaratio": 0.3604843235, "operatingIncome": 146017000, "operatingIncomeRatio": 0.2874774819, "totalOtherIncomeExpensesNet": -8639000, "incomeBeforeTax": 137378000, "incomeBeforeTaxRatio": 0.2704690653, "incomeTaxExpense": 30541000, "netIncome": 106837000, "netIncomeRatio": 0.2103401093, "eps": 0.91, "epsdiluted": 0.9, "weightedAverageShsOut": 117431000, "weightedAverageShsOutDil": 118634000, "link": "https://www.sec.gov/Archives/edgar/data/857005/000095017022025211/0000950170-22-025211-index.htm", "finalLink": "https://www.sec.gov/Archives/edgar/data/857005/000095017022025211/ptc-20220930.htm"}, {"date": "2022-06-30", "symbol": "PTC", "reportedCurrency": "USD", "cik": "0000857005", "fillingDate": "2022-08-05", "acceptedDate": "2022-08-05 16:14:42", "calendarYear": "2022", "period": "Q3", "revenue": 462474000, "costOfRevenue": 101995000, "grossProfit": 360479000, "grossProfitRatio": 0.7794578722, "researchAndDevelopmentExpenses": 88170000, "generalAndAdministrativeExpenses": 54618000, "sellingAndMarketingExpenses": 124325000, "sellingGeneralAndAdministrativeExpenses": 178943000, "otherExpenses": 8931000, "operatingExpenses": 276044000, "costAndExpenses": 378039000, "interestIncome": 0, "interestExpense": 13758000, "depreciationAndAmortization": 30601000, "ebitda": 145137000, "ebitdaratio": 0.3138273719, "operatingIncome": 79977000, "operatingIncomeRatio": 0.1729329649, "totalOtherIncomeExpensesNet": 20801000, "incomeBeforeTax": 100778000, "incomeBeforeTaxRatio": 0.2179106285, "incomeTaxExpense": 30302000, "netIncome": 70476000, "netIncomeRatio": 0.1523891073, "eps": 0.6, "epsdiluted": 0.6, "weightedAverageShsOut": 117073000, "weightedAverageShsOutDil": 117968000, "link": "https://www.sec.gov/Archives/edgar/data/857005/000095017022015127/0000950170-22-015127-index.htm", "finalLink": "https://www.sec.gov/Archives/edgar/data/857005/000095017022015127/ptc-20220630.htm"}, {"date": "2022-03-31", "symbol": "PTC", "reportedCurrency": "USD", "cik": "0000857005", "fillingDate": "2022-05-05", "acceptedDate": "2022-05-05 16:43:47", "calendarYear": "2022", "period": "Q2", "revenue": 505227000, "costOfRevenue": 93337000, "grossProfit": 411890000, "grossProfitRatio": 0.8152573002, "researchAndDevelopmentExpenses": 81935000, "generalAndAdministrativeExpenses": 47469000, "sellingAndMarketingExpenses": 116408000, "sellingGeneralAndAdministrativeExpenses": 163877000, "otherExpenses": 8450000, "operatingExpenses": 254262000, "costAndExpenses": 347599000, "interestIncome": 0, "interestExpense": 12239000, "depreciationAndAmortization": 30056000, "ebitda": 145861000, "ebitdaratio": 0.2887038895, "operatingIncome": 159190000, "operatingIncomeRatio": 0.31508609, "totalOtherIncomeExpensesNet": -55624000, "incomeBeforeTax": 103566000, "incomeBeforeTaxRatio": 0.2049890445, "incomeTaxExpense": 13887000, "netIncome": 89679000, "netIncomeRatio": 0.17750239, "eps": 0.77, "epsdiluted": 0.76, "weightedAverageShsOut": 117008000, "weightedAverageShsOutDil": 117811000, "link": "https://www.sec.gov/Archives/edgar/data/857005/000156459022018300/0001564590-22-018300-index.htm", "finalLink": "https://www.sec.gov/Archives/edgar/data/857005/000156459022018300/ptc-10q_20220331.htm"}, {"date": "2021-12-31", "symbol": "PTC", "reportedCurrency": "USD", "cik": "0000857005", "fillingDate": "2022-02-07", "acceptedDate": "2022-02-04 18:10:44", "calendarYear": "2022", "period": "Q1", "revenue": 457721000, "costOfRevenue": 95118000, "grossProfit": 362603000, "grossProfitRatio": 0.7921921869, "researchAndDevelopmentExpenses": 80534000, "generalAndAdministrativeExpenses": 51940000, "sellingAndMarketingExpenses": 125476000, "sellingGeneralAndAdministrativeExpenses": 177416000, "otherExpenses": -6802000, "operatingExpenses": 266434000, "costAndExpenses": 361552000, "interestIncome": 0, "interestExpense": 12986000, "depreciationAndAmortization": 30948000, "ebitda": 99310000, "ebitdaratio": 0.2169662305, "operatingIncome": 62178000, "operatingIncomeRatio": 0.1358425766, "totalOtherIncomeExpensesNet": -6802000, "incomeBeforeTax": 55376000, "incomeBeforeTaxRatio": 0.1209819956, "incomeTaxExpense": 9287000, "netIncome": 46089000, "netIncomeRatio": 0.1006923432, "eps": 0.39, "epsdiluted": 0.39, "weightedAverageShsOut": 117347000, "weightedAverageShsOutDil": 118598000, "link": "https://www.sec.gov/Archives/edgar/data/857005/000156459022003975/0001564590-22-003975-index.htm", "finalLink": "https://www.sec.gov/Archives/edgar/data/857005/000156459022003975/ptc-10q_20211231.htm"}, {"date": "2021-09-30", "symbol": "PTC", "reportedCurrency": "USD", "cik": "0000857005", "fillingDate": "2021-11-22", "acceptedDate": "2021-11-19 20:10:15", "calendarYear": "2021", "period": "Q4", "revenue": 480656000, "costOfRevenue": 99748000, "grossProfit": 380908000, "grossProfitRatio": 0.7924752838, "researchAndDevelopmentExpenses": 78403000, "generalAndAdministrativeExpenses": 48589000, "sellingAndMarketingExpenses": 129464000, "sellingGeneralAndAdministrativeExpenses": 178053000, "otherExpenses": 54385000, "operatingExpenses": 264144000, "costAndExpenses": 363892000, "interestIncome": 1800000, "interestExpense": 12856000, "depreciationAndAmortization": 31833000, "ebitda": 214211000, "ebitdaratio": 0.4456638427, "operatingIncome": 115137000, "operatingIncomeRatio": 0.2395413768, "totalOtherIncomeExpensesNet": 54385000, "incomeBeforeTax": 169522000, "incomeBeforeTaxRatio": 0.3526888253, "incomeTaxExpense": -123421000, "netIncome": 292943000, "netIncomeRatio": 0.6094649812, "eps": 2.5, "epsdiluted": 2.46, "weightedAverageShsOut": 117230000, "weightedAverageShsOutDil": 118921000, "link": "https://www.sec.gov/Archives/edgar/data/857005/000156459021057806/0001564590-21-057806-index.htm", "finalLink": "https://www.sec.gov/Archives/edgar/data/857005/000156459021057806/ptc-10k_20210930.htm"}, {"date": "2021-06-30", "symbol": "PTC", "reportedCurrency": "USD", "cik": "0000857005", "fillingDate": "2021-08-03", "acceptedDate": "2021-08-03 16:02:34", "calendarYear": "2021", "period": "Q3", "revenue": 435668000, "costOfRevenue": 95077000, "grossProfit": 340591000, "grossProfitRatio": 0.7817673091, "researchAndDevelopmentExpenses": 78134000, "generalAndAdministrativeExpenses": 47084000, "sellingAndMarketingExpenses": 134412000, "sellingGeneralAndAdministrativeExpenses": 181496000, "otherExpenses": -15113000, "operatingExpenses": 267141000, "costAndExpenses": 362218000, "interestIncome": 0, "interestExpense": 13178000, "depreciationAndAmortization": 31576000, "ebitda": 103223000, "ebitdaratio": 0.2369304149, "operatingIncome": 73582000, "operatingIncomeRatio": 0.1688946629, "totalOtherIncomeExpensesNet": -15113000, "incomeBeforeTax": 58469000, "incomeBeforeTaxRatio": 0.1342054041, "incomeTaxExpense": 7266000, "netIncome": 51203000, "netIncomeRatio": 0.1175275669, "eps": 0.44, "epsdiluted": 0.43, "weightedAverageShsOut": 116934000, "weightedAverageShsOutDil": 118611000, "link": "https://www.sec.gov/Archives/edgar/data/857005/000156459021040209/0001564590-21-040209-index.htm", "finalLink": "https://www.sec.gov/Archives/edgar/data/857005/000156459021040209/ptc-10q_20210630.htm"}, {"date": "2021-03-31", "symbol": "PTC", "reportedCurrency": "USD", "cik": "0000857005", "fillingDate": "2021-05-04", "acceptedDate": "2021-05-04 16:05:43", "calendarYear": "2021", "period": "Q2", "revenue": 461785000, "costOfRevenue": 89448000, "grossProfit": 372337000, "grossProfitRatio": 0.8062994684, "researchAndDevelopmentExpenses": 72545000, "generalAndAdministrativeExpenses": 60805000, "sellingAndMarketingExpenses": 129178000, "sellingGeneralAndAdministrativeExpenses": 189983000, "otherExpenses": -15333000, "operatingExpenses": 270178000, "costAndExpenses": 359626000, "interestIncome": 0, "interestExpense": 12925000, "depreciationAndAmortization": 30899000, "ebitda": 130181000, "ebitdaratio": 0.2819082473, "operatingIncome": 101690000, "operatingIncomeRatio": 0.2202107041, "totalOtherIncomeExpensesNet": -15333000, "incomeBeforeTax": 86357000, "incomeBeforeTaxRatio": 0.1870069405, "incomeTaxExpense": -22905000, "netIncome": 109262000, "netIncomeRatio": 0.2366079453, "eps": 0.94, "epsdiluted": 0.92, "weightedAverageShsOut": 116777000, "weightedAverageShsOutDil": 118331000, "link": "https://www.sec.gov/Archives/edgar/data/857005/000156459021023320/0001564590-21-023320-index.htm", "finalLink": "https://www.sec.gov/Archives/edgar/data/857005/000156459021023320/ptc-10q_20210331.htm"}, {"date": "2020-12-31", "symbol": "PTC", "reportedCurrency": "USD", "cik": "0000857005", "fillingDate": "2021-02-04", "acceptedDate": "2021-02-04 16:01:44", "calendarYear": "2021", "period": "Q1", "revenue": 429050000, "costOfRevenue": 86830000, "grossProfit": 342220000, "grossProfitRatio": 0.7976226547, "researchAndDevelopmentExpenses": 70835000, "generalAndAdministrativeExpenses": 49528000, "sellingAndMarketingExpenses": 124725000, "sellingGeneralAndAdministrativeExpenses": 174253000, "otherExpenses": -12931000, "operatingExpenses": 251635000, "costAndExpenses": 338465000, "interestIncome": 0, "interestExpense": 11518000, "depreciationAndAmortization": 28226000, "ebitda": 117151000, "ebitdaratio": 0.2730474304, "operatingIncome": 90338000, "operatingIncomeRatio": 0.2105535485, "totalOtherIncomeExpensesNet": -12931000, "incomeBeforeTax": 77407000, "incomeBeforeTaxRatio": 0.1804148701, "incomeTaxExpense": 53892000, "netIncome": 23515000, "netIncomeRatio": 0.054807132, "eps": 0.2, "epsdiluted": 0.2, "weightedAverageShsOut": 116401000, "weightedAverageShsOutDil": 117605000, "link": "https://www.sec.gov/Archives/edgar/data/857005/000156459021004303/0001564590-21-004303-index.htm", "finalLink": "https://www.sec.gov/Archives/edgar/data/857005/000156459021004303/ptc-10q_20201231.htm"}, {"date": "2020-09-30", "symbol": "PTC", "reportedCurrency": "USD", "cik": "0000857005", "fillingDate": "2020-11-20", "acceptedDate": "2020-11-20 16:46:16", "calendarYear": "2020", "period": "Q4", "revenue": 390981000, "costOfRevenue": 84615000, "grossProfit": 306366000, "grossProfitRatio": 0.7835828339, "researchAndDevelopmentExpenses": 69884000, "generalAndAdministrativeExpenses": 45931000, "sellingAndMarketingExpenses": 115815000, "sellingGeneralAndAdministrativeExpenses": 161746000, "otherExpenses": 3671000, "operatingExpenses": 238976000, "costAndExpenses": 323591000, "interestIncome": 0, "interestExpense": 11452000, "depreciationAndAmortization": 29360000, "ebitda": 87573000, "ebitdaratio": 0.2239827511, "operatingIncome": 67012000, "operatingIncomeRatio": 0.1713945179, "totalOtherIncomeExpensesNet": -11631000, "incomeBeforeTax": 55381000, "incomeBeforeTaxRatio": 0.1416462693, "incomeTaxExpense": 1975000, "netIncome": 53406000, "netIncomeRatio": 0.1365948729, "eps": 0.46, "epsdiluted": 0.46, "weightedAverageShsOut": 115663000, "weightedAverageShsOutDil": 116267000, "link": "https://www.sec.gov/Archives/edgar/data/857005/000156459020054803/0001564590-20-054803-index.htm", "finalLink": "https://www.sec.gov/Archives/edgar/data/857005/000156459020054803/ptc-10k_20200930.htm"}, {"date": "2020-06-27", "symbol": "PTC", "reportedCurrency": "USD", "cik": "0000857005", "fillingDate": "2020-08-05", "acceptedDate": "2020-08-05 16:02:53", "calendarYear": "2020", "period": "Q3", "revenue": 351721000, "costOfRevenue": 79224000, "grossProfit": 272497000, "grossProfitRatio": 0.7747532846, "researchAndDevelopmentExpenses": 61429000, "generalAndAdministrativeExpenses": 35709000, "sellingAndMarketingExpenses": 104594000, "sellingGeneralAndAdministrativeExpenses": 140303000, "otherExpenses": 100000, "operatingExpenses": 209034000, "costAndExpenses": 288258000, "interestIncome": 700000, "interestExpense": 19660000, "depreciationAndAmortization": 49951000, "ebitda": 84660000, "ebitdaratio": 0.2407021474, "operatingIncome": 63401000, "operatingIncomeRatio": 0.1802593533, "totalOtherIncomeExpensesNet": -18885000, "incomeBeforeTax": 44516000, "incomeBeforeTaxRatio": 0.1265662272, "incomeTaxExpense": 9838000, "netIncome": 34678000, "netIncomeRatio": 0.0985951933, "eps": 0.3, "epsdiluted": 0.3, "weightedAverageShsOut": 115759000, "weightedAverageShsOutDil": 116229000, "link": "https://www.sec.gov/Archives/edgar/data/857005/000156459020036779/0001564590-20-036779-index.htm", "finalLink": "https://www.sec.gov/Archives/edgar/data/857005/000156459020036779/ptc-10q_20200627.htm"}, {"date": "2020-03-28", "symbol": "PTC", "reportedCurrency": "USD", "cik": "0000857005", "fillingDate": "2020-05-06", "acceptedDate": "2020-05-06 17:07:53", "calendarYear": "2020", "period": "Q2", "revenue": 359603000, "costOfRevenue": 83027000, "grossProfit": 276576000, "grossProfitRatio": 0.7691148294, "researchAndDevelopmentExpenses": 59954000, "generalAndAdministrativeExpenses": 33629000, "sellingAndMarketingExpenses": 107438000, "sellingGeneralAndAdministrativeExpenses": 141067000, "otherExpenses": -3200000, "operatingExpenses": 208309000, "costAndExpenses": 291336000, "interestIncome": 1600000, "interestExpense": 32618000, "depreciationAndAmortization": 20605000, "ebitda": 69001000, "ebitdaratio": 0.1918810466, "operatingIncome": 50025000, "operatingIncomeRatio": 0.1391117427, "totalOtherIncomeExpensesNet": -34247000, "incomeBeforeTax": 15778000, "incomeBeforeTaxRatio": 0.0438761634, "incomeTaxExpense": 8622000, "netIncome": 7156000, "netIncomeRatio": 0.0198997227, "eps": 0.0619, "epsdiluted": 0.0617, "weightedAverageShsOut": 115606000, "weightedAverageShsOutDil": 116017000, "link": "https://www.sec.gov/Archives/edgar/data/857005/000085700520000017/0000857005-20-000017-index.htm", "finalLink": "https://www.sec.gov/Archives/edgar/data/857005/000085700520000017/ptc3282020q220.htm"}, {"date": "2019-12-28", "symbol": "PTC", "reportedCurrency": "USD", "cik": "0000857005", "fillingDate": "2020-01-27", "acceptedDate": "2020-01-27 16:07:48", "calendarYear": "2020", "period": "Q1", "revenue": 356110000, "costOfRevenue": 87405000, "grossProfit": 268705000, "grossProfitRatio": 0.7545561765, "researchAndDevelopmentExpenses": 65308000, "generalAndAdministrativeExpenses": 44557000, "sellingAndMarketingExpenses": 107604000, "sellingGeneralAndAdministrativeExpenses": 152161000, "otherExpenses": -200000, "operatingExpenses": 224246000, "costAndExpenses": 311651000, "interestIncome": 900000, "interestExpense": 12098000, "depreciationAndAmortization": 19588000, "ebitda": 50717000, "ebitdaratio": 0.1424194771, "operatingIncome": 30425000, "operatingIncomeRatio": 0.085437084, "totalOtherIncomeExpensesNet": -11394000, "incomeBeforeTax": 19031000, "incomeBeforeTaxRatio": 0.0534413524, "incomeTaxExpense": -16424000, "netIncome": 35455000, "netIncomeRatio": 0.0995619331, "eps": 0.31, "epsdiluted": 0.31, "weightedAverageShsOut": 115190000, "weightedAverageShsOutDil": 115691000, "link": "https://www.sec.gov/Archives/edgar/data/857005/000085700520000009/0000857005-20-000009-index.htm", "finalLink": "https://www.sec.gov/Archives/edgar/data/857005/000085700520000009/ptc12282019q120.htm"}, {"date": "2019-09-30", "symbol": "PTC", "reportedCurrency": "USD", "cik": "0000857005", "fillingDate": "2019-11-18", "acceptedDate": "2019-11-15 19:51:01", "calendarYear": "2019", "period": "Q4", "revenue": 335005000, "costOfRevenue": 85417000, "grossProfit": 249588000, "grossProfitRatio": 0.7450276862, "researchAndDevelopmentExpenses": 64114000, "generalAndAdministrativeExpenses": 25911000, "sellingAndMarketingExpenses": 101307000, "sellingGeneralAndAdministrativeExpenses": 127218000, "otherExpenses": -200000, "operatingExpenses": 197387000, "costAndExpenses": 282804000, "interestIncome": 1200000, "interestExpense": 10572000, "depreciationAndAmortization": 19190000, "ebitda": 73465000, "ebitdaratio": 0.2192952344, "operatingIncome": 46551000, "operatingIncomeRatio": 0.138956135, "totalOtherIncomeExpensesNet": -12768000, "incomeBeforeTax": 33783000, "incomeBeforeTaxRatio": 0.100843271, "incomeTaxExpense": 23957000, "netIncome": 9826000, "netIncomeRatio": 0.0293309055, "eps": 0.0835, "epsdiluted": 0.0835, "weightedAverageShsOut": 115026222, "weightedAverageShsOutDil": 117724000, "link": "https://www.sec.gov/Archives/edgar/data/857005/000085700519000040/0000857005-19-000040-index.htm", "finalLink": "https://www.sec.gov/Archives/edgar/data/857005/000085700519000040/ptc9-30x1910xk.htm"}, {"date": "2019-06-29", "symbol": "PTC", "reportedCurrency": "USD", "cik": "0000857005", "fillingDate": "2019-08-08", "acceptedDate": "2019-08-08 16:24:15", "calendarYear": "2019", "period": "Q3", "revenue": 322410000, "costOfRevenue": 81233000, "grossProfit": 241177000, "grossProfitRatio": 0.7480444155, "researchAndDevelopmentExpenses": 60590000, "generalAndAdministrativeExpenses": 28773000, "sellingAndMarketingExpenses": 113533000, "sellingGeneralAndAdministrativeExpenses": 142306000, "otherExpenses": -10080000, "operatingExpenses": 208816000, "costAndExpenses": 290049000, "interestIncome": 1000000, "interestExpense": 10816000, "depreciationAndAmortization": 19076000, "ebitda": 28772000, "ebitdaratio": 0.0892404082, "operatingIncome": 32370000, "operatingIncomeRatio": 0.1004001117, "totalOtherIncomeExpensesNet": -9790000, "incomeBeforeTax": 22290000, "incomeBeforeTaxRatio": 0.0691355727, "incomeTaxExpense": 10585000, "netIncome": 11705000, "netIncomeRatio": 0.0363047052, "eps": 0.1, "epsdiluted": 0.1, "weightedAverageShsOut": 113523076, "weightedAverageShsOutDil": 116133000, "link": "https://www.sec.gov/Archives/edgar/data/857005/000085700519000017/0000857005-19-000017-index.htm", "finalLink": "https://www.sec.gov/Archives/edgar/data/857005/000085700519000017/ptc6292019q3.htm"}, {"date": "2019-03-30", "symbol": "PTC", "reportedCurrency": "USD", "cik": "0000857005", "fillingDate": "2019-05-09", "acceptedDate": "2019-05-09 16:06:52", "calendarYear": "2019", "period": "Q2", "revenue": 315499000, "costOfRevenue": 77967000, "grossProfit": 237532000, "grossProfitRatio": 0.7528771882, "researchAndDevelopmentExpenses": 61402000, "generalAndAdministrativeExpenses": 35371000, "sellingAndMarketingExpenses": 109421000, "sellingGeneralAndAdministrativeExpenses": 144792000, "otherExpenses": -10318000, "operatingExpenses": 212124000, "costAndExpenses": 290091000, "interestIncome": 1000000, "interestExpense": 11383000, "depreciationAndAmortization": 19505000, "ebitda": -2532000, "ebitdaratio": -0.008025382, "operatingIncome": -1572000, "operatingIncomeRatio": -0.0049825831, "totalOtherIncomeExpensesNet": -10562000, "incomeBeforeTax": -11890000, "incomeBeforeTaxRatio": -0.0376863318, "incomeTaxExpense": 140000, "netIncome": -12030000, "netIncomeRatio": -0.0381300733, "eps": -0.1, "epsdiluted": -0.1, "weightedAverageShsOut": 117602702, "weightedAverageShsOutDil": 118461000, "link": "https://www.sec.gov/Archives/edgar/data/857005/000085700519000011/0000857005-19-000011-index.htm", "finalLink": "https://www.sec.gov/Archives/edgar/data/857005/000085700519000011/ptc3302019q2.htm"}, {"date": "2018-12-29", "symbol": "PTC", "reportedCurrency": "USD", "cik": "0000857005", "fillingDate": "2019-02-07", "acceptedDate": "2019-02-07 17:05:08", "calendarYear": "2019", "period": "Q1", "revenue": 334689000, "costOfRevenue": 77352000, "grossProfit": 257337000, "grossProfitRatio": 0.768883949, "researchAndDevelopmentExpenses": 60782000, "generalAndAdministrativeExpenses": 37864000, "sellingAndMarketingExpenses": 104218000, "sellingGeneralAndAdministrativeExpenses": 142082000, "otherExpenses": 655700, "operatingExpenses": 208800000, "costAndExpenses": 286152000, "interestIncome": 1000000, "interestExpense": 10276000, "depreciationAndAmortization": 20053000, "ebitda": 68990000, "ebitdaratio": 0.2061316625, "operatingIncome": 30044000, "operatingIncomeRatio": 0.0897669179, "totalOtherIncomeExpensesNet": -9621000, "incomeBeforeTax": 20423000, "incomeBeforeTaxRatio": 0.0610208283, "incomeTaxExpense": -562000, "netIncome": 20985000, "netIncomeRatio": 0.0626999991, "eps": 0.18, "epsdiluted": 0.18, "weightedAverageShsOut": 118323000, "weightedAverageShsOutDil": 119638000, "link": "https://www.sec.gov/Archives/edgar/data/857005/000085700519000006/0000857005-19-000006-index.htm", "finalLink": "https://www.sec.gov/Archives/edgar/data/857005/000085700519000006/ptc12292018q1.htm"}, {"date": "2018-09-30", "symbol": "PTC", "reportedCurrency": "USD", "cik": "0000857005", "fillingDate": "2018-11-16", "acceptedDate": "2018-11-15 18:56:03", "calendarYear": "2018", "period": "Q4", "revenue": 312521000, "costOfRevenue": 78049000, "grossProfit": 234472000, "grossProfitRatio": 0.7502599825, "researchAndDevelopmentExpenses": 62393000, "generalAndAdministrativeExpenses": 41542000, "sellingAndMarketingExpenses": 109138000, "sellingGeneralAndAdministrativeExpenses": 150680000, "otherExpenses": 755000, "operatingExpenses": 220857000, "costAndExpenses": 298906000, "interestIncome": 1319000, "interestExpense": 10601000, "depreciationAndAmortization": 22105000, "ebitda": 35610000, "ebitdaratio": 0.1139443429, "operatingIncome": 11697000, "operatingIncomeRatio": 0.0374278848, "totalOtherIncomeExpensesNet": -11027000, "incomeBeforeTax": 669000, "incomeBeforeTaxRatio": 0.0021406561, "incomeTaxExpense": -12522000, "netIncome": 13191000, "netIncomeRatio": 0.0422083636, "eps": 0.11, "epsdiluted": 0.11, "weightedAverageShsOut": 116390000, "weightedAverageShsOutDil": 118158000, "link": "https://www.sec.gov/Archives/edgar/data/857005/000085700518000025/0000857005-18-000025-index.htm", "finalLink": "https://www.sec.gov/Archives/edgar/data/857005/000085700518000025/ptc9-30x1810xk.htm"}, {"date": "2018-06-30", "symbol": "PTC", "reportedCurrency": "USD", "cik": "0000857005", "fillingDate": "2018-08-01", "acceptedDate": "2018-07-31 19:47:39", "calendarYear": "2018", "period": "Q3", "revenue": 314777000, "costOfRevenue": 81556000, "grossProfit": 233221000, "grossProfitRatio": 0.7409086433, "researchAndDevelopmentExpenses": 61218000, "generalAndAdministrativeExpenses": 33082000, "sellingAndMarketingExpenses": 107741000, "sellingGeneralAndAdministrativeExpenses": 140823000, "otherExpenses": -2000000, "operatingExpenses": 209891000, "costAndExpenses": 291447000, "interestIncome": 900000, "interestExpense": 10646000, "depreciationAndAmortization": 22576000, "ebitda": 43193000, "ebitdaratio": 0.1372177764, "operatingIncome": 21703000, "operatingIncomeRatio": 0.068947223, "totalOtherIncomeExpensesNet": -11576000, "incomeBeforeTax": 9971000, "incomeBeforeTaxRatio": 0.0316763931, "incomeTaxExpense": -7026000, "netIncome": 16997000, "netIncomeRatio": 0.0539969566, "eps": 0.15, "epsdiluted": 0.14, "weightedAverageShsOut": 115774000, "weightedAverageShsOutDil": 117500000, "link": "https://www.sec.gov/Archives/edgar/data/857005/000085700518000015/0000857005-18-000015-index.htm", "finalLink": "https://www.sec.gov/Archives/edgar/data/857005/000085700518000015/ptc06302018q3.htm"}, {"date": "2018-03-31", "symbol": "PTC", "reportedCurrency": "USD", "cik": "0000857005", "fillingDate": "2018-05-02", "acceptedDate": "2018-05-02 17:18:23", "calendarYear": "2018", "period": "Q2", "revenue": 307883000, "costOfRevenue": 83631000, "grossProfit": 224252000, "grossProfitRatio": 0.7283675942, "researchAndDevelopmentExpenses": 62194000, "generalAndAdministrativeExpenses": 33353000, "sellingAndMarketingExpenses": 98330000, "sellingGeneralAndAdministrativeExpenses": 131683000, "otherExpenses": -10820000, "operatingExpenses": 201772000, "costAndExpenses": 285403000, "interestIncome": 440800, "interestExpense": 10820000, "depreciationAndAmortization": 21681000, "ebitda": 44291000, "ebitdaratio": 0.1438565949, "operatingIncome": 22366000, "operatingIncomeRatio": 0.0726444786, "totalOtherIncomeExpensesNet": -10664000, "incomeBeforeTax": 11546000, "incomeBeforeTaxRatio": 0.0375012586, "incomeTaxExpense": 3624000, "netIncome": 7922000, "netIncomeRatio": 0.0257305535, "eps": 0.0682, "epsdiluted": 0.0672, "weightedAverageShsOut": 116241000, "weightedAverageShsOutDil": 117905000, "link": "https://www.sec.gov/Archives/edgar/data/857005/000085700518000008/0000857005-18-000008-index.htm", "finalLink": "https://www.sec.gov/Archives/edgar/data/857005/000085700518000008/ptc03312018q2.htm"}, {"date": "2017-12-30", "symbol": "PTC", "reportedCurrency": "USD", "cik": "0000857005", "fillingDate": "2018-02-06", "acceptedDate": "2018-02-06 16:20:27", "calendarYear": "2018", "period": "Q1", "revenue": 306644000, "costOfRevenue": 82958000, "grossProfit": 223686000, "grossProfitRatio": 0.7294647865, "researchAndDevelopmentExpenses": 63969000, "generalAndAdministrativeExpenses": 35004000, "sellingAndMarketingExpenses": 99315000, "sellingGeneralAndAdministrativeExpenses": 134319000, "otherExpenses": -11001000, "operatingExpenses": 206109000, "costAndExpenses": 289067000, "interestIncome": 700, "interestExpense": 10048500, "depreciationAndAmortization": 21046000, "ebitda": 37564000, "ebitdaratio": 0.1225003587, "operatingIncome": 17472000, "operatingIncomeRatio": 0.0569781245, "totalOtherIncomeExpensesNet": -10845000, "incomeBeforeTax": 6471000, "incomeBeforeTaxRatio": 0.0211026467, "incomeTaxExpense": -7406000, "netIncome": 13877000, "netIncomeRatio": 0.0452544318, "eps": 0.12, "epsdiluted": 0.12, "weightedAverageShsOut": 115731358, "weightedAverageShsOutDil": 117656000, "link": "https://www.sec.gov/Archives/edgar/data/857005/000085700518000004/0000857005-18-000004-index.htm", "finalLink": "https://www.sec.gov/Archives/edgar/data/857005/000085700518000004/ptc12302017q1.htm"}, {"date": "2017-09-30", "symbol": "PTC", "reportedCurrency": "USD", "cik": "0000857005", "fillingDate": "2017-11-29", "acceptedDate": "2017-11-29 17:18:44", "calendarYear": "2017", "period": "Q4", "revenue": 306379000, "costOfRevenue": 82805000, "grossProfit": 223574000, "grossProfitRatio": 0.7297301708, "researchAndDevelopmentExpenses": 60585000, "generalAndAdministrativeExpenses": 36278000, "sellingAndMarketingExpenses": 101378000, "sellingGeneralAndAdministrativeExpenses": 137656000, "otherExpenses": -12114000, "operatingExpenses": 206363000, "costAndExpenses": 289168000, "interestIncome": 1200000, "interestExpense": 10161000, "depreciationAndAmortization": 22555000, "ebitda": 38171000, "ebitdaratio": 0.1245875207, "operatingIncome": 17569000, "operatingIncomeRatio": 0.0573440086, "totalOtherIncomeExpensesNet": -12114000, "incomeBeforeTax": 5455000, "incomeBeforeTaxRatio": 0.0178047451, "incomeTaxExpense": -11980000, "netIncome": 17435000, "netIncomeRatio": 0.0569066418, "eps": 0.15, "epsdiluted": 0.15, "weightedAverageShsOut": 117380000, "weightedAverageShsOutDil": 117380000, "link": "https://www.sec.gov/Archives/edgar/data/857005/000085700517000021/0000857005-17-000021-index.htm", "finalLink": "https://www.sec.gov/Archives/edgar/data/857005/000085700517000021/ptc9-30x1710xk.htm"}, {"date": "2017-07-01", "symbol": "PTC", "reportedCurrency": "USD", "cik": "0000857005", "fillingDate": "2017-08-08", "acceptedDate": "2017-08-08 16:44:55", "calendarYear": "2017", "period": "Q3", "revenue": 291293000, "costOfRevenue": 82268000, "grossProfit": 209025000, "grossProfitRatio": 0.7175764608, "researchAndDevelopmentExpenses": 59850000, "generalAndAdministrativeExpenses": 35294000, "sellingAndMarketingExpenses": 93101000, "sellingGeneralAndAdministrativeExpenses": 128395000, "otherExpenses": -10557000, "operatingExpenses": 196218000, "costAndExpenses": 278486000, "interestIncome": 800000, "interestExpense": 10200000, "depreciationAndAmortization": 21504000, "ebitda": 34660000, "ebitdaratio": 0.1189867247, "operatingIncome": 11256000, "operatingIncomeRatio": 0.0386415053, "totalOtherIncomeExpensesNet": -10557000, "incomeBeforeTax": 699000, "incomeBeforeTaxRatio": 0.0023996457, "incomeTaxExpense": 1650000, "netIncome": -951000, "netIncomeRatio": -0.003264754, "eps": -0.0082, "epsdiluted": -0.0082, "weightedAverageShsOut": 115615000, "weightedAverageShsOutDil": 115615000, "link": "https://www.sec.gov/Archives/edgar/data/857005/000085700517000013/0000857005-17-000013-index.htm", "finalLink": "https://www.sec.gov/Archives/edgar/data/857005/000085700517000013/ptc07012017q3.htm"}, {"date": "2017-04-01", "symbol": "PTC", "reportedCurrency": "USD", "cik": "0000857005", "fillingDate": "2017-05-11", "acceptedDate": "2017-05-11 16:11:24", "calendarYear": "2017", "period": "Q2", "revenue": 280040000, "costOfRevenue": 81830000, "grossProfit": 198210000, "grossProfitRatio": 0.707791744, "researchAndDevelopmentExpenses": 57710000, "generalAndAdministrativeExpenses": 36800000, "sellingAndMarketingExpenses": 87777000, "sellingGeneralAndAdministrativeExpenses": 124577000, "otherExpenses": -8569000, "operatingExpenses": 190233000, "costAndExpenses": 272063000, "interestIncome": 3156000, "interestExpense": 11725000, "depreciationAndAmortization": 21229000, "ebitda": 29842000, "ebitdaratio": 0.1065633481, "operatingIncome": 7513000, "operatingIncomeRatio": 0.0268283102, "totalOtherIncomeExpensesNet": -8569000, "incomeBeforeTax": -1056000, "incomeBeforeTaxRatio": -0.0037708899, "incomeTaxExpense": 48000, "netIncome": -1104000, "netIncomeRatio": -0.003942294, "eps": -0.01, "epsdiluted": -0.0095, "weightedAverageShsOut": 110400000, "weightedAverageShsOutDil": 115709000, "link": "https://www.sec.gov/Archives/edgar/data/857005/000085700517000009/0000857005-17-000009-index.htm", "finalLink": "https://www.sec.gov/Archives/edgar/data/857005/000085700517000009/ptc04012017q2.htm"}, {"date": "2016-12-31", "symbol": "PTC", "reportedCurrency": "USD", "cik": "0000857005", "fillingDate": "2017-02-09", "acceptedDate": "2017-02-09 16:23:56", "calendarYear": "2017", "period": "Q1", "revenue": 286327000, "costOfRevenue": 82115000, "grossProfit": 204212000, "grossProfitRatio": 0.7132125158, "researchAndDevelopmentExpenses": 57914000, "generalAndAdministrativeExpenses": 36695000, "sellingAndMarketingExpenses": 90690000, "sellingGeneralAndAdministrativeExpenses": 127385000, "otherExpenses": -11064000, "operatingExpenses": 193366000, "costAndExpenses": 275481000, "interestIncome": 900000, "interestExpense": 10364000, "depreciationAndAmortization": 21454000, "ebitda": 26015000, "ebitdaratio": 0.0908576558, "operatingIncome": 4561000, "operatingIncomeRatio": 0.0159293395, "totalOtherIncomeExpensesNet": -11064000, "incomeBeforeTax": -6503000, "incomeBeforeTaxRatio": -0.0227117946, "incomeTaxExpense": 2638000, "netIncome": -9141000, "netIncomeRatio": -0.0319250368, "eps": -0.08, "epsdiluted": -0.0793, "weightedAverageShsOut": 114262500, "weightedAverageShsOutDil": 115290000, "link": "https://www.sec.gov/Archives/edgar/data/857005/000085700517000004/0000857005-17-000004-index.htm", "finalLink": "https://www.sec.gov/Archives/edgar/data/857005/000085700517000004/ptc12312016q1.htm"}, {"date": "2016-09-30", "symbol": "PTC", "reportedCurrency": "USD", "cik": "0000857005", "fillingDate": "2016-11-18", "acceptedDate": "2016-11-18 17:04:55", "calendarYear": "2016", "period": "Q4", "revenue": 288237000, "costOfRevenue": 82856000, "grossProfit": 205381000, "grossProfitRatio": 0.7125421094, "researchAndDevelopmentExpenses": 57934000, "generalAndAdministrativeExpenses": 37647000, "sellingAndMarketingExpenses": 102985000, "sellingGeneralAndAdministrativeExpenses": 140632000, "otherExpenses": -10298000, "operatingExpenses": 206724000, "costAndExpenses": 289580000, "interestIncome": 3197000, "interestExpense": 27932000, "depreciationAndAmortization": 21833000, "ebitda": 14421000, "ebitdaratio": 0.0500317447, "operatingIncome": -33075000, "operatingIncomeRatio": -0.1147493209, "totalOtherIncomeExpensesNet": -10298000, "incomeBeforeTax": -43373000, "incomeBeforeTaxRatio": -0.1504768645, "incomeTaxExpense": -14900000, "netIncome": -28473000, "netIncomeRatio": -0.0987832929, "eps": -0.25, "epsdiluted": -0.25, "weightedAverageShsOut": 114132591, "weightedAverageShsOutDil": 114958000, "link": "https://www.sec.gov/Archives/edgar/data/857005/000085700516000071/0000857005-16-000071-index.htm", "finalLink": "https://www.sec.gov/Archives/edgar/data/857005/000085700516000071/ptc9-30x1610xk.htm"}, {"date": "2016-07-02", "symbol": "PTC", "reportedCurrency": "USD", "cik": "0000857005", "fillingDate": "2016-08-11", "acceptedDate": "2016-08-11 17:19:25", "calendarYear": "2016", "period": "Q3", "revenue": 288652000, "costOfRevenue": 82470000, "grossProfit": 206182000, "grossProfitRatio": 0.714292643, "researchAndDevelopmentExpenses": 57118000, "generalAndAdministrativeExpenses": 35485000, "sellingAndMarketingExpenses": 94874000, "sellingGeneralAndAdministrativeExpenses": 130359000, "otherExpenses": -8300000, "operatingExpenses": 195771000, "costAndExpenses": 278241000, "interestIncome": 80000, "interestExpense": 820000, "depreciationAndAmortization": 21817000, "ebitda": 7596000, "ebitdaratio": 0.0263154248, "operatingIncome": 7596000, "operatingIncomeRatio": 0.0263154248, "totalOtherIncomeExpensesNet": -8300000, "incomeBeforeTax": -704000, "incomeBeforeTaxRatio": -0.002438923, "incomeTaxExpense": -3777000, "netIncome": 3073000, "netIncomeRatio": 0.0106460374, "eps": 0.0266, "epsdiluted": 0.0266, "weightedAverageShsOut": 114796966, "weightedAverageShsOutDil": 115698000, "link": "https://www.sec.gov/Archives/edgar/data/857005/000085700516000068/0000857005-16-000068-index.htm", "finalLink": "https://www.sec.gov/Archives/edgar/data/857005/000085700516000068/ptc07022016q3.htm"}, {"date": "2016-04-02", "symbol": "PTC", "reportedCurrency": "USD", "cik": "0000857005", "fillingDate": "2016-05-11", "acceptedDate": "2016-05-10 20:29:00", "calendarYear": "2016", "period": "Q2", "revenue": 272627000, "costOfRevenue": 80191000, "grossProfit": 192436000, "grossProfitRatio": 0.7058581872, "researchAndDevelopmentExpenses": 56610000, "generalAndAdministrativeExpenses": 33916000, "sellingAndMarketingExpenses": 87177000, "sellingGeneralAndAdministrativeExpenses": 121093000, "otherExpenses": -5327000, "operatingExpenses": 186099000, "costAndExpenses": 266290000, "interestIncome": 700000, "interestExpense": 4800000, "depreciationAndAmortization": 22291000, "ebitda": 1758000, "ebitdaratio": 0.0064483709, "operatingIncome": 1758000, "operatingIncomeRatio": 0.0064483709, "totalOtherIncomeExpensesNet": -5327000, "incomeBeforeTax": -3569000, "incomeBeforeTaxRatio": -0.0130911465, "incomeTaxExpense": 1604000, "netIncome": -5173000, "netIncomeRatio": -0.018974643, "eps": -0.0452, "epsdiluted": -0.0452, "weightedAverageShsOut": 114563000, "weightedAverageShsOutDil": 114563000, "link": "https://www.sec.gov/Archives/edgar/data/857005/000085700516000059/0000857005-16-000059-index.htm", "finalLink": "https://www.sec.gov/Archives/edgar/data/857005/000085700516000059/ptc04022016q2.htm"}, {"date": "2016-01-02", "symbol": "PTC", "reportedCurrency": "USD", "cik": "0000857005", "fillingDate": "2016-02-10", "acceptedDate": "2016-02-09 17:55:07", "calendarYear": "2016", "period": "Q1", "revenue": 291017000, "costOfRevenue": 80147000, "grossProfit": 210870000, "grossProfitRatio": 0.7245968449, "researchAndDevelopmentExpenses": 57669000, "generalAndAdministrativeExpenses": 40167000, "sellingAndMarketingExpenses": 82429000, "sellingGeneralAndAdministrativeExpenses": 122596000, "otherExpenses": -6253000, "operatingExpenses": 188615000, "costAndExpenses": 268762000, "interestIncome": 900000, "interestExpense": 6600000, "depreciationAndAmortization": 20613000, "ebitda": 7668000, "ebitdaratio": 0.0263489762, "operatingIncome": -14892000, "operatingIncomeRatio": -0.0511722683, "totalOtherIncomeExpensesNet": -6253000, "incomeBeforeTax": -21145000, "incomeBeforeTaxRatio": -0.0726589856, "incomeTaxExpense": 4347000, "netIncome": -25492000, "netIncomeRatio": -0.0875962573, "eps": -0.22, "epsdiluted": -0.22, "weightedAverageShsOut": 113771428, "weightedAverageShsOutDil": 114151000, "link": "https://www.sec.gov/Archives/edgar/data/857005/000085700516000050/0000857005-16-000050-index.htm", "finalLink": "https://www.sec.gov/Archives/edgar/data/857005/000085700516000050/ptc01022016q1.htm"}, {"date": "2015-09-30", "symbol": "PTC", "reportedCurrency": "USD", "cik": "0000857005", "fillingDate": "2015-11-23", "acceptedDate": "2015-11-23 17:24:04", "calendarYear": "2015", "period": "Q4", "revenue": 312568000, "costOfRevenue": 76362000, "grossProfit": 236206000, "grossProfitRatio": 0.7556947608, "researchAndDevelopmentExpenses": 52180000, "generalAndAdministrativeExpenses": 99182000, "sellingAndMarketingExpenses": 82692000, "sellingGeneralAndAdministrativeExpenses": 181874000, "otherExpenses": -4598000, "operatingExpenses": 242492000, "costAndExpenses": 318854000, "interestIncome": 897000, "interestExpense": 3842000, "depreciationAndAmortization": 20978000, "ebitda": -1389000, "ebitdaratio": -0.004443833, "operatingIncome": -7070000, "operatingIncomeRatio": -0.0226190781, "totalOtherIncomeExpensesNet": -4599000, "incomeBeforeTax": -11668000, "incomeBeforeTaxRatio": -0.0373294771, "incomeTaxExpense": -20655000, "netIncome": 8987000, "netIncomeRatio": 0.0287521435, "eps": 0.0781, "epsdiluted": 0.0781, "weightedAverageShsOut": 115025000, "weightedAverageShsOutDil": 115025000, "link": "https://www.sec.gov/Archives/edgar/data/857005/000085700515000042/0000857005-15-000042-index.htm", "finalLink": "https://www.sec.gov/Archives/edgar/data/857005/000085700515000042/ptc9-30x1510xk.htm"}, {"date": "2015-07-04", "symbol": "PTC", "reportedCurrency": "USD", "cik": "0000857005", "fillingDate": "2015-08-11", "acceptedDate": "2015-08-11 17:04:20", "calendarYear": "2015", "period": "Q3", "revenue": 303113000, "costOfRevenue": 79376000, "grossProfit": 223737000, "grossProfitRatio": 0.7381306641, "researchAndDevelopmentExpenses": 54078000, "generalAndAdministrativeExpenses": 48100000, "sellingAndMarketingExpenses": 86454000, "sellingGeneralAndAdministrativeExpenses": 134554000, "otherExpenses": -3668000, "operatingExpenses": 197737000, "costAndExpenses": 277113000, "interestIncome": 800000, "interestExpense": 3600000, "depreciationAndAmortization": 21250000, "ebitda": 39549000, "ebitdaratio": 0.1304760931, "operatingIncome": 21607000, "operatingIncomeRatio": 0.0712836467, "totalOtherIncomeExpensesNet": -3668000, "incomeBeforeTax": 17939000, "incomeBeforeTaxRatio": 0.0591825491, "incomeTaxExpense": 504000, "netIncome": 17435000, "netIncomeRatio": 0.0575198028, "eps": 0.15, "epsdiluted": 0.15, "weightedAverageShsOut": 116025000, "weightedAverageShsOutDil": 116025000, "link": "https://www.sec.gov/Archives/edgar/data/857005/000085700515000028/0000857005-15-000028-index.htm", "finalLink": "https://www.sec.gov/Archives/edgar/data/857005/000085700515000028/ptc07042015-q3.htm"}, {"date": "2015-04-04", "symbol": "PTC", "reportedCurrency": "USD", "cik": "0000857005", "fillingDate": "2015-05-11", "acceptedDate": "2015-05-11 17:12:42", "calendarYear": "2015", "period": "Q2", "revenue": 314119000, "costOfRevenue": 86054000, "grossProfit": 228065000, "grossProfitRatio": 0.7260464983, "researchAndDevelopmentExpenses": 60158000, "generalAndAdministrativeExpenses": 34235000, "sellingAndMarketingExpenses": 82024000, "sellingGeneralAndAdministrativeExpenses": 116259000, "otherExpenses": -3601000, "operatingExpenses": 185590000, "costAndExpenses": 271644000, "interestIncome": 900000, "interestExpense": 3500000, "depreciationAndAmortization": 20968000, "ebitda": 24855000, "ebitdaratio": 0.0791260637, "operatingIncome": 3988000, "operatingIncomeRatio": 0.0126958255, "totalOtherIncomeExpensesNet": -3601000, "incomeBeforeTax": 387000, "incomeBeforeTaxRatio": 0.0012320172, "incomeTaxExpense": -5005000, "netIncome": 5392000, "netIncomeRatio": 0.0171654691, "eps": 0.0465, "epsdiluted": 0.0465, "weightedAverageShsOut": 114945959, "weightedAverageShsOutDil": 115922000, "link": "https://www.sec.gov/Archives/edgar/data/857005/000085700515000021/0000857005-15-000021-index.htm", "finalLink": "https://www.sec.gov/Archives/edgar/data/857005/000085700515000021/ptc04042015-q2.htm"}, {"date": "2015-01-03", "symbol": "PTC", "reportedCurrency": "USD", "cik": "0000857005", "fillingDate": "2015-02-10", "acceptedDate": "2015-02-10 17:11:20", "calendarYear": "2015", "period": "Q1", "revenue": 325442000, "costOfRevenue": 92942000, "grossProfit": 232500000, "grossProfitRatio": 0.7144130137, "researchAndDevelopmentExpenses": 61097000, "generalAndAdministrativeExpenses": 37007000, "sellingAndMarketingExpenses": 87607000, "sellingGeneralAndAdministrativeExpenses": 124614000, "otherExpenses": -3224000, "operatingExpenses": 195124000, "costAndExpenses": 288066000, "interestIncome": 1200000, "interestExpense": 3800000, "depreciationAndAmortization": 21237000, "ebitda": 59444000, "ebitdaratio": 0.1826562029, "operatingIncome": 37631000, "operatingIncomeRatio": 0.1156304349, "totalOtherIncomeExpensesNet": -3224000, "incomeBeforeTax": 34407000, "incomeBeforeTaxRatio": 0.1057239078, "incomeTaxExpense": 4123000, "netIncome": 30284000, "netIncomeRatio": 0.0930549837, "eps": 0.26, "epsdiluted": 0.26, "weightedAverageShsOut": 116476923, "weightedAverageShsOutDil": 117027000, "link": "https://www.sec.gov/Archives/edgar/data/857005/000085700515000007/0000857005-15-000007-index.htm", "finalLink": "https://www.sec.gov/Archives/edgar/data/857005/000085700515000007/ptc01032015-q1.htm"}, {"date": "2014-09-30", "symbol": "PTC", "reportedCurrency": "USD", "cik": "0000857005", "fillingDate": "2014-11-26", "acceptedDate": "2014-11-26 17:17:59", "calendarYear": "2014", "period": "Q4", "revenue": 366708000, "costOfRevenue": 95854000, "grossProfit": 270854000, "grossProfitRatio": 0.7386094658, "researchAndDevelopmentExpenses": 60387000, "generalAndAdministrativeExpenses": 43344000, "sellingAndMarketingExpenses": 95835000, "sellingGeneralAndAdministrativeExpenses": 139179000, "otherExpenses": -3740000, "operatingExpenses": 207921000, "costAndExpenses": 303775000, "interestIncome": 817000, "interestExpense": 2755000, "depreciationAndAmortization": 20008000, "ebitda": 55131000, "ebitdaratio": 0.1503403253, "operatingIncome": 36108000, "operatingIncomeRatio": 0.0984652639, "totalOtherIncomeExpensesNet": -3740000, "incomeBeforeTax": 32368000, "incomeBeforeTaxRatio": 0.0882664136, "incomeTaxExpense": -6387000, "netIncome": 38755000, "netIncomeRatio": 0.1056835411, "eps": 0.33, "epsdiluted": 0.33, "weightedAverageShsOut": 117532707, "weightedAverageShsOutDil": 118275000, "link": "https://www.sec.gov/Archives/edgar/data/857005/000085700514000032/0000857005-14-000032-index.htm", "finalLink": "https://www.sec.gov/Archives/edgar/data/857005/000085700514000032/ptc9-30x1410xk.htm"}, {"date": "2014-06-28", "symbol": "PTC", "reportedCurrency": "USD", "cik": "0000857005", "fillingDate": "2014-08-05", "acceptedDate": "2014-08-05 16:38:23", "calendarYear": "2014", "period": "Q3", "revenue": 336634000, "costOfRevenue": 91076000, "grossProfit": 245558000, "grossProfitRatio": 0.7294509764, "researchAndDevelopmentExpenses": 57405000, "generalAndAdministrativeExpenses": 33817000, "sellingAndMarketingExpenses": 91440000, "sellingGeneralAndAdministrativeExpenses": 125257000, "otherExpenses": -2278000, "operatingExpenses": 190660000, "costAndExpenses": 281736000, "interestIncome": 700000, "interestExpense": 2000000, "depreciationAndAmortization": 19026000, "ebitda": 73132000, "ebitdaratio": 0.2172448416, "operatingIncome": 54384000, "operatingIncomeRatio": 0.161552309, "totalOtherIncomeExpensesNet": -2278000, "incomeBeforeTax": 52106000, "incomeBeforeTaxRatio": 0.1547853158, "incomeTaxExpense": 14080000, "netIncome": 38026000, "netIncomeRatio": 0.1129594753, "eps": 0.32, "epsdiluted": 0.32, "weightedAverageShsOut": 118831250, "weightedAverageShsOutDil": 119901000, "link": "https://www.sec.gov/Archives/edgar/data/857005/000085700514000018/0000857005-14-000018-index.htm", "finalLink": "https://www.sec.gov/Archives/edgar/data/857005/000085700514000018/ptc06282014-q3.htm"}, {"date": "2014-03-29", "symbol": "PTC", "reportedCurrency": "USD", "cik": "0000857005", "fillingDate": "2014-05-06", "acceptedDate": "2014-05-06 16:57:47", "calendarYear": "2014", "period": "Q2", "revenue": 328700000, "costOfRevenue": 93797000, "grossProfit": 234903000, "grossProfitRatio": 0.7146425312, "researchAndDevelopmentExpenses": 55631000, "generalAndAdministrativeExpenses": 34140000, "sellingAndMarketingExpenses": 85934000, "sellingGeneralAndAdministrativeExpenses": 120074000, "otherExpenses": -2692000, "operatingExpenses": 183690000, "costAndExpenses": 277487000, "interestIncome": 800000, "interestExpense": 2100000, "depreciationAndAmortization": 19173000, "ebitda": 69794000, "ebitdaratio": 0.2123334347, "operatingIncome": 51213000, "operatingIncomeRatio": 0.1558046851, "totalOtherIncomeExpensesNet": -2692000, "incomeBeforeTax": 48521000, "incomeBeforeTaxRatio": 0.1476148464, "incomeTaxExpense": 4765000, "netIncome": 43756000, "netIncomeRatio": 0.133118345, "eps": 0.36, "epsdiluted": 0.36, "weightedAverageShsOut": 120698000, "weightedAverageShsOutDil": 120698000, "link": "https://www.sec.gov/Archives/edgar/data/857005/000085700514000010/0000857005-14-000010-index.htm", "finalLink": "https://www.sec.gov/Archives/edgar/data/857005/000085700514000010/ptc03292014-q2.htm"}, {"date": "2013-12-28", "symbol": "PTC", "reportedCurrency": "USD", "cik": "0000857005", "fillingDate": "2014-02-04", "acceptedDate": "2014-02-04 16:46:56", "calendarYear": "2014", "period": "Q1", "revenue": 324925000, "costOfRevenue": 92956000, "grossProfit": 231969000, "grossProfitRatio": 0.713915519, "researchAndDevelopmentExpenses": 53073000, "generalAndAdministrativeExpenses": 30931000, "sellingAndMarketingExpenses": 84238000, "sellingGeneralAndAdministrativeExpenses": 115169000, "otherExpenses": -1753000, "operatingExpenses": 176031000, "costAndExpenses": 268987000, "interestIncome": 700000, "interestExpense": 1300000, "depreciationAndAmortization": 19100000, "ebitda": 73518000, "ebitdaratio": 0.2262614449, "operatingIncome": 54871000, "operatingIncomeRatio": 0.1688728168, "totalOtherIncomeExpensesNet": -1753000, "incomeBeforeTax": 53118000, "incomeBeforeTaxRatio": 0.1634777256, "incomeTaxExpense": 13461000, "netIncome": 39657000, "netIncomeRatio": 0.1220497038, "eps": 0.33, "epsdiluted": 0.33, "weightedAverageShsOut": 120172727, "weightedAverageShsOutDil": 121100000, "link": "https://www.sec.gov/Archives/edgar/data/857005/000085700514000004/0000857005-14-000004-index.htm", "finalLink": "https://www.sec.gov/Archives/edgar/data/857005/000085700514000004/ptc12282013-q1.htm"}, {"date": "2013-09-30", "symbol": "PTC", "reportedCurrency": "USD", "cik": "0000857005", "fillingDate": "2013-11-22", "acceptedDate": "2013-11-22 16:51:32", "calendarYear": "2013", "period": "Q4", "revenue": 344845000, "costOfRevenue": 91529000, "grossProfit": 253316000, "grossProfitRatio": 0.7345793037, "researchAndDevelopmentExpenses": 55127000, "generalAndAdministrativeExpenses": 33910000, "sellingAndMarketingExpenses": 90734000, "sellingGeneralAndAdministrativeExpenses": 124644000, "otherExpenses": -599000, "operatingExpenses": 186462000, "costAndExpenses": 277991000, "interestIncome": 662000, "interestExpense": 1476000, "depreciationAndAmortization": 19119000, "ebitda": 69002000, "ebitdaratio": 0.2000956952, "operatingIncome": 49006000, "operatingIncomeRatio": 0.1421102234, "totalOtherIncomeExpensesNet": -599000, "incomeBeforeTax": 48407000, "incomeBeforeTaxRatio": 0.1403732112, "incomeTaxExpense": -8059000, "netIncome": 56466000, "netIncomeRatio": 0.163743131, "eps": 0.47, "epsdiluted": 0.47, "weightedAverageShsOut": 120158321, "weightedAverageShsOutDil": 121267000, "link": "https://www.sec.gov/Archives/edgar/data/857005/000085700513000038/0000857005-13-000038-index.htm", "finalLink": "https://www.sec.gov/Archives/edgar/data/857005/000085700513000038/ptc9-30x1310xk.htm"}, {"date": "2013-06-29", "symbol": "PTC", "reportedCurrency": "USD", "cik": "0000857005", "fillingDate": "2013-08-07", "acceptedDate": "2013-08-07 16:15:18", "calendarYear": "2013", "period": "Q3", "revenue": 314996000, "costOfRevenue": 91168000, "grossProfit": 223828000, "grossProfitRatio": 0.7105741025, "researchAndDevelopmentExpenses": 53834000, "generalAndAdministrativeExpenses": 28812000, "sellingAndMarketingExpenses": 88298000, "sellingGeneralAndAdministrativeExpenses": 117110000, "otherExpenses": 3181000, "operatingExpenses": 177476000, "costAndExpenses": 268644000, "interestIncome": 700000, "interestExpense": 1700000, "depreciationAndAmortization": 18568000, "ebitda": 66664000, "ebitdaratio": 0.2116344335, "operatingIncome": 43215000, "operatingIncomeRatio": 0.1371922183, "totalOtherIncomeExpensesNet": 3181000, "incomeBeforeTax": 46396000, "incomeBeforeTaxRatio": 0.1472907592, "incomeTaxExpense": 11941000, "netIncome": 34455000, "netIncomeRatio": 0.1093823414, "eps": 0.29, "epsdiluted": 0.29, "weightedAverageShsOut": 119440082, "weightedAverageShsOutDil": 120828000, "link": "https://www.sec.gov/Archives/edgar/data/857005/000085700513000026/0000857005-13-000026-index.htm", "finalLink": "https://www.sec.gov/Archives/edgar/data/857005/000085700513000026/ptc06292013-q3.htm"}, {"date": "2013-03-30", "symbol": "PTC", "reportedCurrency": "USD", "cik": "0000857005", "fillingDate": "2013-05-08", "acceptedDate": "2013-05-08 16:08:30", "calendarYear": "2013", "period": "Q2", "revenue": 313949000, "costOfRevenue": 93270000, "grossProfit": 220679000, "grossProfitRatio": 0.7029135305, "researchAndDevelopmentExpenses": 55528000, "generalAndAdministrativeExpenses": 33398000, "sellingAndMarketingExpenses": 88059000, "sellingGeneralAndAdministrativeExpenses": 121457000, "otherExpenses": -1867000, "operatingExpenses": 183625000, "costAndExpenses": 276895000, "interestIncome": 700000, "interestExpense": 1900000, "depreciationAndAmortization": 19387000, "ebitda": 40664000, "ebitdaratio": 0.1295242221, "operatingIncome": 21244000, "operatingIncomeRatio": 0.0676670415, "totalOtherIncomeExpensesNet": -1867000, "incomeBeforeTax": 19377000, "incomeBeforeTaxRatio": 0.0617202157, "incomeTaxExpense": 2340000, "netIncome": 17037000, "netIncomeRatio": 0.0542667758, "eps": 0.14, "epsdiluted": 0.14, "weightedAverageShsOut": 121071000, "weightedAverageShsOutDil": 121071000, "link": "https://www.sec.gov/Archives/edgar/data/857005/000085700513000018/0000857005-13-000018-index.htm", "finalLink": "https://www.sec.gov/Archives/edgar/data/857005/000085700513000018/ptc03302013-q2.htm"}, {"date": "2012-12-29", "symbol": "PTC", "reportedCurrency": "USD", "cik": "0000857005", "fillingDate": "2013-02-06", "acceptedDate": "2013-02-06 16:45:44", "calendarYear": "2013", "period": "Q1", "revenue": 319751000, "costOfRevenue": 97072000, "grossProfit": 222679000, "grossProfitRatio": 0.696413772, "researchAndDevelopmentExpenses": 57429000, "generalAndAdministrativeExpenses": 35817000, "sellingAndMarketingExpenses": 93549000, "sellingGeneralAndAdministrativeExpenses": 129366000, "otherExpenses": -1805000, "operatingExpenses": 193418000, "costAndExpenses": 290490000, "interestIncome": 800000, "interestExpense": 1900000, "depreciationAndAmortization": 19477000, "ebitda": 33431000, "ebitdaratio": 0.1045532305, "operatingIncome": 13859000, "operatingIncomeRatio": 0.0433431014, "totalOtherIncomeExpensesNet": -1805000, "incomeBeforeTax": 12054000, "incomeBeforeTaxRatio": 0.0376980838, "incomeTaxExpense": -23757000, "netIncome": 35811000, "netIncomeRatio": 0.1119965223, "eps": 0.3, "epsdiluted": 0.29, "weightedAverageShsOut": 119927000, "weightedAverageShsOutDil": 121805000, "link": "https://www.sec.gov/Archives/edgar/data/857005/000085700513000009/0000857005-13-000009-index.htm", "finalLink": "https://www.sec.gov/Archives/edgar/data/857005/000085700513000009/ptc-12292012xq1.htm"}, {"date": "2012-09-30", "symbol": "PTC", "reportedCurrency": "USD", "cik": "0000857005", "fillingDate": "2012-11-16", "acceptedDate": "2012-11-16 17:29:10", "calendarYear": "2012", "period": "Q4", "revenue": 325295000, "costOfRevenue": 87839000, "grossProfit": 237456000, "grossProfitRatio": 0.7299712569, "researchAndDevelopmentExpenses": 52131000, "generalAndAdministrativeExpenses": 28511000, "sellingAndMarketingExpenses": 94350000, "sellingGeneralAndAdministrativeExpenses": 122861000, "otherExpenses": 4859000, "operatingExpenses": 179851000, "costAndExpenses": 267690000, "interestIncome": 620000, "interestExpense": 1346000, "depreciationAndAmortization": 16319000, "ebitda": 73824000, "ebitdaratio": 0.2269447732, "operatingIncome": 57605000, "operatingIncomeRatio": 0.1770854148, "totalOtherIncomeExpensesNet": -1446000, "incomeBeforeTax": 56159000, "incomeBeforeTaxRatio": 0.1726402189, "incomeTaxExpense": 140144000, "netIncome": -83985000, "netIncomeRatio": -0.2581810357, "eps": -0.71, "epsdiluted": -0.71, "weightedAverageShsOut": 118705000, "weightedAverageShsOutDil": 118705000, "link": "https://www.sec.gov/Archives/edgar/data/857005/000085700512000031/0000857005-12-000031-index.htm", "finalLink": "https://www.sec.gov/Archives/edgar/data/857005/000085700512000031/ptc9-30x1210xk.htm"}, {"date": "2012-06-30", "symbol": "PTC", "reportedCurrency": "USD", "cik": "0000857005", "fillingDate": "2012-07-30", "acceptedDate": "2012-07-30 17:02:59", "calendarYear": "2012", "period": "Q3", "revenue": 310983000, "costOfRevenue": 92854000, "grossProfit": 218129000, "grossProfitRatio": 0.7014177624, "researchAndDevelopmentExpenses": 53260000, "generalAndAdministrativeExpenses": 29851000, "sellingAndMarketingExpenses": 94706000, "sellingGeneralAndAdministrativeExpenses": 124557000, "otherExpenses": 5103000, "operatingExpenses": 182920000, "costAndExpenses": 275774000, "interestIncome": 700000, "interestExpense": 1000000, "depreciationAndAmortization": 16867000, "ebitda": 48646000, "ebitdaratio": 0.1564265571, "operatingIncome": 31083000, "operatingIncomeRatio": 0.0999508012, "totalOtherIncomeExpensesNet": -304000, "incomeBeforeTax": 30779000, "incomeBeforeTaxRatio": 0.0989732558, "incomeTaxExpense": 7884000, "netIncome": 22895000, "netIncomeRatio": 0.0736213877, "eps": 0.19, "epsdiluted": 0.19, "weightedAverageShsOut": 119042000, "weightedAverageShsOutDil": 120728000, "link": "https://www.sec.gov/Archives/edgar/data/857005/000085700512000019/0000857005-12-000019-index.htm", "finalLink": "https://www.sec.gov/Archives/edgar/data/857005/000085700512000019/pmtc-6302012xq3.htm"}, {"date": "2012-03-31", "symbol": "PTC", "reportedCurrency": "USD", "cik": "0000857005", "fillingDate": "2012-05-09", "acceptedDate": "2012-05-09 08:28:18", "calendarYear": "2012", "period": "Q2", "revenue": 301125000, "costOfRevenue": 93216000, "grossProfit": 207909000, "grossProfitRatio": 0.6904408468, "researchAndDevelopmentExpenses": 54576000, "generalAndAdministrativeExpenses": 29534000, "sellingAndMarketingExpenses": 90962000, "sellingGeneralAndAdministrativeExpenses": 120496000, "otherExpenses": 5132000, "operatingExpenses": 180204000, "costAndExpenses": 273420000, "interestIncome": 700000, "interestExpense": 1200000, "depreciationAndAmortization": 16259000, "ebitda": 21395000, "ebitdaratio": 0.0710502283, "operatingIncome": 6903000, "operatingIncomeRatio": 0.0229240349, "totalOtherIncomeExpensesNet": -2967000, "incomeBeforeTax": 3936000, "incomeBeforeTaxRatio": 0.0130709838, "incomeTaxExpense": 367000, "netIncome": 3569000, "netIncomeRatio": 0.0118522208, "eps": 0.03, "epsdiluted": 0.0294, "weightedAverageShsOut": 119003000, "weightedAverageShsOutDil": 121401000, "link": "https://www.sec.gov/Archives/edgar/data/857005/000085700512000014/0000857005-12-000014-index.htm", "finalLink": "https://www.sec.gov/Archives/edgar/data/857005/000085700512000014/pmtc-3312012xq2.htm"}, {"date": "2011-12-31", "symbol": "PTC", "reportedCurrency": "USD", "cik": "0000857005", "fillingDate": "2012-02-08", "acceptedDate": "2012-02-08 16:09:12", "calendarYear": "2012", "period": "Q1", "revenue": 318276000, "costOfRevenue": 98219000, "grossProfit": 220057000, "grossProfitRatio": 0.691403059, "researchAndDevelopmentExpenses": 54993000, "generalAndAdministrativeExpenses": 29572000, "sellingAndMarketingExpenses": 97778000, "sellingGeneralAndAdministrativeExpenses": 127350000, "otherExpenses": 5209000, "operatingExpenses": 187552000, "costAndExpenses": 285771000, "interestIncome": 800000, "interestExpense": 1200000, "depreciationAndAmortization": 17026000, "ebitda": 48088000, "ebitdaratio": 0.1510889919, "operatingIncome": 32505000, "operatingIncomeRatio": 0.1021283414, "totalOtherIncomeExpensesNet": -2643000, "incomeBeforeTax": 29862000, "incomeBeforeTaxRatio": 0.093824228, "incomeTaxExpense": 7739000, "netIncome": 22123000, "netIncomeRatio": 0.069508854, "eps": 0.19, "epsdiluted": 0.18, "weightedAverageShsOut": 117715000, "weightedAverageShsOutDil": 120576000, "link": "https://www.sec.gov/Archives/edgar/data/857005/000085700512000005/0000857005-12-000005-index.htm", "finalLink": "https://www.sec.gov/Archives/edgar/data/857005/000085700512000005/pmtc-12312011xq1.htm"}, {"date": "2011-09-30", "symbol": "PTC", "reportedCurrency": "USD", "cik": "0000857005", "fillingDate": "2011-11-23", "acceptedDate": "2011-11-22 17:58:43", "calendarYear": "2011", "period": "Q4", "revenue": 339425000, "costOfRevenue": 98527000, "grossProfit": 240898000, "grossProfitRatio": 0.7097237976, "researchAndDevelopmentExpenses": 55730000, "generalAndAdministrativeExpenses": 30213000, "sellingAndMarketingExpenses": 98261000, "sellingGeneralAndAdministrativeExpenses": 128474000, "otherExpenses": 5446000, "operatingExpenses": 189650000, "costAndExpenses": 288177000, "interestIncome": 1144000, "interestExpense": 2010000, "depreciationAndAmortization": 17847000, "ebitda": 67518000, "ebitdaratio": 0.1989187597, "operatingIncome": 51248000, "operatingIncomeRatio": 0.1509847536, "totalOtherIncomeExpensesNet": -3587000, "incomeBeforeTax": 47661000, "incomeBeforeTaxRatio": 0.1404168815, "incomeTaxExpense": 10040000, "netIncome": 37621000, "netIncomeRatio": 0.1108374457, "eps": 0.32, "epsdiluted": 0.31, "weightedAverageShsOut": 117579000, "weightedAverageShsOutDil": 120974000, "link": "https://www.sec.gov/Archives/edgar/data/857005/000119312511320097/0001193125-11-320097-index.htm", "finalLink": "https://www.sec.gov/Archives/edgar/data/857005/000119312511320097/d230140d10k.htm"}, {"date": "2011-07-02", "symbol": "PTC", "reportedCurrency": "USD", "cik": "0000857005", "fillingDate": "2011-08-10", "acceptedDate": "2011-08-10 17:15:02", "calendarYear": "2011", "period": "Q3", "revenue": 291783000, "costOfRevenue": 90409000, "grossProfit": 201374000, "grossProfitRatio": 0.6901498717, "researchAndDevelopmentExpenses": 51103000, "generalAndAdministrativeExpenses": 31882000, "sellingAndMarketingExpenses": 89106000, "sellingGeneralAndAdministrativeExpenses": 120988000, "otherExpenses": 4753000, "operatingExpenses": 176844000, "costAndExpenses": 267253000, "interestIncome": 1000000, "interestExpense": 800000, "depreciationAndAmortization": 15827000, "ebitda": 34886000, "ebitdaratio": 0.1195614549, "operatingIncome": 24530000, "operatingIncomeRatio": 0.0840693255, "totalOtherIncomeExpensesNet": -6271000, "incomeBeforeTax": 18259000, "incomeBeforeTaxRatio": 0.0625773263, "incomeTaxExpense": 2733000, "netIncome": 15526000, "netIncomeRatio": 0.0532107765, "eps": 0.13, "epsdiluted": 0.13, "weightedAverageShsOut": 118214000, "weightedAverageShsOutDil": 121164000, "link": "https://www.sec.gov/Archives/edgar/data/857005/000119312511218270/0001193125-11-218270-index.htm", "finalLink": "https://www.sec.gov/Archives/edgar/data/857005/000119312511218270/d10q.htm"}, {"date": "2011-04-02", "symbol": "PTC", "reportedCurrency": "USD", "cik": "0000857005", "fillingDate": "2011-05-11", "acceptedDate": "2011-05-11 16:04:55", "calendarYear": "2011", "period": "Q2", "revenue": 269189000, "costOfRevenue": 81771000, "grossProfit": 187418000, "grossProfitRatio": 0.6962320154, "researchAndDevelopmentExpenses": 53051000, "generalAndAdministrativeExpenses": 24712000, "sellingAndMarketingExpenses": 81163000, "sellingGeneralAndAdministrativeExpenses": 105875000, "otherExpenses": 4266000, "operatingExpenses": 163192000, "costAndExpenses": 244963000, "interestIncome": 900000, "interestExpense": 300000, "depreciationAndAmortization": 14651000, "ebitda": 38455000, "ebitdaratio": 0.1428550201, "operatingIncome": 24226000, "operatingIncomeRatio": 0.089996248, "totalOtherIncomeExpensesNet": -822000, "incomeBeforeTax": 23404000, "incomeBeforeTaxRatio": 0.0869426314, "incomeTaxExpense": 4387000, "netIncome": 19017000, "netIncomeRatio": 0.0706455316, "eps": 0.16, "epsdiluted": 0.16, "weightedAverageShsOut": 118194000, "weightedAverageShsOutDil": 121502000, "link": "https://www.sec.gov/Archives/edgar/data/857005/000119312511135885/0001193125-11-135885-index.htm", "finalLink": "https://www.sec.gov/Archives/edgar/data/857005/000119312511135885/d10q.htm"}, {"date": "2011-01-01", "symbol": "PTC", "reportedCurrency": "USD", "cik": "0000857005", "fillingDate": "2011-02-09", "acceptedDate": "2011-02-09 15:57:35", "calendarYear": "2011", "period": "Q1", "revenue": 266552000, "costOfRevenue": 86061000, "grossProfit": 180491000, "grossProfitRatio": 0.6771324169, "researchAndDevelopmentExpenses": 51522000, "generalAndAdministrativeExpenses": 23484000, "sellingAndMarketingExpenses": 84521000, "sellingGeneralAndAdministrativeExpenses": 108005000, "otherExpenses": 3854000, "operatingExpenses": 163381000, "costAndExpenses": 249442000, "interestIncome": 900000, "interestExpense": 300000, "depreciationAndAmortization": 14069000, "ebitda": 29593000, "ebitdaratio": 0.1110214892, "operatingIncome": 17110000, "operatingIncomeRatio": 0.0641901017, "totalOtherIncomeExpensesNet": -1886000, "incomeBeforeTax": 15224000, "incomeBeforeTaxRatio": 0.0571145593, "incomeTaxExpense": 1964000, "netIncome": 13260000, "netIncomeRatio": 0.0497463909, "eps": 0.11, "epsdiluted": 0.11, "weightedAverageShsOut": 116827000, "weightedAverageShsOutDil": 121150000, "link": "https://www.sec.gov/Archives/edgar/data/857005/000119312511028935/0001193125-11-028935-index.htm", "finalLink": "https://www.sec.gov/Archives/edgar/data/857005/000119312511028935/d10q.htm"}, {"date": "2010-09-30", "symbol": "PTC", "reportedCurrency": "USD", "cik": "0000857005", "fillingDate": "2010-11-23", "acceptedDate": "2010-11-23 13:06:46", "calendarYear": "2010", "period": "Q4", "revenue": 268066000, "costOfRevenue": 77147000, "grossProfit": 190919000, "grossProfitRatio": 0.7122089336, "researchAndDevelopmentExpenses": 50320000, "generalAndAdministrativeExpenses": 23242000, "sellingAndMarketingExpenses": 84676000, "sellingGeneralAndAdministrativeExpenses": 107918000, "otherExpenses": 3736000, "operatingExpenses": 161974000, "costAndExpenses": 239121000, "interestIncome": 809000, "interestExpense": 326000, "depreciationAndAmortization": 14644000, "ebitda": 52725000, "ebitdaratio": 0.1966866369, "operatingIncome": 28945000, "operatingIncomeRatio": 0.10797714, "totalOtherIncomeExpensesNet": 8810000, "incomeBeforeTax": 37755000, "incomeBeforeTaxRatio": 0.1408421807, "incomeTaxExpense": 50970000, "netIncome": -13215000, "netIncomeRatio": -0.049297561, "eps": -0.11, "epsdiluted": -0.11, "weightedAverageShsOut": 115639000, "weightedAverageShsOutDil": 119925000, "link": "https://www.sec.gov/Archives/edgar/data/857005/000119312510267323/0001193125-10-267323-index.htm", "finalLink": "https://www.sec.gov/Archives/edgar/data/857005/000119312510267323/d10k.htm"}]