[{"date": "2025-06-30", "symbol": "PEGA", "reportedCurrency": "USD", "cik": "0001013857", "fillingDate": "2025-07-22", "acceptedDate": "2025-07-22 16:07:41", "calendarYear": "2025", "period": "Q2", "revenue": 384512000, "costOfRevenue": 109574000, "grossProfit": 274938000, "grossProfitRatio": 0.7150310003, "researchAndDevelopmentExpenses": 78784000, "generalAndAdministrativeExpenses": 31788000, "sellingAndMarketingExpenses": 147131000, "sellingGeneralAndAdministrativeExpenses": 178919000, "otherExpenses": 0, "operatingExpenses": 257703000, "costAndExpenses": 367277000, "interestIncome": 3248000, "interestExpense": -1000, "depreciationAndAmortization": 6159000, "ebitda": 31407000, "ebitdaratio": 0.0816801556, "operatingIncome": 17279000, "operatingIncomeRatio": 0.0449374792, "totalOtherIncomeExpensesNet": 7968000, "incomeBeforeTax": 25247000, "incomeBeforeTaxRatio": 0.0656598494, "incomeTaxExpense": -4830000, "netIncome": 30077000, "netIncomeRatio": 0.0782212259, "eps": 0.18, "epsdiluted": 0.17, "weightedAverageShsOut": 170776000, "weightedAverageShsOutDil": 182160000, "link": "https://www.sec.gov/Archives/edgar/data/1013857/000101385725000209/0001013857-25-000209-index.htm", "finalLink": "https://www.sec.gov/Archives/edgar/data/1013857/000101385725000209/q22025_ex-991.htm"}, {"date": "2025-03-31", "symbol": "PEGA", "reportedCurrency": "USD", "cik": "0001013857", "fillingDate": "2025-04-22", "acceptedDate": "2025-04-22 16:12:16", "calendarYear": "2025", "period": "Q1", "revenue": 475633000, "costOfRevenue": 102450000, "grossProfit": 373183000, "grossProfitRatio": 0.7846028345, "researchAndDevelopmentExpenses": 74286000, "generalAndAdministrativeExpenses": 33828000, "sellingAndMarketingExpenses": 138069000, "sellingGeneralAndAdministrativeExpenses": 171897000, "otherExpenses": 0, "operatingExpenses": 246183000, "costAndExpenses": 348633000, "interestIncome": 5335000, "interestExpense": 1027000, "depreciationAndAmortization": 3137000, "ebitda": 130474000, "ebitdaratio": 0.2743165424, "operatingIncome": 126989000, "operatingIncomeRatio": 0.2669894646, "totalOtherIncomeExpensesNet": -679000, "incomeBeforeTax": 126310000, "incomeBeforeTaxRatio": 0.2655618933, "incomeTaxExpense": 40888000, "netIncome": 85422000, "netIncomeRatio": 0.1795964536, "eps": 0.99, "epsdiluted": 0.91, "weightedAverageShsOut": 85902000, "weightedAverageShsOutDil": 94413000, "link": "https://www.sec.gov/Archives/edgar/data/1013857/000101385725000104/0001013857-25-000104-index.htm", "finalLink": "https://www.sec.gov/Archives/edgar/data/1013857/000101385725000104/pega-20250331.htm"}, {"date": "2024-12-31", "symbol": "PEGA", "reportedCurrency": "USD", "cik": "0001013857", "fillingDate": "2025-02-12", "acceptedDate": "2025-02-12 16:11:42", "calendarYear": "2024", "period": "Q4", "revenue": 490830000, "costOfRevenue": 102355000, "grossProfit": 388475000, "grossProfitRatio": 0.7914654768, "researchAndDevelopmentExpenses": 76379000, "generalAndAdministrativeExpenses": 28207000, "sellingAndMarketingExpenses": 139655000, "sellingGeneralAndAdministrativeExpenses": 167862000, "otherExpenses": 1245000, "operatingExpenses": 245486000, "costAndExpenses": 347841000, "interestIncome": 6944000, "interestExpense": 1788000, "depreciationAndAmortization": 22138000, "ebitda": 178094000, "ebitdaratio": 0.362842532, "operatingIncome": 142989000, "operatingIncomeRatio": 0.2913208239, "totalOtherIncomeExpensesNet": 11179000, "incomeBeforeTax": 154168000, "incomeBeforeTaxRatio": 0.3140965304, "incomeTaxExpense": 35078000, "netIncome": 119090000, "netIncomeRatio": 0.2426298311, "eps": 1.39, "epsdiluted": 1.25, "weightedAverageShsOut": 85265000, "weightedAverageShsOutDil": 95636000, "link": "https://www.sec.gov/Archives/edgar/data/1013857/000101385725000024/0001013857-25-000024-index.htm", "finalLink": "https://www.sec.gov/Archives/edgar/data/1013857/000101385725000024/pega-20241231.htm"}, {"date": "2024-09-30", "symbol": "PEGA", "reportedCurrency": "USD", "cik": "0001013857", "fillingDate": "2024-10-23", "acceptedDate": "2024-10-23 16:06:48", "calendarYear": "2024", "period": "Q3", "revenue": 325050000, "costOfRevenue": 96706000, "grossProfit": 228344000, "grossProfitRatio": 0.7024888479, "researchAndDevelopmentExpenses": 74157000, "generalAndAdministrativeExpenses": 35694000, "sellingAndMarketingExpenses": 127669000, "sellingGeneralAndAdministrativeExpenses": 163363000, "otherExpenses": 2485000, "operatingExpenses": 240005000, "costAndExpenses": 336711000, "interestIncome": 6769000, "interestExpense": 1639000, "depreciationAndAmortization": 4477000, "ebitda": -5509000, "ebitdaratio": -0.0169481618, "operatingIncome": -11661000, "operatingIncomeRatio": -0.0358744808, "totalOtherIncomeExpensesNet": 36000, "incomeBeforeTax": -11625000, "incomeBeforeTaxRatio": -0.0357637287, "incomeTaxExpense": 2765000, "netIncome": -14390000, "netIncomeRatio": -0.0442701123, "eps": -0.17, "epsdiluted": -0.17, "weightedAverageShsOut": 85625000, "weightedAverageShsOutDil": 85625000, "link": "https://www.sec.gov/Archives/edgar/data/1013857/000101385724000226/0001013857-24-000226-index.htm", "finalLink": "https://www.sec.gov/Archives/edgar/data/1013857/000101385724000226/pega-20240930.htm"}, {"date": "2024-06-30", "symbol": "PEGA", "reportedCurrency": "USD", "cik": "0001013857", "fillingDate": "2024-07-24", "acceptedDate": "2024-07-24 16:11:14", "calendarYear": "2024", "period": "Q2", "revenue": 351153000, "costOfRevenue": 97288000, "grossProfit": 253865000, "grossProfitRatio": 0.7229469775, "researchAndDevelopmentExpenses": 75425000, "generalAndAdministrativeExpenses": 25420000, "sellingAndMarketingExpenses": 139761000, "sellingGeneralAndAdministrativeExpenses": 164839000, "otherExpenses": 635000, "operatingExpenses": 240264000, "costAndExpenses": 337552000, "interestIncome": 6785000, "interestExpense": 1656000, "depreciationAndAmortization": 4558000, "ebitda": 18159000, "ebitdaratio": 0.0517125014, "operatingIncome": 13601000, "operatingIncomeRatio": 0.0387324044, "totalOtherIncomeExpensesNet": 2289000, "incomeBeforeTax": 15255000, "incomeBeforeTaxRatio": 0.0434426019, "incomeTaxExpense": 8642000, "netIncome": 6613000, "netIncomeRatio": 0.0188322469, "eps": 0.0777, "epsdiluted": 0.0747, "weightedAverageShsOut": 85157000, "weightedAverageShsOutDil": 88500000, "link": "https://www.sec.gov/Archives/edgar/data/1013857/000101385724000155/0001013857-24-000155-index.htm", "finalLink": "https://www.sec.gov/Archives/edgar/data/1013857/000101385724000155/pega-20240630.htm"}, {"date": "2024-03-31", "symbol": "PEGA", "reportedCurrency": "USD", "cik": "0001013857", "fillingDate": "2024-04-24", "acceptedDate": "2024-04-24 16:32:54", "calendarYear": "2024", "period": "Q1", "revenue": 330147000, "costOfRevenue": 94658000, "grossProfit": 235489000, "grossProfitRatio": 0.7132852941, "researchAndDevelopmentExpenses": 72113000, "generalAndAdministrativeExpenses": 23527000, "sellingAndMarketingExpenses": 127695000, "sellingGeneralAndAdministrativeExpenses": 151222000, "otherExpenses": 1684000, "operatingExpenses": 223335000, "costAndExpenses": 317993000, "interestIncome": 5281000, "interestExpense": 1752000, "depreciationAndAmortization": 4254000, "ebitda": -9156000, "ebitdaratio": -0.0277331007, "operatingIncome": -20412000, "operatingIncomeRatio": -0.0618270043, "totalOtherIncomeExpensesNet": 5250000, "incomeBeforeTax": -15162000, "incomeBeforeTaxRatio": -0.045924997, "incomeTaxExpense": -3038000, "netIncome": -12124000, "netIncomeRatio": -0.0367230355, "eps": -0.14, "epsdiluted": -0.14, "weightedAverageShsOut": 84266000, "weightedAverageShsOutDil": 84266000, "link": "https://www.sec.gov/Archives/edgar/data/1013857/000101385724000085/0001013857-24-000085-index.htm", "finalLink": "https://www.sec.gov/Archives/edgar/data/1013857/000101385724000085/pega-20240331.htm"}, {"date": "2023-12-31", "symbol": "PEGA", "reportedCurrency": "USD", "cik": "0001013857", "fillingDate": "2024-02-14", "acceptedDate": "2024-02-14 16:06:19", "calendarYear": "2023", "period": "Q4", "revenue": 474233000, "costOfRevenue": 90988000, "grossProfit": 383245000, "grossProfitRatio": 0.8081365067, "researchAndDevelopmentExpenses": 71250000, "generalAndAdministrativeExpenses": 22850000, "sellingAndMarketingExpenses": 133924000, "sellingGeneralAndAdministrativeExpenses": 156432000, "otherExpenses": 25000, "operatingExpenses": 227682000, "costAndExpenses": 318670000, "interestIncome": 3428000, "interestExpense": 1647000, "depreciationAndAmortization": 4565000, "ebitda": 160128000, "ebitdaratio": 0.3376568058, "operatingIncome": 155563000, "operatingIncomeRatio": 0.3280307359, "totalOtherIncomeExpensesNet": -364000, "incomeBeforeTax": 154902000, "incomeBeforeTaxRatio": 0.3266369063, "incomeTaxExpense": 12237000, "netIncome": 142665000, "netIncomeRatio": 0.3008331348, "eps": 1.71, "epsdiluted": 1.61, "weightedAverageShsOut": 83654000, "weightedAverageShsOutDil": 89447000, "link": "https://www.sec.gov/Archives/edgar/data/1013857/000101385724000012/0001013857-24-000012-index.htm", "finalLink": "https://www.sec.gov/Archives/edgar/data/1013857/000101385724000012/pega-20231231.htm"}, {"date": "2023-09-30", "symbol": "PEGA", "reportedCurrency": "USD", "cik": "0001013857", "fillingDate": "2023-10-25", "acceptedDate": "2023-10-25 16:11:59", "calendarYear": "2023", "period": "Q3", "revenue": 334643000, "costOfRevenue": 93763000, "grossProfit": 240880000, "grossProfitRatio": 0.7198118592, "researchAndDevelopmentExpenses": 74955000, "generalAndAdministrativeExpenses": 27321000, "sellingAndMarketingExpenses": 131598000, "sellingGeneralAndAdministrativeExpenses": 158919000, "otherExpenses": 0, "operatingExpenses": 233874000, "costAndExpenses": 327637000, "interestIncome": 2532000, "interestExpense": 1533000, "depreciationAndAmortization": 8460000, "ebitda": 6259000, "ebitdaratio": 0.0187035139, "operatingIncome": -10816000, "operatingIncomeRatio": -0.0323210107, "totalOtherIncomeExpensesNet": 7082000, "incomeBeforeTax": -3734000, "incomeBeforeTaxRatio": -0.0111581596, "incomeTaxExpense": 3545000, "netIncome": -7279000, "netIncomeRatio": -0.0217515382, "eps": -0.0873, "epsdiluted": -0.0873, "weightedAverageShsOut": 83336000, "weightedAverageShsOutDil": 83336000, "link": "https://www.sec.gov/Archives/edgar/data/1013857/000101385723000197/0001013857-23-000197-index.htm", "finalLink": "https://www.sec.gov/Archives/edgar/data/1013857/000101385723000197/pega-20230930.htm"}, {"date": "2023-06-30", "symbol": "PEGA", "reportedCurrency": "USD", "cik": "0001013857", "fillingDate": "2023-07-26", "acceptedDate": "2023-07-26 16:11:56", "calendarYear": "2023", "period": "Q2", "revenue": 298268000, "costOfRevenue": 96140000, "grossProfit": 202128000, "grossProfitRatio": 0.6776724288, "researchAndDevelopmentExpenses": 73931000, "generalAndAdministrativeExpenses": 23462000, "sellingAndMarketingExpenses": 143858000, "sellingGeneralAndAdministrativeExpenses": 167320000, "otherExpenses": 0, "operatingExpenses": 241251000, "costAndExpenses": 337391000, "interestIncome": 1814000, "interestExpense": 1778000, "depreciationAndAmortization": 8421000, "ebitda": -30004000, "ebitdaratio": -0.1005940966, "operatingIncome": -41290000, "operatingIncomeRatio": -0.1384325506, "totalOtherIncomeExpensesNet": 1087000, "incomeBeforeTax": -40203000, "incomeBeforeTaxRatio": -0.1347881771, "incomeTaxExpense": 6601000, "netIncome": -46804000, "netIncomeRatio": -0.1569192806, "eps": -0.56, "epsdiluted": -0.56, "weightedAverageShsOut": 83039000, "weightedAverageShsOutDil": 83039000, "link": "https://www.sec.gov/Archives/edgar/data/1013857/000101385723000144/0001013857-23-000144-index.htm", "finalLink": "https://www.sec.gov/Archives/edgar/data/1013857/000101385723000144/pega-20230630.htm"}, {"date": "2023-03-31", "symbol": "PEGA", "reportedCurrency": "USD", "cik": "0001013857", "fillingDate": "2023-04-26", "acceptedDate": "2023-04-26 16:12:02", "calendarYear": "2023", "period": "Q1", "revenue": 325472000, "costOfRevenue": 97934000, "grossProfit": 227538000, "grossProfitRatio": 0.6991016124, "researchAndDevelopmentExpenses": 75376000, "generalAndAdministrativeExpenses": 23110000, "sellingAndMarketingExpenses": 149797000, "sellingGeneralAndAdministrativeExpenses": 172907000, "otherExpenses": 1461000, "operatingExpenses": 249744000, "costAndExpenses": 347678000, "interestIncome": 1485000, "interestExpense": 1918000, "depreciationAndAmortization": 4724000, "ebitda": -8883000, "ebitdaratio": -0.0272926703, "operatingIncome": -22206000, "operatingIncomeRatio": -0.0682270672, "totalOtherIncomeExpensesNet": 6681000, "incomeBeforeTax": -15525000, "incomeBeforeTaxRatio": -0.0476999558, "incomeTaxExpense": 5249000, "netIncome": -20774000, "netIncomeRatio": -0.0638273031, "eps": -0.25, "epsdiluted": -0.25, "weightedAverageShsOut": 82604000, "weightedAverageShsOutDil": 82604000, "link": "https://www.sec.gov/Archives/edgar/data/1013857/000101385723000075/0001013857-23-000075-index.htm", "finalLink": "https://www.sec.gov/Archives/edgar/data/1013857/000101385723000075/pega-20230331.htm"}, {"date": "2022-12-31", "symbol": "PEGA", "reportedCurrency": "USD", "cik": "0001013857", "fillingDate": "2023-02-15", "acceptedDate": "2023-02-15 16:09:53", "calendarYear": "2022", "period": "Q4", "revenue": 396470000, "costOfRevenue": 92273000, "grossProfit": 304197000, "grossProfitRatio": 0.7672636013, "researchAndDevelopmentExpenses": 73176000, "generalAndAdministrativeExpenses": 23204000, "sellingAndMarketingExpenses": 151838000, "sellingGeneralAndAdministrativeExpenses": 175042000, "otherExpenses": 82000, "operatingExpenses": 248218000, "costAndExpenses": 340491000, "interestIncome": 607000, "interestExpense": 1910000, "depreciationAndAmortization": 10839000, "ebitda": 40908000, "ebitdaratio": 0.1031805685, "operatingIncome": 50269000, "operatingIncomeRatio": 0.1267914344, "totalOtherIncomeExpensesNet": -6077000, "incomeBeforeTax": 28159000, "incomeBeforeTaxRatio": 0.0710242894, "incomeTaxExpense": -6454000, "netIncome": 34613000, "netIncomeRatio": 0.0873029485, "eps": 0.42, "epsdiluted": 0.4, "weightedAverageShsOut": 82257000, "weightedAverageShsOutDil": 87339000, "link": "https://www.sec.gov/Archives/edgar/data/1013857/000101385723000020/0001013857-23-000020-index.htm", "finalLink": "https://www.sec.gov/Archives/edgar/data/1013857/000101385723000020/pega-20221231.htm"}, {"date": "2022-09-30", "symbol": "PEGA", "reportedCurrency": "USD", "cik": "0001013857", "fillingDate": "2022-10-26", "acceptedDate": "2022-10-26 16:14:41", "calendarYear": "2022", "period": "Q3", "revenue": 270731000, "costOfRevenue": 93050000, "grossProfit": 177681000, "grossProfitRatio": 0.6563009038, "researchAndDevelopmentExpenses": 75342000, "generalAndAdministrativeExpenses": 26043000, "sellingAndMarketingExpenses": 153517000, "sellingGeneralAndAdministrativeExpenses": 179560000, "otherExpenses": -29000, "operatingExpenses": 254902000, "costAndExpenses": 347952000, "interestIncome": 520000, "interestExpense": 1992000, "depreciationAndAmortization": 7874000, "ebitda": -72524000, "ebitdaratio": -0.2678821413, "operatingIncome": -77221000, "operatingIncomeRatio": -0.2852314659, "totalOtherIncomeExpensesNet": -4551000, "incomeBeforeTax": -81772000, "incomeBeforeTaxRatio": -0.3020415098, "incomeTaxExpense": 11748000, "netIncome": -93520000, "netIncomeRatio": -0.3454351367, "eps": -1.14, "epsdiluted": -1.14, "weightedAverageShsOut": 81996000, "weightedAverageShsOutDil": 81996000, "link": "https://www.sec.gov/Archives/edgar/data/1013857/000101385722000175/0001013857-22-000175-index.htm", "finalLink": "https://www.sec.gov/Archives/edgar/data/1013857/000101385722000175/pega-20220930.htm"}, {"date": "2022-06-30", "symbol": "PEGA", "reportedCurrency": "USD", "cik": "0001013857", "fillingDate": "2022-07-27", "acceptedDate": "2022-07-27 16:11:35", "calendarYear": "2022", "period": "Q2", "revenue": 274337000, "costOfRevenue": 95115000, "grossProfit": 179222000, "grossProfitRatio": 0.6532913898, "researchAndDevelopmentExpenses": 74341000, "generalAndAdministrativeExpenses": 32723000, "sellingAndMarketingExpenses": 157198000, "sellingGeneralAndAdministrativeExpenses": 189921000, "otherExpenses": 0, "operatingExpenses": 264262000, "costAndExpenses": 359377000, "interestIncome": 309000, "interestExpense": 1944000, "depreciationAndAmortization": 7917000, "ebitda": -90261000, "ebitdaratio": -0.3290150435, "operatingIncome": -85040000, "operatingIncomeRatio": -0.3099837062, "totalOtherIncomeExpensesNet": -15082000, "incomeBeforeTax": -100122000, "incomeBeforeTaxRatio": -0.3649598851, "incomeTaxExpense": 186174000, "netIncome": -286296000, "netIncomeRatio": -1.04359237, "eps": -3.5, "epsdiluted": -3.5, "weightedAverageShsOut": 81847000, "weightedAverageShsOutDil": 81847000, "link": "https://www.sec.gov/Archives/edgar/data/1013857/000101385722000137/0001013857-22-000137-index.htm", "finalLink": "https://www.sec.gov/Archives/edgar/data/1013857/000101385722000137/pega-20220630.htm"}, {"date": "2022-03-31", "symbol": "PEGA", "reportedCurrency": "USD", "cik": "0001013857", "fillingDate": "2022-04-28", "acceptedDate": "2022-04-28 16:24:23", "calendarYear": "2022", "period": "Q1", "revenue": 376307000, "costOfRevenue": 88197000, "grossProfit": 288110000, "grossProfitRatio": 0.7656248754, "researchAndDevelopmentExpenses": 71490000, "generalAndAdministrativeExpenses": 35764000, "sellingAndMarketingExpenses": 162236000, "sellingGeneralAndAdministrativeExpenses": 198000000, "otherExpenses": 0, "operatingExpenses": 269490000, "costAndExpenses": 357687000, "interestIncome": 207000, "interestExpense": 1946000, "depreciationAndAmortization": 8090000, "ebitda": 1974000, "ebitdaratio": 0.0052457169, "operatingIncome": 18620000, "operatingIncomeRatio": 0.049480876, "totalOtherIncomeExpensesNet": -26682000, "incomeBeforeTax": -8062000, "incomeBeforeTaxRatio": -0.0214239969, "incomeTaxExpense": -7683000, "netIncome": -379000, "netIncomeRatio": -0.0010071564, "eps": -0.0046, "epsdiluted": -0.0046, "weightedAverageShsOut": 81680000, "weightedAverageShsOutDil": 81680000, "link": "https://www.sec.gov/Archives/edgar/data/1013857/000101385722000089/0001013857-22-000089-index.htm", "finalLink": "https://www.sec.gov/Archives/edgar/data/1013857/000101385722000089/pega-20220331.htm"}, {"date": "2021-12-31", "symbol": "PEGA", "reportedCurrency": "USD", "cik": "0001013857", "fillingDate": "2022-02-16", "acceptedDate": "2022-02-16 16:13:13", "calendarYear": "2021", "period": "Q4", "revenue": 316184000, "costOfRevenue": 85163000, "grossProfit": 231021000, "grossProfitRatio": 0.73065367, "researchAndDevelopmentExpenses": 69065000, "generalAndAdministrativeExpenses": 25899000, "sellingAndMarketingExpenses": 168245000, "sellingGeneralAndAdministrativeExpenses": 194144000, "otherExpenses": -19000, "operatingExpenses": 263209000, "costAndExpenses": 348372000, "interestIncome": 149000, "interestExpense": 2209000, "depreciationAndAmortization": 41870000, "ebitda": -7754000, "ebitdaratio": -0.0245236951, "operatingIncome": -32188000, "operatingIncomeRatio": -0.1018014827, "totalOtherIncomeExpensesNet": -19645000, "incomeBeforeTax": -51833000, "incomeBeforeTaxRatio": -0.1639330263, "incomeTaxExpense": -14587000, "netIncome": -37246000, "netIncomeRatio": -0.1177984971, "eps": -0.46, "epsdiluted": -0.46, "weightedAverageShsOut": 81692000, "weightedAverageShsOutDil": 81692000, "link": "https://www.sec.gov/Archives/edgar/data/1013857/000101385722000042/0001013857-22-000042-index.htm", "finalLink": "https://www.sec.gov/Archives/edgar/data/1013857/000101385722000042/pega-20211231.htm"}, {"date": "2021-09-30", "symbol": "PEGA", "reportedCurrency": "USD", "cik": "0001013857", "fillingDate": "2021-10-27", "acceptedDate": "2021-10-27 16:12:55", "calendarYear": "2021", "period": "Q3", "revenue": 256268000, "costOfRevenue": 84222000, "grossProfit": 172046000, "grossProfitRatio": 0.671351866, "researchAndDevelopmentExpenses": 64728000, "generalAndAdministrativeExpenses": 20176000, "sellingAndMarketingExpenses": 152479000, "sellingGeneralAndAdministrativeExpenses": 172655000, "otherExpenses": 2000, "operatingExpenses": 237383000, "costAndExpenses": 321605000, "interestIncome": 166000, "interestExpense": 1908000, "depreciationAndAmortization": 8526000, "ebitda": -70860000, "ebitdaratio": -0.2765074063, "operatingIncome": -65337000, "operatingIncomeRatio": -0.2549557494, "totalOtherIncomeExpensesNet": -15957000, "incomeBeforeTax": -81294000, "incomeBeforeTaxRatio": -0.3172225951, "incomeTaxExpense": -24826000, "netIncome": -56468000, "netIncomeRatio": -0.2203474488, "eps": -0.69, "epsdiluted": -0.69, "weightedAverageShsOut": 81526000, "weightedAverageShsOutDil": 81526000, "link": "https://www.sec.gov/Archives/edgar/data/1013857/000101385721000242/0001013857-21-000242-index.htm", "finalLink": "https://www.sec.gov/Archives/edgar/data/1013857/000101385721000242/pega-20210930.htm"}, {"date": "2021-06-30", "symbol": "PEGA", "reportedCurrency": "USD", "cik": "0001013857", "fillingDate": "2021-07-28", "acceptedDate": "2021-07-28 16:11:11", "calendarYear": "2021", "period": "Q2", "revenue": 325702000, "costOfRevenue": 84531000, "grossProfit": 241171000, "grossProfitRatio": 0.7404652105, "researchAndDevelopmentExpenses": 64395000, "generalAndAdministrativeExpenses": 19161000, "sellingAndMarketingExpenses": 156423000, "sellingGeneralAndAdministrativeExpenses": 175584000, "otherExpenses": 0, "operatingExpenses": 239979000, "costAndExpenses": 324510000, "interestIncome": 236000, "interestExpense": 1959000, "depreciationAndAmortization": 8498000, "ebitda": 9690000, "ebitdaratio": 0.0297511222, "operatingIncome": 1192000, "operatingIncomeRatio": 0.0036597872, "totalOtherIncomeExpensesNet": 24183000, "incomeBeforeTax": 25375000, "incomeBeforeTaxRatio": 0.0779086404, "incomeTaxExpense": -11916000, "netIncome": 37291000, "netIncomeRatio": 0.1144942309, "eps": 0.46, "epsdiluted": 0.43, "weightedAverageShsOut": 81316000, "weightedAverageShsOutDil": 90320000, "link": "https://www.sec.gov/Archives/edgar/data/1013857/000101385721000175/0001013857-21-000175-index.htm", "finalLink": "https://www.sec.gov/Archives/edgar/data/1013857/000101385721000175/pega-20210630.htm"}, {"date": "2021-03-31", "symbol": "PEGA", "reportedCurrency": "USD", "cik": "0001013857", "fillingDate": "2021-04-28", "acceptedDate": "2021-04-28 16:09:54", "calendarYear": "2021", "period": "Q1", "revenue": 313499000, "costOfRevenue": 82447000, "grossProfit": 231052000, "grossProfitRatio": 0.7370103254, "researchAndDevelopmentExpenses": 62442000, "generalAndAdministrativeExpenses": 18270000, "sellingAndMarketingExpenses": 148739000, "sellingGeneralAndAdministrativeExpenses": 167009000, "otherExpenses": 106000, "operatingExpenses": 229451000, "costAndExpenses": 311898000, "interestIncome": 153000, "interestExpense": 1880000, "depreciationAndAmortization": 7006000, "ebitda": -15349000, "ebitdaratio": -0.0489602838, "operatingIncome": 1601000, "operatingIncomeRatio": 0.0051068743, "totalOtherIncomeExpensesNet": -25836000, "incomeBeforeTax": -24235000, "incomeBeforeTaxRatio": -0.0773048718, "incomeTaxExpense": -17618000, "netIncome": -6617000, "netIncomeRatio": -0.0211069254, "eps": -0.0817, "epsdiluted": -0.0817, "weightedAverageShsOut": 81004000, "weightedAverageShsOutDil": 81004000, "link": "https://www.sec.gov/Archives/edgar/data/1013857/000101385721000093/0001013857-21-000093-index.htm", "finalLink": "https://www.sec.gov/Archives/edgar/data/1013857/000101385721000093/pega-20210331.htm"}, {"date": "2020-12-31", "symbol": "PEGA", "reportedCurrency": "USD", "cik": "0001013857", "fillingDate": "2021-02-17", "acceptedDate": "2021-02-17 16:19:40", "calendarYear": "2020", "period": "Q4", "revenue": 298600000, "costOfRevenue": 76895000, "grossProfit": 221705000, "grossProfitRatio": 0.7424815807, "researchAndDevelopmentExpenses": 59366000, "generalAndAdministrativeExpenses": 18260000, "sellingAndMarketingExpenses": 150009000, "sellingGeneralAndAdministrativeExpenses": 168269000, "otherExpenses": -4000, "operatingExpenses": 227635000, "costAndExpenses": 304530000, "interestIncome": 131000, "interestExpense": 5565000, "depreciationAndAmortization": 5671000, "ebitda": -259000, "ebitdaratio": -0.0008673811, "operatingIncome": -5930000, "operatingIncomeRatio": -0.0198593436, "totalOtherIncomeExpensesNet": 7602000, "incomeBeforeTax": 1672000, "incomeBeforeTaxRatio": 0.0055994642, "incomeTaxExpense": -2334000, "netIncome": 4006000, "netIncomeRatio": 0.0134159411, "eps": 0.05, "epsdiluted": 0.05, "weightedAverageShsOut": 80770000, "weightedAverageShsOutDil": 86080000, "link": "https://www.sec.gov/Archives/edgar/data/1013857/000101385721000032/0001013857-21-000032-index.htm", "finalLink": "https://www.sec.gov/Archives/edgar/data/1013857/000101385721000032/pega-20201231.htm"}, {"date": "2020-09-30", "symbol": "PEGA", "reportedCurrency": "USD", "cik": "0001013857", "fillingDate": "2020-10-28", "acceptedDate": "2020-10-28 16:08:27", "calendarYear": "2020", "period": "Q3", "revenue": 225951000, "costOfRevenue": 77799000, "grossProfit": 148152000, "grossProfitRatio": 0.6556819841, "researchAndDevelopmentExpenses": 60024000, "generalAndAdministrativeExpenses": 17907000, "sellingAndMarketingExpenses": 132053000, "sellingGeneralAndAdministrativeExpenses": 149960000, "otherExpenses": 0, "operatingExpenses": 209984000, "costAndExpenses": 287783000, "interestIncome": 243000, "interestExpense": 5956000, "depreciationAndAmortization": 5543000, "ebitda": -28643000, "ebitdaratio": -0.1267664228, "operatingIncome": -61832000, "operatingIncomeRatio": -0.273652252, "totalOtherIncomeExpensesNet": 17512000, "incomeBeforeTax": -44320000, "incomeBeforeTaxRatio": -0.1961487225, "incomeTaxExpense": -25053000, "netIncome": -19267000, "netIncomeRatio": -0.0852707003, "eps": -0.24, "epsdiluted": -0.24, "weightedAverageShsOut": 80279166, "weightedAverageShsOutDil": 80537000, "link": "https://www.sec.gov/Archives/edgar/data/1013857/000101385720000039/0001013857-20-000039-index.htm", "finalLink": "https://www.sec.gov/Archives/edgar/data/1013857/000101385720000039/pega-20200930.htm"}, {"date": "2020-06-30", "symbol": "PEGA", "reportedCurrency": "USD", "cik": "0001013857", "fillingDate": "2020-07-28", "acceptedDate": "2020-07-28 16:15:40", "calendarYear": "2020", "period": "Q2", "revenue": 227375000, "costOfRevenue": 76691000, "grossProfit": 150684000, "grossProfitRatio": 0.6627113799, "researchAndDevelopmentExpenses": 58869000, "generalAndAdministrativeExpenses": 15655000, "sellingAndMarketingExpenses": 127607000, "sellingGeneralAndAdministrativeExpenses": 143262000, "otherExpenses": 0, "operatingExpenses": 202131000, "costAndExpenses": 278822000, "interestIncome": 242000, "interestExpense": 5529000, "depreciationAndAmortization": 5215000, "ebitda": -18348000, "ebitdaratio": -0.0806948873, "operatingIncome": -51447000, "operatingIncomeRatio": -0.2262649808, "totalOtherIncomeExpensesNet": 18388000, "incomeBeforeTax": -33059000, "incomeBeforeTaxRatio": -0.1453941726, "incomeTaxExpense": -12319000, "netIncome": -20740000, "netIncomeRatio": -0.0912149533, "eps": -0.26, "epsdiluted": -0.26, "weightedAverageShsOut": 79769230, "weightedAverageShsOutDil": 80224000, "link": "https://www.sec.gov/Archives/edgar/data/1013857/000101385720000023/0001013857-20-000023-index.htm", "finalLink": "https://www.sec.gov/Archives/edgar/data/1013857/000101385720000023/pega-20200630.htm"}, {"date": "2020-03-31", "symbol": "PEGA", "reportedCurrency": "USD", "cik": "0001013857", "fillingDate": "2020-04-29", "acceptedDate": "2020-04-29 16:11:23", "calendarYear": "2020", "period": "Q1", "revenue": 265591000, "costOfRevenue": 79528000, "grossProfit": 186063000, "grossProfitRatio": 0.7005621425, "researchAndDevelopmentExpenses": 58727000, "generalAndAdministrativeExpenses": 15630000, "sellingAndMarketingExpenses": 136024000, "sellingGeneralAndAdministrativeExpenses": 151654000, "otherExpenses": 1374000, "operatingExpenses": 210381000, "costAndExpenses": 289909000, "interestIncome": 607000, "interestExpense": 2306000, "depreciationAndAmortization": 4919000, "ebitda": -38105000, "ebitdaratio": -0.1434724821, "operatingIncome": -24318000, "operatingIncomeRatio": -0.0915618376, "totalOtherIncomeExpensesNet": -24864000, "incomeBeforeTax": -49182000, "incomeBeforeTaxRatio": -0.1851794677, "incomeTaxExpense": -23810000, "netIncome": -25372000, "netIncomeRatio": -0.0955303455, "eps": -0.32, "epsdiluted": -0.32, "weightedAverageShsOut": 79287500, "weightedAverageShsOutDil": 79808000, "link": "https://www.sec.gov/Archives/edgar/data/1013857/000101385720000015/0001013857-20-000015-index.htm", "finalLink": "https://www.sec.gov/Archives/edgar/data/1013857/000101385720000015/pega-20200331.htm"}, {"date": "2019-12-31", "symbol": "PEGA", "reportedCurrency": "USD", "cik": "0001013857", "fillingDate": "2020-02-12", "acceptedDate": "2020-02-12 16:21:30", "calendarYear": "2019", "period": "Q4", "revenue": 276542000, "costOfRevenue": 77607000, "grossProfit": 198935000, "grossProfitRatio": 0.7193663169, "researchAndDevelopmentExpenses": 52408000, "generalAndAdministrativeExpenses": 14877000, "sellingAndMarketingExpenses": 133395000, "sellingGeneralAndAdministrativeExpenses": 148272000, "otherExpenses": 181000, "operatingExpenses": 200680000, "costAndExpenses": 278287000, "interestIncome": 0, "interestExpense": 0, "depreciationAndAmortization": -29226000, "ebitda": -2987000, "ebitdaratio": -0.0108012526, "operatingIncome": -1745000, "operatingIncomeRatio": -0.0063100722, "totalOtherIncomeExpensesNet": 1408000, "incomeBeforeTax": -337000, "incomeBeforeTaxRatio": -0.0012186214, "incomeTaxExpense": -1255000, "netIncome": 918000, "netIncomeRatio": 0.0033195681, "eps": 0.01, "epsdiluted": 0.01, "weightedAverageShsOut": 79430000, "weightedAverageShsOutDil": 83624000, "link": "https://www.sec.gov/Archives/edgar/data/1013857/000101385720000007/0001013857-20-000007-index.htm", "finalLink": "https://www.sec.gov/Archives/edgar/data/1013857/000101385720000007/q4201910k.htm"}, {"date": "2019-09-30", "symbol": "PEGA", "reportedCurrency": "USD", "cik": "0001013857", "fillingDate": "2019-11-07", "acceptedDate": "2019-11-07 16:11:04", "calendarYear": "2019", "period": "Q3", "revenue": 216703000, "costOfRevenue": 80898000, "grossProfit": 135805000, "grossProfitRatio": 0.6266872171, "researchAndDevelopmentExpenses": 52492000, "generalAndAdministrativeExpenses": 14843000, "sellingAndMarketingExpenses": 115237000, "sellingGeneralAndAdministrativeExpenses": 130080000, "otherExpenses": 323000, "operatingExpenses": 182572000, "costAndExpenses": 263470000, "interestIncome": 556000, "interestExpense": 0, "depreciationAndAmortization": 16834000, "ebitda": -43086000, "ebitdaratio": -0.1988251201, "operatingIncome": -46767000, "operatingIncomeRatio": -0.2158115024, "totalOtherIncomeExpensesNet": -1091000, "incomeBeforeTax": -47858000, "incomeBeforeTaxRatio": -0.2208460427, "incomeTaxExpense": -17520000, "netIncome": -30338000, "netIncomeRatio": -0.1399980619, "eps": -0.38, "epsdiluted": -0.38, "weightedAverageShsOut": 79200000, "weightedAverageShsOutDil": 79200000, "link": "https://www.sec.gov/Archives/edgar/data/1013857/000101385719000033/0001013857-19-000033-index.htm", "finalLink": "https://www.sec.gov/Archives/edgar/data/1013857/000101385719000033/q3201910q.htm"}, {"date": "2019-06-30", "symbol": "PEGA", "reportedCurrency": "USD", "cik": "0001013857", "fillingDate": "2019-08-07", "acceptedDate": "2019-08-07 16:11:44", "calendarYear": "2019", "period": "Q2", "revenue": 205592000, "costOfRevenue": 77080000, "grossProfit": 128512000, "grossProfitRatio": 0.625082688, "researchAndDevelopmentExpenses": 49714000, "generalAndAdministrativeExpenses": 14174000, "sellingAndMarketingExpenses": 116962000, "sellingGeneralAndAdministrativeExpenses": 131136000, "otherExpenses": 55000, "operatingExpenses": 180850000, "costAndExpenses": 257930000, "interestIncome": 544000, "interestExpense": 0, "depreciationAndAmortization": 15014000, "ebitda": -44121000, "ebitdaratio": -0.2146046539, "operatingIncome": -52338000, "operatingIncomeRatio": -0.2545721623, "totalOtherIncomeExpensesNet": 2704000, "incomeBeforeTax": -49634000, "incomeBeforeTaxRatio": -0.2414198996, "incomeTaxExpense": -17338000, "netIncome": -32296000, "netIncomeRatio": -0.1570878244, "eps": -0.41, "epsdiluted": -0.41, "weightedAverageShsOut": 78770731, "weightedAverageShsOutDil": 78987000, "link": "https://www.sec.gov/Archives/edgar/data/1013857/000101385719000024/0001013857-19-000024-index.htm", "finalLink": "https://www.sec.gov/Archives/edgar/data/1013857/000101385719000024/q2201910q.htm"}, {"date": "2019-03-31", "symbol": "PEGA", "reportedCurrency": "USD", "cik": "0001013857", "fillingDate": "2019-05-07", "acceptedDate": "2019-05-07 16:15:49", "calendarYear": "2019", "period": "Q1", "revenue": 212546000, "costOfRevenue": 74437000, "grossProfit": 138109000, "grossProfitRatio": 0.6497840467, "researchAndDevelopmentExpenses": 50596000, "generalAndAdministrativeExpenses": 12676000, "sellingAndMarketingExpenses": 108865000, "sellingGeneralAndAdministrativeExpenses": 121541000, "otherExpenses": 0, "operatingExpenses": 172137000, "costAndExpenses": 246574000, "interestIncome": 723000, "interestExpense": 0, "depreciationAndAmortization": 18774000, "ebitda": -30262000, "ebitdaratio": -0.142378591, "operatingIncome": -34028000, "operatingIncomeRatio": -0.1600971084, "totalOtherIncomeExpensesNet": -2989000, "incomeBeforeTax": -37017000, "incomeBeforeTaxRatio": -0.1741599466, "incomeTaxExpense": -8300000, "netIncome": -28717000, "netIncomeRatio": -0.1351095763, "eps": -0.37, "epsdiluted": -0.37, "weightedAverageShsOut": 77613513, "weightedAverageShsOutDil": 78584000, "link": "https://www.sec.gov/Archives/edgar/data/1013857/000101385719000014/0001013857-19-000014-index.htm", "finalLink": "https://www.sec.gov/Archives/edgar/data/1013857/000101385719000014/q12019_10q.htm"}, {"date": "2018-12-31", "symbol": "PEGA", "reportedCurrency": "USD", "cik": "0001013857", "fillingDate": "2019-02-20", "acceptedDate": "2019-02-20 16:11:33", "calendarYear": "2018", "period": "Q4", "revenue": 256357000, "costOfRevenue": 77911000, "grossProfit": 178446000, "grossProfitRatio": 0.6960839766, "researchAndDevelopmentExpenses": 46449000, "generalAndAdministrativeExpenses": 12894000, "sellingAndMarketingExpenses": 103650000, "sellingGeneralAndAdministrativeExpenses": 116544000, "otherExpenses": 0, "operatingExpenses": 162993000, "costAndExpenses": 240904000, "interestIncome": 629000, "interestExpense": 0, "depreciationAndAmortization": 6603000, "ebitda": 22056000, "ebitdaratio": 0.0860362697, "operatingIncome": 15453000, "operatingIncomeRatio": 0.06027922, "totalOtherIncomeExpensesNet": 2492000, "incomeBeforeTax": 17945000, "incomeBeforeTaxRatio": 0.070000039, "incomeTaxExpense": 1532000, "netIncome": 16413000, "netIncomeRatio": 0.0640239978, "eps": 0.21, "epsdiluted": 0.2, "weightedAverageShsOut": 78680000, "weightedAverageShsOutDil": 82536000, "link": "https://www.sec.gov/Archives/edgar/data/1013857/000101385719000005/0001013857-19-000005-index.htm", "finalLink": "https://www.sec.gov/Archives/edgar/data/1013857/000101385719000005/q42018_10k.htm"}, {"date": "2018-09-30", "symbol": "PEGA", "reportedCurrency": "USD", "cik": "0001013857", "fillingDate": "2018-11-07", "acceptedDate": "2018-11-07 16:07:15", "calendarYear": "2018", "period": "Q3", "revenue": 203263000, "costOfRevenue": 74423000, "grossProfit": 128840000, "grossProfitRatio": 0.633858597, "researchAndDevelopmentExpenses": 46504000, "generalAndAdministrativeExpenses": 12104000, "sellingAndMarketingExpenses": 87490000, "sellingGeneralAndAdministrativeExpenses": 99594000, "otherExpenses": 0, "operatingExpenses": 146098000, "costAndExpenses": 220521000, "interestIncome": 683000, "interestExpense": 0, "depreciationAndAmortization": 6218000, "ebitda": -11439000, "ebitdaratio": -0.0562768433, "operatingIncome": -17258000, "operatingIncomeRatio": -0.0849047785, "totalOtherIncomeExpensesNet": 1082000, "incomeBeforeTax": -16176000, "incomeBeforeTaxRatio": -0.0795816258, "incomeTaxExpense": -8589000, "netIncome": -7587000, "netIncomeRatio": -0.0373260259, "eps": -0.1, "epsdiluted": -0.0964, "weightedAverageShsOut": 75870000, "weightedAverageShsOutDil": 78700000, "link": "https://www.sec.gov/Archives/edgar/data/1013857/000119312518320886/0001193125-18-320886-index.htm", "finalLink": "https://www.sec.gov/Archives/edgar/data/1013857/000119312518320886/d623714d10q.htm"}, {"date": "2018-06-30", "symbol": "PEGA", "reportedCurrency": "USD", "cik": "0001013857", "fillingDate": "2018-08-08", "acceptedDate": "2018-08-08 16:14:27", "calendarYear": "2018", "period": "Q2", "revenue": 196779000, "costOfRevenue": 73817000, "grossProfit": 122962000, "grossProfitRatio": 0.6248735892, "researchAndDevelopmentExpenses": 41972000, "generalAndAdministrativeExpenses": 10181000, "sellingAndMarketingExpenses": 93972000, "sellingGeneralAndAdministrativeExpenses": 104153000, "otherExpenses": 0, "operatingExpenses": 146125000, "costAndExpenses": 219942000, "interestIncome": 629000, "interestExpense": 0, "depreciationAndAmortization": 6329000, "ebitda": -12564000, "ebitdaratio": -0.0638482765, "operatingIncome": -23163000, "operatingIncomeRatio": -0.1177107313, "totalOtherIncomeExpensesNet": 1873000, "incomeBeforeTax": -21290000, "incomeBeforeTaxRatio": -0.1081924392, "incomeTaxExpense": -10881000, "netIncome": -10409000, "netIncomeRatio": -0.0528969046, "eps": -0.13, "epsdiluted": -0.13, "weightedAverageShsOut": 78635000, "weightedAverageShsOutDil": 78635000, "link": "https://www.sec.gov/Archives/edgar/data/1013857/000119312518242751/0001193125-18-242751-index.htm", "finalLink": "https://www.sec.gov/Archives/edgar/data/1013857/000119312518242751/d921489d10q.htm"}, {"date": "2018-03-31", "symbol": "PEGA", "reportedCurrency": "USD", "cik": "0001013857", "fillingDate": "2018-05-10", "acceptedDate": "2018-05-10 16:22:55", "calendarYear": "2018", "period": "Q1", "revenue": 235182000, "costOfRevenue": 75614000, "grossProfit": 159568000, "grossProfitRatio": 0.6784872992, "researchAndDevelopmentExpenses": 46785000, "generalAndAdministrativeExpenses": 16464000, "sellingAndMarketingExpenses": 88383000, "sellingGeneralAndAdministrativeExpenses": 104847000, "otherExpenses": 363000, "operatingExpenses": 151632000, "costAndExpenses": 227246000, "interestIncome": 764000, "interestExpense": 0, "depreciationAndAmortization": 6145000, "ebitda": 7936000, "ebitdaratio": 0.0337440791, "operatingIncome": 7936000, "operatingIncomeRatio": 0.0337440791, "totalOtherIncomeExpensesNet": 42000, "incomeBeforeTax": 7978000, "incomeBeforeTaxRatio": 0.0339226641, "incomeTaxExpense": -4222000, "netIncome": 12200000, "netIncomeRatio": 0.0518747183, "eps": 0.16, "epsdiluted": 0.15, "weightedAverageShsOut": 78236000, "weightedAverageShsOutDil": 83102000, "link": "https://www.sec.gov/Archives/edgar/data/1013857/000119312518159252/0001193125-18-159252-index.htm", "finalLink": "https://www.sec.gov/Archives/edgar/data/1013857/000119312518159252/d570309d10q.htm"}, {"date": "2017-12-31", "symbol": "PEGA", "reportedCurrency": "USD", "cik": "0001013857", "fillingDate": "2018-02-26", "acceptedDate": "2018-02-26 16:20:12", "calendarYear": "2017", "period": "Q4", "revenue": 239540000, "costOfRevenue": 73977000, "grossProfit": 165563000, "grossProfitRatio": 0.6911705769, "researchAndDevelopmentExpenses": 41797000, "generalAndAdministrativeExpenses": 13979000, "sellingAndMarketingExpenses": 89826000, "sellingGeneralAndAdministrativeExpenses": 103805000, "otherExpenses": 0, "operatingExpenses": 145602000, "costAndExpenses": 219579000, "interestIncome": 261000, "interestExpense": 0, "depreciationAndAmortization": 6010000, "ebitda": 25971000, "ebitdaratio": 0.1084203056, "operatingIncome": 19961000, "operatingIncomeRatio": 0.0833305502, "totalOtherIncomeExpensesNet": -1524000, "incomeBeforeTax": 18437000, "incomeBeforeTaxRatio": 0.076968356, "incomeTaxExpense": 22118000, "netIncome": -3681000, "netIncomeRatio": -0.0153669533, "eps": -0.0472, "epsdiluted": -0.0472, "weightedAverageShsOut": 77944000, "weightedAverageShsOutDil": 77944000, "link": "https://www.sec.gov/Archives/edgar/data/1013857/000119312518058491/0001193125-18-058491-index.htm", "finalLink": "https://www.sec.gov/Archives/edgar/data/1013857/000119312518058491/d521822d10k.htm"}, {"date": "2017-09-30", "symbol": "PEGA", "reportedCurrency": "USD", "cik": "0001013857", "fillingDate": "2017-11-08", "acceptedDate": "2017-11-08 16:14:33", "calendarYear": "2017", "period": "Q3", "revenue": 179815000, "costOfRevenue": 69731000, "grossProfit": 110084000, "grossProfitRatio": 0.6122069905, "researchAndDevelopmentExpenses": 41031000, "generalAndAdministrativeExpenses": 13133000, "sellingAndMarketingExpenses": 70209000, "sellingGeneralAndAdministrativeExpenses": 83342000, "otherExpenses": 0, "operatingExpenses": 124373000, "costAndExpenses": 194104000, "interestIncome": 140000, "interestExpense": 0, "depreciationAndAmortization": 6347000, "ebitda": 4046000, "ebitdaratio": 0.0225009037, "operatingIncome": -14289000, "operatingIncomeRatio": -0.0794650057, "totalOtherIncomeExpensesNet": -408000, "incomeBeforeTax": -14697000, "incomeBeforeTaxRatio": -0.0817340044, "incomeTaxExpense": -12885000, "netIncome": -1812000, "netIncomeRatio": -0.0100770236, "eps": -0.0233, "epsdiluted": -0.0217, "weightedAverageShsOut": 77691000, "weightedAverageShsOutDil": 83323000, "link": "https://www.sec.gov/Archives/edgar/data/1013857/000119312517337254/0001193125-17-337254-index.htm", "finalLink": "https://www.sec.gov/Archives/edgar/data/1013857/000119312517337254/d461671d10q.htm"}, {"date": "2017-06-30", "symbol": "PEGA", "reportedCurrency": "USD", "cik": "0001013857", "fillingDate": "2017-08-09", "acceptedDate": "2017-08-09 16:12:34", "calendarYear": "2017", "period": "Q2", "revenue": 197980000, "costOfRevenue": 67875000, "grossProfit": 130105000, "grossProfitRatio": 0.6571623396, "researchAndDevelopmentExpenses": 39762000, "generalAndAdministrativeExpenses": 12706000, "sellingAndMarketingExpenses": 75887000, "sellingGeneralAndAdministrativeExpenses": 88593000, "otherExpenses": 566000, "operatingExpenses": 128355000, "costAndExpenses": 196230000, "interestIncome": 202000, "interestExpense": 0, "depreciationAndAmortization": 6268000, "ebitda": -2679000, "ebitdaratio": -0.0135316699, "operatingIncome": 1750000, "operatingIncomeRatio": 0.0088392767, "totalOtherIncomeExpensesNet": -190000, "incomeBeforeTax": 1560000, "incomeBeforeTaxRatio": 0.0078795838, "incomeTaxExpense": -9846000, "netIncome": 11406000, "netIncomeRatio": 0.05761188, "eps": 0.05, "epsdiluted": 0.04, "weightedAverageShsOut": 77313000, "weightedAverageShsOutDil": 82945000, "link": "https://www.sec.gov/Archives/edgar/data/1013857/000119312517252783/0001193125-17-252783-index.htm", "finalLink": "https://www.sec.gov/Archives/edgar/data/1013857/000119312517252783/d411368d10q.htm"}, {"date": "2017-03-31", "symbol": "PEGA", "reportedCurrency": "USD", "cik": "0001013857", "fillingDate": "2017-05-10", "acceptedDate": "2017-05-10 16:13:55", "calendarYear": "2017", "period": "Q1", "revenue": 223247000, "costOfRevenue": 68090000, "grossProfit": 155157000, "grossProfitRatio": 0.6950015006, "researchAndDevelopmentExpenses": 40296000, "generalAndAdministrativeExpenses": 12335000, "sellingAndMarketingExpenses": 71288000, "sellingGeneralAndAdministrativeExpenses": 83623000, "otherExpenses": -279000, "operatingExpenses": 123919000, "costAndExpenses": 192009000, "interestIncome": 205000, "interestExpense": 0, "depreciationAndAmortization": 6088000, "ebitda": 71995000, "ebitdaratio": 0.3224903358, "operatingIncome": 31238000, "operatingIncomeRatio": 0.1399257325, "totalOtherIncomeExpensesNet": 562000, "incomeBeforeTax": 31800000, "incomeBeforeTaxRatio": 0.1424431235, "incomeTaxExpense": 4779000, "netIncome": 27021000, "netIncomeRatio": 0.1210363409, "eps": 0.69, "epsdiluted": 0.65, "weightedAverageShsOut": 76761000, "weightedAverageShsOutDil": 81875000, "link": "https://www.sec.gov/Archives/edgar/data/1013857/000119312517165875/0001193125-17-165875-index.htm", "finalLink": "https://www.sec.gov/Archives/edgar/data/1013857/000119312517165875/d344763d10q.htm"}, {"date": "2016-12-31", "symbol": "PEGA", "reportedCurrency": "USD", "cik": "0001013857", "fillingDate": "2017-02-24", "acceptedDate": "2017-02-24 16:06:21", "calendarYear": "2016", "period": "Q4", "revenue": 199610000, "costOfRevenue": 62209000, "grossProfit": 137401000, "grossProfitRatio": 0.6883472772, "researchAndDevelopmentExpenses": 37018000, "generalAndAdministrativeExpenses": 11884000, "sellingAndMarketingExpenses": 76723000, "sellingGeneralAndAdministrativeExpenses": 88607000, "otherExpenses": -689000, "operatingExpenses": 125625000, "costAndExpenses": 187834000, "interestIncome": 126000, "interestExpense": 0, "depreciationAndAmortization": 6241000, "ebitda": 18017000, "ebitdaratio": 0.090261009, "operatingIncome": 11776000, "operatingIncomeRatio": 0.0589950403, "totalOtherIncomeExpensesNet": -1080000, "incomeBeforeTax": 10696000, "incomeBeforeTaxRatio": 0.0535844898, "incomeTaxExpense": 1947000, "netIncome": 8749000, "netIncomeRatio": 0.0438304694, "eps": 0.11, "epsdiluted": 0.11, "weightedAverageShsOut": 76403000, "weightedAverageShsOutDil": 80725000, "link": "https://www.sec.gov/Archives/edgar/data/1013857/000119312517056299/0001193125-17-056299-index.htm", "finalLink": "https://www.sec.gov/Archives/edgar/data/1013857/000119312517056299/d316984d10k.htm"}, {"date": "2016-09-30", "symbol": "PEGA", "reportedCurrency": "USD", "cik": "0001013857", "fillingDate": "2016-11-02", "acceptedDate": "2016-11-02 16:15:34", "calendarYear": "2016", "period": "Q3", "revenue": 182802000, "costOfRevenue": 60437000, "grossProfit": 122365000, "grossProfitRatio": 0.6693854553, "researchAndDevelopmentExpenses": 38036000, "generalAndAdministrativeExpenses": 11725000, "sellingAndMarketingExpenses": 67032000, "sellingGeneralAndAdministrativeExpenses": 78757000, "otherExpenses": 0, "operatingExpenses": 116793000, "costAndExpenses": 177230000, "interestIncome": 172000, "interestExpense": 0, "depreciationAndAmortization": 6221000, "ebitda": 11793000, "ebitdaratio": 0.0645124233, "operatingIncome": 5498000, "operatingIncomeRatio": 0.0300762574, "totalOtherIncomeExpensesNet": 17000, "incomeBeforeTax": 5515000, "incomeBeforeTaxRatio": 0.0301692542, "incomeTaxExpense": 3097000, "netIncome": 2418000, "netIncomeRatio": 0.0132274264, "eps": 0.04, "epsdiluted": 0.04, "weightedAverageShsOut": 76278000, "weightedAverageShsOutDil": 79548000, "link": "https://www.sec.gov/Archives/edgar/data/1013857/000119312516757054/0001193125-16-757054-index.htm", "finalLink": "https://www.sec.gov/Archives/edgar/data/1013857/000119312516757054/d253024d10q.htm"}, {"date": "2016-06-30", "symbol": "PEGA", "reportedCurrency": "USD", "cik": "0001013857", "fillingDate": "2016-08-03", "acceptedDate": "2016-08-03 16:12:56", "calendarYear": "2016", "period": "Q2", "revenue": 188996000, "costOfRevenue": 60100000, "grossProfit": 128896000, "grossProfitRatio": 0.6820038519, "researchAndDevelopmentExpenses": 35574000, "generalAndAdministrativeExpenses": 11294000, "sellingAndMarketingExpenses": 74016000, "sellingGeneralAndAdministrativeExpenses": 85310000, "otherExpenses": 0, "operatingExpenses": 120884000, "costAndExpenses": 180984000, "interestIncome": 188000, "interestExpense": 0, "depreciationAndAmortization": 6209000, "ebitda": 14221000, "ebitdaratio": 0.0752449787, "operatingIncome": 6360000, "operatingIncomeRatio": 0.0336515059, "totalOtherIncomeExpensesNet": -862000, "incomeBeforeTax": 5498000, "incomeBeforeTaxRatio": 0.0290905628, "incomeTaxExpense": 1851000, "netIncome": 3647000, "netIncomeRatio": 0.0192967047, "eps": 0.06, "epsdiluted": 0.06, "weightedAverageShsOut": 76318000, "weightedAverageShsOutDil": 79422000, "link": "https://www.sec.gov/Archives/edgar/data/1013857/000119312516670087/0001193125-16-670087-index.htm", "finalLink": "https://www.sec.gov/Archives/edgar/data/1013857/000119312516670087/d208415d10q.htm"}, {"date": "2016-03-31", "symbol": "PEGA", "reportedCurrency": "USD", "cik": "0001013857", "fillingDate": "2016-05-05", "acceptedDate": "2016-05-05 16:27:47", "calendarYear": "2016", "period": "Q1", "revenue": 178858000, "costOfRevenue": 56510000, "grossProfit": 122348000, "grossProfitRatio": 0.6840510349, "researchAndDevelopmentExpenses": 34920000, "generalAndAdministrativeExpenses": 11048000, "sellingAndMarketingExpenses": 61078000, "sellingGeneralAndAdministrativeExpenses": 72126000, "otherExpenses": 0, "operatingExpenses": 107046000, "costAndExpenses": 163556000, "interestIncome": 290000, "interestExpense": 0, "depreciationAndAmortization": 5466000, "ebitda": 20768000, "ebitdaratio": 0.1161144595, "operatingIncome": 14125000, "operatingIncomeRatio": 0.0789732637, "totalOtherIncomeExpensesNet": -632000, "incomeBeforeTax": 13493000, "incomeBeforeTaxRatio": 0.0754397343, "incomeTaxExpense": 4488000, "netIncome": 9005000, "netIncomeRatio": 0.0503472028, "eps": 0.14, "epsdiluted": 0.13, "weightedAverageShsOut": 76375000, "weightedAverageShsOutDil": 79235000, "link": "https://www.sec.gov/Archives/edgar/data/1013857/000119312516579976/0001193125-16-579976-index.htm", "finalLink": "https://www.sec.gov/Archives/edgar/data/1013857/000119312516579976/d144041d10q.htm"}, {"date": "2015-12-31", "symbol": "PEGA", "reportedCurrency": "USD", "cik": "0001013857", "fillingDate": "2016-02-25", "acceptedDate": "2016-02-25 16:21:20", "calendarYear": "2015", "period": "Q4", "revenue": 204355000, "costOfRevenue": 53165000, "grossProfit": 151190000, "grossProfitRatio": 0.7398399843, "researchAndDevelopmentExpenses": 32126000, "generalAndAdministrativeExpenses": 10600000, "sellingAndMarketingExpenses": 71623000, "sellingGeneralAndAdministrativeExpenses": 82223000, "otherExpenses": -716000, "operatingExpenses": 114349000, "costAndExpenses": 167514000, "interestIncome": 249000, "interestExpense": 0, "depreciationAndAmortization": 5523000, "ebitda": 42364000, "ebitdaratio": 0.2073059137, "operatingIncome": 36791000, "operatingIncomeRatio": 0.1800347435, "totalOtherIncomeExpensesNet": -293000, "incomeBeforeTax": 36498000, "incomeBeforeTaxRatio": 0.178600964, "incomeTaxExpense": 15540000, "netIncome": 20958000, "netIncomeRatio": 0.1025568251, "eps": 0.27, "epsdiluted": 0.27, "weightedAverageShsOut": 76507000, "weightedAverageShsOutDil": 79043000, "link": "https://www.sec.gov/Archives/edgar/data/1013857/000119312516478369/0001193125-16-478369-index.htm", "finalLink": "https://www.sec.gov/Archives/edgar/data/1013857/000119312516478369/d104587d10k.htm"}, {"date": "2015-09-30", "symbol": "PEGA", "reportedCurrency": "USD", "cik": "0001013857", "fillingDate": "2015-10-27", "acceptedDate": "2015-10-27 16:53:35", "calendarYear": "2015", "period": "Q3", "revenue": 162403000, "costOfRevenue": 55441000, "grossProfit": 106962000, "grossProfitRatio": 0.6586208383, "researchAndDevelopmentExpenses": 33032000, "generalAndAdministrativeExpenses": 9579000, "sellingAndMarketingExpenses": 53640000, "sellingGeneralAndAdministrativeExpenses": 63219000, "otherExpenses": -331000, "operatingExpenses": 96251000, "costAndExpenses": 151692000, "interestIncome": 278000, "interestExpense": 0, "depreciationAndAmortization": 6312000, "ebitda": 17023000, "ebitdaratio": 0.1048194923, "operatingIncome": 10711000, "operatingIncomeRatio": 0.0659532151, "totalOtherIncomeExpensesNet": -465000, "incomeBeforeTax": 10246000, "incomeBeforeTaxRatio": 0.0630899675, "incomeTaxExpense": 3921000, "netIncome": 6325000, "netIncomeRatio": 0.0389463249, "eps": 0.08, "epsdiluted": 0.08, "weightedAverageShsOut": 76534000, "weightedAverageShsOutDil": 79174000, "link": "https://www.sec.gov/Archives/edgar/data/1013857/000119312515354815/0001193125-15-354815-index.htm", "finalLink": "https://www.sec.gov/Archives/edgar/data/1013857/000119312515354815/d18259d10q.htm"}, {"date": "2015-06-30", "symbol": "PEGA", "reportedCurrency": "USD", "cik": "0001013857", "fillingDate": "2015-07-29", "acceptedDate": "2015-07-29 16:16:21", "calendarYear": "2015", "period": "Q2", "revenue": 162019000, "costOfRevenue": 54781000, "grossProfit": 107238000, "grossProfitRatio": 0.6618853344, "researchAndDevelopmentExpenses": 31372000, "generalAndAdministrativeExpenses": 10214000, "sellingAndMarketingExpenses": 60389000, "sellingGeneralAndAdministrativeExpenses": 70603000, "otherExpenses": 3000, "operatingExpenses": 101975000, "costAndExpenses": 156756000, "interestIncome": 216000, "interestExpense": 0, "depreciationAndAmortization": 5634000, "ebitda": 10897000, "ebitdaratio": 0.0672575439, "operatingIncome": 5250000, "operatingIncomeRatio": 0.032403607, "totalOtherIncomeExpensesNet": -749000, "incomeBeforeTax": 4501000, "incomeBeforeTaxRatio": 0.0277806924, "incomeTaxExpense": 1397000, "netIncome": 3104000, "netIncomeRatio": 0.0191582469, "eps": 0.04, "epsdiluted": 0.04, "weightedAverageShsOut": 76626000, "weightedAverageShsOutDil": 78950000, "link": "https://www.sec.gov/Archives/edgar/data/1013857/000119312515268282/0001193125-15-268282-index.htm", "finalLink": "https://www.sec.gov/Archives/edgar/data/1013857/000119312515268282/d941121d10q.htm"}, {"date": "2015-03-31", "symbol": "PEGA", "reportedCurrency": "USD", "cik": "0001013857", "fillingDate": "2015-05-06", "acceptedDate": "2015-05-06 16:14:23", "calendarYear": "2015", "period": "Q1", "revenue": 153918000, "costOfRevenue": 50059000, "grossProfit": 103859000, "grossProfitRatio": 0.6747683832, "researchAndDevelopmentExpenses": 29844000, "generalAndAdministrativeExpenses": 6345000, "sellingAndMarketingExpenses": 55735000, "sellingGeneralAndAdministrativeExpenses": 62080000, "otherExpenses": 0, "operatingExpenses": 91924000, "costAndExpenses": 141983000, "interestIncome": 313000, "interestExpense": 0, "depreciationAndAmortization": 5624000, "ebitda": 17559000, "ebitdaratio": 0.1140802245, "operatingIncome": 11909000, "operatingIncomeRatio": 0.0773723671, "totalOtherIncomeExpensesNet": -2649000, "incomeBeforeTax": 9260000, "incomeBeforeTaxRatio": 0.0601619044, "incomeTaxExpense": 3325000, "netIncome": 5935000, "netIncomeRatio": 0.0385594927, "eps": 0.08, "epsdiluted": 0.08, "weightedAverageShsOut": 76401000, "weightedAverageShsOutDil": 78592000, "link": "https://www.sec.gov/Archives/edgar/data/1013857/000119312515174534/0001193125-15-174534-index.htm", "finalLink": "https://www.sec.gov/Archives/edgar/data/1013857/000119312515174534/d899072d10q.htm"}, {"date": "2014-12-31", "symbol": "PEGA", "reportedCurrency": "USD", "cik": "0001013857", "fillingDate": "2015-02-26", "acceptedDate": "2015-02-26 16:14:09", "calendarYear": "2014", "period": "Q4", "revenue": 168924000, "costOfRevenue": 46108000, "grossProfit": 122816000, "grossProfitRatio": 0.7270488504, "researchAndDevelopmentExpenses": 28101000, "generalAndAdministrativeExpenses": 9065000, "sellingAndMarketingExpenses": 55886000, "sellingGeneralAndAdministrativeExpenses": 64951000, "otherExpenses": 48000, "operatingExpenses": 93052000, "costAndExpenses": 139160000, "interestIncome": 215000, "interestExpense": 0, "depreciationAndAmortization": 6185000, "ebitda": 35949000, "ebitdaratio": 0.2128116786, "operatingIncome": 29693000, "operatingIncomeRatio": 0.1757772726, "totalOtherIncomeExpensesNet": -979000, "incomeBeforeTax": 28714000, "incomeBeforeTaxRatio": 0.1699817669, "incomeTaxExpense": 8610000, "netIncome": 20104000, "netIncomeRatio": 0.1190121001, "eps": 0.27, "epsdiluted": 0.26, "weightedAverageShsOut": 76369000, "weightedAverageShsOutDil": 78531000, "link": "https://www.sec.gov/Archives/edgar/data/1013857/000119312515065664/0001193125-15-065664-index.htm", "finalLink": "https://www.sec.gov/Archives/edgar/data/1013857/000119312515065664/d835563d10k.htm"}, {"date": "2014-09-30", "symbol": "PEGA", "reportedCurrency": "USD", "cik": "0001013857", "fillingDate": "2014-11-04", "acceptedDate": "2014-11-04 16:22:04", "calendarYear": "2014", "period": "Q3", "revenue": 137631000, "costOfRevenue": 46382000, "grossProfit": 91249000, "grossProfitRatio": 0.6629974352, "researchAndDevelopmentExpenses": 28558000, "generalAndAdministrativeExpenses": 8825000, "sellingAndMarketingExpenses": 48623000, "sellingGeneralAndAdministrativeExpenses": 57448000, "otherExpenses": 19000, "operatingExpenses": 86006000, "costAndExpenses": 132388000, "interestIncome": 181000, "interestExpense": 0, "depreciationAndAmortization": 5755000, "ebitda": 10998000, "ebitdaratio": 0.0799093228, "operatingIncome": 4997000, "operatingIncomeRatio": 0.0363072273, "totalOtherIncomeExpensesNet": -2645000, "incomeBeforeTax": 2352000, "incomeBeforeTaxRatio": 0.0170891732, "incomeTaxExpense": 470000, "netIncome": 1882000, "netIncomeRatio": 0.0136742449, "eps": 0.02, "epsdiluted": 0.02, "weightedAverageShsOut": 76351000, "weightedAverageShsOutDil": 78653000, "link": "https://www.sec.gov/Archives/edgar/data/1013857/000119312514396283/0001193125-14-396283-index.htm", "finalLink": "https://www.sec.gov/Archives/edgar/data/1013857/000119312514396283/d791927d10q.htm"}, {"date": "2014-06-30", "symbol": "PEGA", "reportedCurrency": "USD", "cik": "0001013857", "fillingDate": "2014-08-05", "acceptedDate": "2014-08-05 16:21:34", "calendarYear": "2014", "period": "Q2", "revenue": 142985000, "costOfRevenue": 46691000, "grossProfit": 96294000, "grossProfitRatio": 0.6734552575, "researchAndDevelopmentExpenses": 27323000, "generalAndAdministrativeExpenses": 10250000, "sellingAndMarketingExpenses": 56342000, "sellingGeneralAndAdministrativeExpenses": 66592000, "otherExpenses": 6000, "operatingExpenses": 93915000, "costAndExpenses": 140606000, "interestIncome": 163000, "interestExpense": 0, "depreciationAndAmortization": 5566000, "ebitda": 7945000, "ebitdaratio": 0.0555652691, "operatingIncome": 2222000, "operatingIncomeRatio": 0.0155400916, "totalOtherIncomeExpensesNet": 165000, "incomeBeforeTax": 2387000, "incomeBeforeTaxRatio": 0.0166940588, "incomeTaxExpense": 883000, "netIncome": 1504000, "netIncomeRatio": 0.0105185859, "eps": 0.02, "epsdiluted": 0.02, "weightedAverageShsOut": 76286000, "weightedAverageShsOutDil": 78280000, "link": "https://www.sec.gov/Archives/edgar/data/1013857/000119312514295827/0001193125-14-295827-index.htm", "finalLink": "https://www.sec.gov/Archives/edgar/data/1013857/000119312514295827/d756743d10q.htm"}, {"date": "2014-03-31", "symbol": "PEGA", "reportedCurrency": "USD", "cik": "0001013857", "fillingDate": "2014-05-06", "acceptedDate": "2014-05-06 16:57:55", "calendarYear": "2014", "period": "Q1", "revenue": 140464000, "costOfRevenue": 45913000, "grossProfit": 94551000, "grossProfitRatio": 0.6731333295, "researchAndDevelopmentExpenses": 24609000, "generalAndAdministrativeExpenses": 9302000, "sellingAndMarketingExpenses": 45807000, "sellingGeneralAndAdministrativeExpenses": 55109000, "otherExpenses": -532000, "operatingExpenses": 79718000, "costAndExpenses": 125631000, "interestIncome": 124000, "interestExpense": 0, "depreciationAndAmortization": 5846000, "ebitda": 20679000, "ebitdaratio": 0.1472192163, "operatingIncome": 14627000, "operatingIncomeRatio": 0.1041334434, "totalOtherIncomeExpensesNet": -86000, "incomeBeforeTax": 14541000, "incomeBeforeTaxRatio": 0.1035211869, "incomeTaxExpense": 4776000, "netIncome": 9765000, "netIncomeRatio": 0.0695195922, "eps": 0.13, "epsdiluted": 0.12, "weightedAverageShsOut": 76298000, "weightedAverageShsOutDil": 78661000, "link": "https://www.sec.gov/Archives/edgar/data/1013857/000119312514185094/0001193125-14-185094-index.htm", "finalLink": "https://www.sec.gov/Archives/edgar/data/1013857/000119312514185094/d703674d10q.htm"}, {"date": "2013-12-31", "symbol": "PEGA", "reportedCurrency": "USD", "cik": "0001013857", "fillingDate": "2014-02-25", "acceptedDate": "2014-02-25 16:48:35", "calendarYear": "2013", "period": "Q4", "revenue": 153382000, "costOfRevenue": 43777000, "grossProfit": 109605000, "grossProfitRatio": 0.7145884132, "researchAndDevelopmentExpenses": 20603000, "generalAndAdministrativeExpenses": 8391000, "sellingAndMarketingExpenses": 53815000, "sellingGeneralAndAdministrativeExpenses": 62206000, "otherExpenses": -217000, "operatingExpenses": 82809000, "costAndExpenses": 126586000, "interestIncome": 148000, "interestExpense": 0, "depreciationAndAmortization": 5862000, "ebitda": 32658000, "ebitdaratio": 0.2129193778, "operatingIncome": 24304000, "operatingIncomeRatio": 0.1584540559, "totalOtherIncomeExpensesNet": 4000, "incomeBeforeTax": 24308000, "incomeBeforeTaxRatio": 0.1584801346, "incomeTaxExpense": 8747000, "netIncome": 15561000, "netIncomeRatio": 0.1014525824, "eps": 0.21, "epsdiluted": 0.2, "weightedAverageShsOut": 76080000, "weightedAverageShsOutDil": 78664000, "link": "https://www.sec.gov/Archives/edgar/data/1013857/000119312514067420/0001193125-14-067420-index.htm", "finalLink": "https://www.sec.gov/Archives/edgar/data/1013857/000119312514067420/d652619d10k.htm"}, {"date": "2013-09-30", "symbol": "PEGA", "reportedCurrency": "USD", "cik": "0001013857", "fillingDate": "2013-11-12", "acceptedDate": "2013-11-12 17:00:53", "calendarYear": "2013", "period": "Q3", "revenue": 122011000, "costOfRevenue": 38098000, "grossProfit": 83913000, "grossProfitRatio": 0.6877494652, "researchAndDevelopmentExpenses": 19786000, "generalAndAdministrativeExpenses": 7130000, "sellingAndMarketingExpenses": 42663000, "sellingGeneralAndAdministrativeExpenses": 49793000, "otherExpenses": 0, "operatingExpenses": 69579000, "costAndExpenses": 107677000, "interestIncome": 123000, "interestExpense": 0, "depreciationAndAmortization": 4754000, "ebitda": 19088000, "ebitdaratio": 0.1564449107, "operatingIncome": 13789000, "operatingIncomeRatio": 0.1130144003, "totalOtherIncomeExpensesNet": -379000, "incomeBeforeTax": 13410000, "incomeBeforeTaxRatio": 0.109908123, "incomeTaxExpense": 4700000, "netIncome": 8710000, "netIncomeRatio": 0.0713870061, "eps": 0.11, "epsdiluted": 0.11, "weightedAverageShsOut": 75910000, "weightedAverageShsOutDil": 78158000, "link": "https://www.sec.gov/Archives/edgar/data/1013857/000119312513438450/0001193125-13-438450-index.htm", "finalLink": "https://www.sec.gov/Archives/edgar/data/1013857/000119312513438450/d596370d10q.htm"}, {"date": "2013-06-30", "symbol": "PEGA", "reportedCurrency": "USD", "cik": "0001013857", "fillingDate": "2013-08-08", "acceptedDate": "2013-08-08 16:43:50", "calendarYear": "2013", "period": "Q2", "revenue": 117315000, "costOfRevenue": 37878000, "grossProfit": 79437000, "grossProfitRatio": 0.6771256873, "researchAndDevelopmentExpenses": 19761000, "generalAndAdministrativeExpenses": 7277000, "sellingAndMarketingExpenses": 45346000, "sellingGeneralAndAdministrativeExpenses": 52623000, "otherExpenses": -94000, "operatingExpenses": 72384000, "costAndExpenses": 110262000, "interestIncome": 135000, "interestExpense": 0, "depreciationAndAmortization": 4692000, "ebitda": 11745000, "ebitdaratio": 0.1001150748, "operatingIncome": 7053000, "operatingIncomeRatio": 0.0601201892, "totalOtherIncomeExpensesNet": -396000, "incomeBeforeTax": 6657000, "incomeBeforeTaxRatio": 0.0567446618, "incomeTaxExpense": 1954000, "netIncome": 4703000, "netIncomeRatio": 0.0400886502, "eps": 0.06, "epsdiluted": 0.06, "weightedAverageShsOut": 75898000, "weightedAverageShsOutDil": 77498000, "link": "https://www.sec.gov/Archives/edgar/data/1013857/000119312513327034/0001193125-13-327034-index.htm", "finalLink": "https://www.sec.gov/Archives/edgar/data/1013857/000119312513327034/d550415d10q.htm"}, {"date": "2013-03-31", "symbol": "PEGA", "reportedCurrency": "USD", "cik": "0001013857", "fillingDate": "2013-05-06", "acceptedDate": "2013-05-06 16:47:51", "calendarYear": "2013", "period": "Q1", "revenue": 116246000, "costOfRevenue": 37653000, "grossProfit": 78593000, "grossProfitRatio": 0.6760920806, "researchAndDevelopmentExpenses": 19576000, "generalAndAdministrativeExpenses": 6796000, "sellingAndMarketingExpenses": 39270000, "sellingGeneralAndAdministrativeExpenses": 46066000, "otherExpenses": 0, "operatingExpenses": 65642000, "costAndExpenses": 103295000, "interestIncome": 118000, "interestExpense": 0, "depreciationAndAmortization": 4727000, "ebitda": 17678000, "ebitdaratio": 0.1520740499, "operatingIncome": 12951000, "operatingIncomeRatio": 0.1114102851, "totalOtherIncomeExpensesNet": -933000, "incomeBeforeTax": 12018000, "incomeBeforeTaxRatio": 0.1033842025, "incomeTaxExpense": 2949000, "netIncome": 9069000, "netIncomeRatio": 0.0780155876, "eps": 0.12, "epsdiluted": 0.12, "weightedAverageShsOut": 75894000, "weightedAverageShsOutDil": 77576000, "link": "https://www.sec.gov/Archives/edgar/data/1013857/000119312513201770/0001193125-13-201770-index.htm", "finalLink": "https://www.sec.gov/Archives/edgar/data/1013857/000119312513201770/d505865d10q.htm"}, {"date": "2012-12-31", "symbol": "PEGA", "reportedCurrency": "USD", "cik": "0001013857", "fillingDate": "2013-02-20", "acceptedDate": "2013-02-20 16:41:36", "calendarYear": "2012", "period": "Q4", "revenue": 143830000, "costOfRevenue": 38194000, "grossProfit": 105636000, "grossProfitRatio": 0.7344503928, "researchAndDevelopmentExpenses": 19315000, "generalAndAdministrativeExpenses": 7744000, "sellingAndMarketingExpenses": 50787000, "sellingGeneralAndAdministrativeExpenses": 58531000, "otherExpenses": 0, "operatingExpenses": 77846000, "costAndExpenses": 116040000, "interestIncome": 101000, "interestExpense": 0, "depreciationAndAmortization": 4580000, "ebitda": 32370000, "ebitdaratio": 0.2250573594, "operatingIncome": 27790000, "operatingIncomeRatio": 0.1932142112, "totalOtherIncomeExpensesNet": 360000, "incomeBeforeTax": 28150000, "incomeBeforeTaxRatio": 0.1957171661, "incomeTaxExpense": 7741000, "netIncome": 20409000, "netIncomeRatio": 0.1418966836, "eps": 0.27, "epsdiluted": 0.26, "weightedAverageShsOut": 75706000, "weightedAverageShsOutDil": 77718000, "link": "https://www.sec.gov/Archives/edgar/data/1013857/000119312513067337/0001193125-13-067337-index.htm", "finalLink": "https://www.sec.gov/Archives/edgar/data/1013857/000119312513067337/d453798d10k.htm"}, {"date": "2012-09-30", "symbol": "PEGA", "reportedCurrency": "USD", "cik": "0001013857", "fillingDate": "2012-11-08", "acceptedDate": "2012-11-08 16:56:45", "calendarYear": "2012", "period": "Q3", "revenue": 101657000, "costOfRevenue": 37665000, "grossProfit": 63992000, "grossProfitRatio": 0.6294893613, "researchAndDevelopmentExpenses": 19506000, "generalAndAdministrativeExpenses": 7192000, "sellingAndMarketingExpenses": 36893000, "sellingGeneralAndAdministrativeExpenses": 44085000, "otherExpenses": 0, "operatingExpenses": 63591000, "costAndExpenses": 101256000, "interestIncome": 113000, "interestExpense": 0, "depreciationAndAmortization": 5351000, "ebitda": 401000, "ebitdaratio": 0.0039446374, "operatingIncome": 401000, "operatingIncomeRatio": 0.0039446374, "totalOtherIncomeExpensesNet": -369000, "incomeBeforeTax": 32000, "incomeBeforeTaxRatio": 0.000314784, "incomeTaxExpense": 363000, "netIncome": -331000, "netIncomeRatio": -0.0032560473, "eps": -0.0044, "epsdiluted": -0.0044, "weightedAverageShsOut": 75762000, "weightedAverageShsOutDil": 75762000, "link": "https://www.sec.gov/Archives/edgar/data/1013857/000119312512460679/0001193125-12-460679-index.htm", "finalLink": "https://www.sec.gov/Archives/edgar/data/1013857/000119312512460679/d409207d10q.htm"}, {"date": "2012-06-30", "symbol": "PEGA", "reportedCurrency": "USD", "cik": "0001013857", "fillingDate": "2012-08-09", "acceptedDate": "2012-08-09 16:40:45", "calendarYear": "2012", "period": "Q2", "revenue": 105056000, "costOfRevenue": 39987000, "grossProfit": 65069000, "grossProfitRatio": 0.6193744289, "researchAndDevelopmentExpenses": 18901000, "generalAndAdministrativeExpenses": 7664000, "sellingAndMarketingExpenses": 41188000, "sellingGeneralAndAdministrativeExpenses": 48852000, "otherExpenses": 0, "operatingExpenses": 67753000, "costAndExpenses": 107740000, "interestIncome": 94000, "interestExpense": 0, "depreciationAndAmortization": 4110000, "ebitda": 1606000, "ebitdaratio": 0.015287085, "operatingIncome": -2684000, "operatingIncomeRatio": -0.025548279, "totalOtherIncomeExpensesNet": -484000, "incomeBeforeTax": -3168000, "incomeBeforeTaxRatio": -0.0301553457, "incomeTaxExpense": -901000, "netIncome": -2267000, "netIncomeRatio": -0.0215789674, "eps": -0.0299, "epsdiluted": -0.0299, "weightedAverageShsOut": 75730000, "weightedAverageShsOutDil": 75730000, "link": "https://www.sec.gov/Archives/edgar/data/1013857/000119312512347736/0001193125-12-347736-index.htm", "finalLink": "https://www.sec.gov/Archives/edgar/data/1013857/000119312512347736/d366768d10q.htm"}, {"date": "2012-03-31", "symbol": "PEGA", "reportedCurrency": "USD", "cik": "0001013857", "fillingDate": "2012-05-03", "acceptedDate": "2012-05-03 16:57:09", "calendarYear": "2012", "period": "Q1", "revenue": 111167000, "costOfRevenue": 41534000, "grossProfit": 69633000, "grossProfitRatio": 0.6263819299, "researchAndDevelopmentExpenses": 19004000, "generalAndAdministrativeExpenses": 6315000, "sellingAndMarketingExpenses": 38395000, "sellingGeneralAndAdministrativeExpenses": 44710000, "otherExpenses": 0, "operatingExpenses": 63714000, "costAndExpenses": 105248000, "interestIncome": 111000, "interestExpense": 0, "depreciationAndAmortization": 4525000, "ebitda": 5919000, "ebitdaratio": 0.0532442182, "operatingIncome": 5919000, "operatingIncomeRatio": 0.0532442182, "totalOtherIncomeExpensesNet": 12000, "incomeBeforeTax": 5931000, "incomeBeforeTaxRatio": 0.0533521639, "incomeTaxExpense": 1874000, "netIncome": 4057000, "netIncomeRatio": 0.0364946432, "eps": 0.055, "epsdiluted": 0.05, "weightedAverageShsOut": 75512000, "weightedAverageShsOutDil": 77778000, "link": "https://www.sec.gov/Archives/edgar/data/1013857/000119312512208772/0001193125-12-208772-index.htm", "finalLink": "https://www.sec.gov/Archives/edgar/data/1013857/000119312512208772/d321112d10q.htm"}, {"date": "2011-12-31", "symbol": "PEGA", "reportedCurrency": "USD", "cik": "0001013857", "fillingDate": "2012-02-29", "acceptedDate": "2012-02-29 16:43:48", "calendarYear": "2011", "period": "Q4", "revenue": 115294000, "costOfRevenue": 42574000, "grossProfit": 72720000, "grossProfitRatio": 0.6307353375, "researchAndDevelopmentExpenses": 18261000, "generalAndAdministrativeExpenses": 7005000, "sellingAndMarketingExpenses": 43750000, "sellingGeneralAndAdministrativeExpenses": 50755000, "otherExpenses": 420000, "operatingExpenses": 69016000, "costAndExpenses": 111590000, "interestIncome": 119000, "interestExpense": 0, "depreciationAndAmortization": 4425000, "ebitda": 8129000, "ebitdaratio": 0.0705067046, "operatingIncome": 3704000, "operatingIncomeRatio": 0.0321265634, "totalOtherIncomeExpensesNet": -465000, "incomeBeforeTax": 3239000, "incomeBeforeTaxRatio": 0.028093396, "incomeTaxExpense": 5094000, "netIncome": -1855000, "netIncomeRatio": -0.0160893021, "eps": -0.0247, "epsdiluted": -0.0235, "weightedAverageShsOut": 74992000, "weightedAverageShsOutDil": 78808000, "link": "https://www.sec.gov/Archives/edgar/data/1013857/000119312512089352/0001193125-12-089352-index.htm", "finalLink": "https://www.sec.gov/Archives/edgar/data/1013857/000119312512089352/d272610d10k.htm"}, {"date": "2011-09-30", "symbol": "PEGA", "reportedCurrency": "USD", "cik": "0001013857", "fillingDate": "2011-11-09", "acceptedDate": "2011-11-09 16:54:42", "calendarYear": "2011", "period": "Q3", "revenue": 95503000, "costOfRevenue": 41811000, "grossProfit": 53692000, "grossProfitRatio": 0.5622022345, "researchAndDevelopmentExpenses": 16218000, "generalAndAdministrativeExpenses": 7222000, "sellingAndMarketingExpenses": 32463000, "sellingGeneralAndAdministrativeExpenses": 39685000, "otherExpenses": 0, "operatingExpenses": 55903000, "costAndExpenses": 97714000, "interestIncome": 102000, "interestExpense": 0, "depreciationAndAmortization": 4420000, "ebitda": 2209000, "ebitdaratio": 0.0231301635, "operatingIncome": -2008000, "operatingIncomeRatio": -0.0210255175, "totalOtherIncomeExpensesNet": -443000, "incomeBeforeTax": -2451000, "incomeBeforeTaxRatio": -0.0256641153, "incomeTaxExpense": -7410000, "netIncome": 4959000, "netIncomeRatio": 0.0519250704, "eps": 0.065, "epsdiluted": 0.065, "weightedAverageShsOut": 75176000, "weightedAverageShsOutDil": 77860000, "link": "https://www.sec.gov/Archives/edgar/data/1013857/000119312511304717/0001193125-11-304717-index.htm", "finalLink": "https://www.sec.gov/Archives/edgar/data/1013857/000119312511304717/d229751d10q.htm"}, {"date": "2011-06-30", "symbol": "PEGA", "reportedCurrency": "USD", "cik": "0001013857", "fillingDate": "2011-08-09", "acceptedDate": "2011-08-09 16:54:44", "calendarYear": "2011", "period": "Q2", "revenue": 103518000, "costOfRevenue": 40397000, "grossProfit": 63121000, "grossProfitRatio": 0.6097586893, "researchAndDevelopmentExpenses": 15696000, "generalAndAdministrativeExpenses": 6839000, "sellingAndMarketingExpenses": 37208000, "sellingGeneralAndAdministrativeExpenses": 44047000, "otherExpenses": 0, "operatingExpenses": 59743000, "costAndExpenses": 100140000, "interestIncome": 91000, "interestExpense": 0, "depreciationAndAmortization": 4217000, "ebitda": 7595000, "ebitdaratio": 0.0733688827, "operatingIncome": 3234000, "operatingIncomeRatio": 0.0312409436, "totalOtherIncomeExpensesNet": 97000, "incomeBeforeTax": 3331000, "incomeBeforeTaxRatio": 0.0321779787, "incomeTaxExpense": 1058000, "netIncome": 2273000, "netIncomeRatio": 0.021957534, "eps": 0.03, "epsdiluted": 0.03, "weightedAverageShsOut": 74810000, "weightedAverageShsOutDil": 77702000, "link": "https://www.sec.gov/Archives/edgar/data/1013857/000119312511216668/0001193125-11-216668-index.htm", "finalLink": "https://www.sec.gov/Archives/edgar/data/1013857/000119312511216668/d10q.htm"}, {"date": "2011-03-31", "symbol": "PEGA", "reportedCurrency": "USD", "cik": "0001013857", "fillingDate": "2011-05-10", "acceptedDate": "2011-05-10 16:51:17", "calendarYear": "2011", "period": "Q1", "revenue": 102360000, "costOfRevenue": 40016000, "grossProfit": 62344000, "grossProfitRatio": 0.6090660414, "researchAndDevelopmentExpenses": 15133000, "generalAndAdministrativeExpenses": 7132000, "sellingAndMarketingExpenses": 34036000, "sellingGeneralAndAdministrativeExpenses": 41168000, "otherExpenses": 0, "operatingExpenses": 56301000, "costAndExpenses": 96317000, "interestIncome": 86000, "interestExpense": 0, "depreciationAndAmortization": 4011000, "ebitda": 10054000, "ebitdaratio": 0.0982219617, "operatingIncome": 5564000, "operatingIncomeRatio": 0.0543571708, "totalOtherIncomeExpensesNet": 1130000, "incomeBeforeTax": 6694000, "incomeBeforeTaxRatio": 0.0653966393, "incomeTaxExpense": 1963000, "netIncome": 4731000, "netIncomeRatio": 0.0462192263, "eps": 0.065, "epsdiluted": 0.06, "weightedAverageShsOut": 74552000, "weightedAverageShsOutDil": 77606000, "link": "https://www.sec.gov/Archives/edgar/data/1013857/000119312511134342/0001193125-11-134342-index.htm", "finalLink": "https://www.sec.gov/Archives/edgar/data/1013857/000119312511134342/d10q.htm"}, {"date": "2010-12-31", "symbol": "PEGA", "reportedCurrency": "USD", "cik": "0001013857", "fillingDate": "2011-03-16", "acceptedDate": "2011-03-16 16:41:29", "calendarYear": "2010", "period": "Q4", "revenue": 89253000, "costOfRevenue": 36048000, "grossProfit": 53205000, "grossProfitRatio": 0.5961144163, "researchAndDevelopmentExpenses": 14633000, "generalAndAdministrativeExpenses": 6788000, "sellingAndMarketingExpenses": 33242000, "sellingGeneralAndAdministrativeExpenses": 40030000, "otherExpenses": 0, "operatingExpenses": 54663000, "costAndExpenses": 90711000, "interestIncome": 0, "interestExpense": 0, "depreciationAndAmortization": 3825000, "ebitda": 2367000, "ebitdaratio": 0.026520117, "operatingIncome": -3945000, "operatingIncomeRatio": -0.044200195, "totalOtherIncomeExpensesNet": -1244000, "incomeBeforeTax": -5189000, "incomeBeforeTaxRatio": -0.0581381018, "incomeTaxExpense": -496000, "netIncome": -4693000, "netIncomeRatio": -0.0525808656, "eps": -0.0634, "epsdiluted": -0.0634, "weightedAverageShsOut": 74062000, "weightedAverageShsOutDil": 74062000, "link": "https://www.sec.gov/Archives/edgar/data/1013857/000119312511068758/0001193125-11-068758-index.htm", "finalLink": "https://www.sec.gov/Archives/edgar/data/1013857/000119312511068758/d10k.htm"}, {"date": "2010-09-30", "symbol": "PEGA", "reportedCurrency": "USD", "cik": "0001013857", "fillingDate": "2010-11-09", "acceptedDate": "2010-11-09 17:16:38", "calendarYear": "2010", "period": "Q3", "revenue": 90016000, "costOfRevenue": 34990000, "grossProfit": 55026000, "grossProfitRatio": 0.611291326, "researchAndDevelopmentExpenses": 14924000, "generalAndAdministrativeExpenses": 6442000, "sellingAndMarketingExpenses": 31199000, "sellingGeneralAndAdministrativeExpenses": 37641000, "otherExpenses": 0, "operatingExpenses": 52565000, "costAndExpenses": 87555000, "interestIncome": 180000, "interestExpense": 0, "depreciationAndAmortization": 3286000, "ebitda": 4180000, "ebitdaratio": 0.0464361891, "operatingIncome": 1943000, "operatingIncomeRatio": 0.0215850515, "totalOtherIncomeExpensesNet": 2265000, "incomeBeforeTax": 4208000, "incomeBeforeTaxRatio": 0.0467472449, "incomeTaxExpense": 1069000, "netIncome": 3139000, "netIncomeRatio": 0.0348715784, "eps": 0.04, "epsdiluted": 0.04, "weightedAverageShsOut": 73992000, "weightedAverageShsOutDil": 77068000, "link": "https://www.sec.gov/Archives/edgar/data/1013857/000119312510254397/0001193125-10-254397-index.htm", "finalLink": "https://www.sec.gov/Archives/edgar/data/1013857/000119312510254397/d10q.htm"}]