[{"date": "2025-06-30", "symbol": "ENPH", "reportedCurrency": "USD", "cik": "0001463101", "fillingDate": "2025-06-30", "acceptedDate": "2025-06-29 20:00:00", "calendarYear": "2025", "period": "Q2", "revenue": 363153000, "costOfRevenue": 196119000, "grossProfit": 167034000, "grossProfitRatio": 0.459954895, "researchAndDevelopmentExpenses": 45421000, "generalAndAdministrativeExpenses": 0, "sellingAndMarketingExpenses": 0, "sellingGeneralAndAdministrativeExpenses": 81284000, "otherExpenses": 0, "operatingExpenses": 126705000, "costAndExpenses": 322824000, "interestIncome": 14911000, "interestExpense": 815000, "depreciationAndAmortization": 20085000, "ebitda": 63105000, "ebitdaratio": 0.1737697334, "operatingIncome": 40329000, "operatingIncomeRatio": 0.1110523664, "totalOtherIncomeExpensesNet": 1876000, "incomeBeforeTax": 42205000, "incomeBeforeTaxRatio": 0.1162182331, "incomeTaxExpense": 5153000, "netIncome": 37052000, "netIncomeRatio": 0.1020286215, "eps": 0.28, "epsdiluted": 0.27, "weightedAverageShsOut": 131031000, "weightedAverageShsOutDil": 135219000, "link": null, "finalLink": null}, {"date": "2025-03-31", "symbol": "ENPH", "reportedCurrency": "USD", "cik": "0001463101", "fillingDate": "2025-04-22", "acceptedDate": "2025-04-22 16:27:09", "calendarYear": "2025", "period": "Q1", "revenue": 356084000, "costOfRevenue": 187843000, "grossProfit": 168241000, "grossProfitRatio": 0.4724755956, "researchAndDevelopmentExpenses": 50174000, "generalAndAdministrativeExpenses": 34035000, "sellingAndMarketingExpenses": 48948000, "sellingGeneralAndAdministrativeExpenses": 82983000, "otherExpenses": 3162000, "operatingExpenses": 136319000, "costAndExpenses": 324162000, "interestIncome": 17032000, "interestExpense": 2047000, "depreciationAndAmortization": 19915000, "ebitda": 68855000, "ebitdaratio": 0.1933672954, "operatingIncome": 31922000, "operatingIncomeRatio": 0.0896473866, "totalOtherIncomeExpensesNet": 14971000, "incomeBeforeTax": 46893000, "incomeBeforeTaxRatio": 0.131690837, "incomeTaxExpense": 17163000, "netIncome": 29730000, "netIncomeRatio": 0.0834915357, "eps": 0.23, "epsdiluted": 0.22, "weightedAverageShsOut": 131869000, "weightedAverageShsOutDil": 136208000, "link": "https://www.sec.gov/Archives/edgar/data/1463101/000146310125000056/0001463101-25-000056-index.htm", "finalLink": "https://www.sec.gov/Archives/edgar/data/1463101/000146310125000056/enph-20250331.htm"}, {"date": "2024-12-31", "symbol": "ENPH", "reportedCurrency": "USD", "cik": "0001463101", "fillingDate": "2025-02-10", "acceptedDate": "2025-02-07 19:06:51", "calendarYear": "2024", "period": "Q4", "revenue": 382713000, "costOfRevenue": 184420000, "grossProfit": 198293000, "grossProfitRatio": 0.5181245476, "researchAndDevelopmentExpenses": 50390000, "generalAndAdministrativeExpenses": 31901000, "sellingAndMarketingExpenses": 51799000, "sellingGeneralAndAdministrativeExpenses": 83700000, "otherExpenses": 9399000, "operatingExpenses": 143489000, "costAndExpenses": 327909000, "interestIncome": 18417000, "interestExpense": 2252000, "depreciationAndAmortization": 20665000, "ebitda": 92616000, "ebitdaratio": 0.2419985733, "operatingIncome": 54804000, "operatingIncomeRatio": 0.1431986894, "totalOtherIncomeExpensesNet": 14895000, "incomeBeforeTax": 69699000, "incomeBeforeTaxRatio": 0.182118193, "incomeTaxExpense": 7539000, "netIncome": 62160000, "netIncomeRatio": 0.1624193586, "eps": 0.46, "epsdiluted": 0.45, "weightedAverageShsOut": 133815000, "weightedAverageShsOutDil": 138128000, "link": "https://www.sec.gov/Archives/edgar/data/1463101/000146310125000024/0001463101-25-000024-index.htm", "finalLink": "https://www.sec.gov/Archives/edgar/data/1463101/000146310125000024/enph-20241231.htm"}, {"date": "2024-09-30", "symbol": "ENPH", "reportedCurrency": "USD", "cik": "0001463101", "fillingDate": "2024-10-22", "acceptedDate": "2024-10-22 16:25:09", "calendarYear": "2024", "period": "Q3", "revenue": 380873000, "costOfRevenue": 202702000, "grossProfit": 178171000, "grossProfitRatio": 0.4677963521, "researchAndDevelopmentExpenses": 47843000, "generalAndAdministrativeExpenses": 30192000, "sellingAndMarketingExpenses": 49671000, "sellingGeneralAndAdministrativeExpenses": 79863000, "otherExpenses": 677000, "operatingExpenses": 128383000, "costAndExpenses": 331085000, "interestIncome": 19977000, "interestExpense": 2237000, "depreciationAndAmortization": 20103000, "ebitda": 73083000, "ebitdaratio": 0.1918828586, "operatingIncome": 49788000, "operatingIncomeRatio": 0.1307207389, "totalOtherIncomeExpensesNet": 955000, "incomeBeforeTax": 50743000, "incomeBeforeTaxRatio": 0.1332281364, "incomeTaxExpense": 4981000, "netIncome": 45762000, "netIncomeRatio": 0.1201502863, "eps": 0.34, "epsdiluted": 0.33, "weightedAverageShsOut": 135329000, "weightedAverageShsOutDil": 139914000, "link": "https://www.sec.gov/Archives/edgar/data/1463101/000146310124000141/0001463101-24-000141-index.htm", "finalLink": "https://www.sec.gov/Archives/edgar/data/1463101/000146310124000141/enph-20240930.htm"}, {"date": "2024-06-30", "symbol": "ENPH", "reportedCurrency": "USD", "cik": "0001463101", "fillingDate": "2024-07-23", "acceptedDate": "2024-07-23 16:25:59", "calendarYear": "2024", "period": "Q2", "revenue": 303458000, "costOfRevenue": 166292000, "grossProfit": 137166000, "grossProfitRatio": 0.4520098333, "researchAndDevelopmentExpenses": 48871000, "generalAndAdministrativeExpenses": 33550000, "sellingAndMarketingExpenses": 51775000, "sellingGeneralAndAdministrativeExpenses": 85325000, "otherExpenses": 1171000, "operatingExpenses": 135367000, "costAndExpenses": 301659000, "interestIncome": 19203000, "interestExpense": 2220000, "depreciationAndAmortization": 20484000, "ebitda": 33920000, "ebitdaratio": 0.1117782362, "operatingIncome": 1799000, "operatingIncomeRatio": 0.0059283328, "totalOtherIncomeExpensesNet": 9417000, "incomeBeforeTax": 11216000, "incomeBeforeTaxRatio": 0.0369606338, "incomeTaxExpense": 383000, "netIncome": 10833000, "netIncomeRatio": 0.0356985151, "eps": 0.08, "epsdiluted": 0.08, "weightedAverageShsOut": 135646000, "weightedAverageShsOutDil": 136123000, "link": "https://www.sec.gov/Archives/edgar/data/1463101/000146310124000119/0001463101-24-000119-index.htm", "finalLink": "https://www.sec.gov/Archives/edgar/data/1463101/000146310124000119/enph-20240630.htm"}, {"date": "2024-03-31", "symbol": "ENPH", "reportedCurrency": "USD", "cik": "0001463101", "fillingDate": "2024-04-23", "acceptedDate": "2024-04-23 16:28:47", "calendarYear": "2024", "period": "Q1", "revenue": 263339000, "costOfRevenue": 147831000, "grossProfit": 115508000, "grossProfitRatio": 0.4386285358, "researchAndDevelopmentExpenses": 54211000, "generalAndAdministrativeExpenses": 35182000, "sellingAndMarketingExpenses": 53307000, "sellingGeneralAndAdministrativeExpenses": 88489000, "otherExpenses": 1907000, "operatingExpenses": 144607000, "costAndExpenses": 292438000, "interestIncome": 19709000, "interestExpense": 2196000, "depreciationAndAmortization": 20137000, "ebitda": 10834000, "ebitdaratio": 0.0411408868, "operatingIncome": -27192000, "operatingIncomeRatio": -0.1032585375, "totalOtherIncomeExpensesNet": 17600000, "incomeBeforeTax": -11499000, "incomeBeforeTaxRatio": -0.043666149, "incomeTaxExpense": 4598000, "netIncome": -16097000, "netIncomeRatio": -0.0611265327, "eps": -0.12, "epsdiluted": -0.12, "weightedAverageShsOut": 135891000, "weightedAverageShsOutDil": 135891000, "link": "https://www.sec.gov/Archives/edgar/data/1463101/000146310124000071/0001463101-24-000071-index.htm", "finalLink": "https://www.sec.gov/Archives/edgar/data/1463101/000146310124000071/enph-20240331.htm"}, {"date": "2023-12-31", "symbol": "ENPH", "reportedCurrency": "USD", "cik": "0001463101", "fillingDate": "2024-02-09", "acceptedDate": "2024-02-09 16:31:29", "calendarYear": "2023", "period": "Q4", "revenue": 302570000, "costOfRevenue": 155908000, "grossProfit": 146662000, "grossProfitRatio": 0.484720891, "researchAndDevelopmentExpenses": 55291000, "generalAndAdministrativeExpenses": 33379000, "sellingAndMarketingExpenses": 53409000, "sellingGeneralAndAdministrativeExpenses": 86788000, "otherExpenses": 0, "operatingExpenses": 142079000, "costAndExpenses": 297987000, "interestIncome": 20493000, "interestExpense": 2268000, "depreciationAndAmortization": 20841000, "ebitda": 35336000, "ebitdaratio": 0.1167861982, "operatingIncome": -10231000, "operatingIncomeRatio": -0.033813663, "totalOtherIncomeExpensesNet": 22458000, "incomeBeforeTax": 12227000, "incomeBeforeTaxRatio": 0.0404104835, "incomeTaxExpense": -8692000, "netIncome": 20919000, "netIncomeRatio": 0.0691377202, "eps": 0.15, "epsdiluted": 0.15, "weightedAverageShsOut": 136092000, "weightedAverageShsOutDil": 139205000, "link": "https://www.sec.gov/Archives/edgar/data/1463101/000146310124000024/0001463101-24-000024-index.htm", "finalLink": "https://www.sec.gov/Archives/edgar/data/1463101/000146310124000024/enph-20231231.htm"}, {"date": "2023-09-30", "symbol": "ENPH", "reportedCurrency": "USD", "cik": "0001463101", "fillingDate": "2023-10-26", "acceptedDate": "2023-10-26 16:23:13", "calendarYear": "2023", "period": "Q3", "revenue": 551082000, "costOfRevenue": 289069000, "grossProfit": 262013000, "grossProfitRatio": 0.4754519291, "researchAndDevelopmentExpenses": 54873000, "generalAndAdministrativeExpenses": 33794000, "sellingAndMarketingExpenses": 55357000, "sellingGeneralAndAdministrativeExpenses": 89151000, "otherExpenses": 0, "operatingExpenses": 144024000, "costAndExpenses": 433093000, "interestIncome": 19669000, "interestExpense": 2196000, "depreciationAndAmortization": 19448000, "ebitda": 158989000, "ebitdaratio": 0.2885033443, "operatingIncome": 117989000, "operatingIncomeRatio": 0.2141042531, "totalOtherIncomeExpensesNet": 19356000, "incomeBeforeTax": 137345000, "incomeBeforeTaxRatio": 0.2492278826, "incomeTaxExpense": 23392000, "netIncome": 113953000, "netIncomeRatio": 0.2067804791, "eps": 0.84, "epsdiluted": 0.8, "weightedAverageShsOut": 136165000, "weightedAverageShsOutDil": 143863000, "link": "https://www.sec.gov/Archives/edgar/data/1463101/000146310123000165/0001463101-23-000165-index.htm", "finalLink": "https://www.sec.gov/Archives/edgar/data/1463101/000146310123000165/enph-20230930.htm"}, {"date": "2023-06-30", "symbol": "ENPH", "reportedCurrency": "USD", "cik": "0001463101", "fillingDate": "2023-07-27", "acceptedDate": "2023-07-27 16:14:13", "calendarYear": "2023", "period": "Q2", "revenue": 711118000, "costOfRevenue": 387776000, "grossProfit": 323342000, "grossProfitRatio": 0.4546952826, "researchAndDevelopmentExpenses": 60043000, "generalAndAdministrativeExpenses": 34397000, "sellingAndMarketingExpenses": 58405000, "sellingGeneralAndAdministrativeExpenses": 92802000, "otherExpenses": -33000, "operatingExpenses": 152845000, "costAndExpenses": 540621000, "interestIncome": 16526000, "interestExpense": 2219000, "depreciationAndAmortization": 17828000, "ebitda": 204641000, "ebitdaratio": 0.2877736184, "operatingIncome": 170320000, "operatingIncomeRatio": 0.2395101797, "totalOtherIncomeExpensesNet": 14274000, "incomeBeforeTax": 184594000, "incomeBeforeTaxRatio": 0.2595827978, "incomeTaxExpense": 27403000, "netIncome": 157191000, "netIncomeRatio": 0.2210477024, "eps": 1.15, "epsdiluted": 1.09, "weightedAverageShsOut": 136607000, "weightedAverageShsOutDil": 145098000, "link": "https://www.sec.gov/Archives/edgar/data/1463101/000146310123000140/0001463101-23-000140-index.htm", "finalLink": "https://www.sec.gov/Archives/edgar/data/1463101/000146310123000140/enph-20230630.htm"}, {"date": "2023-03-31", "symbol": "ENPH", "reportedCurrency": "USD", "cik": "0001463101", "fillingDate": "2023-04-25", "acceptedDate": "2023-04-25 16:13:52", "calendarYear": "2023", "period": "Q1", "revenue": 726016000, "costOfRevenue": 399645000, "grossProfit": 326371000, "grossProfitRatio": 0.4495369248, "researchAndDevelopmentExpenses": 57129000, "generalAndAdministrativeExpenses": 36265000, "sellingAndMarketingExpenses": 64621000, "sellingGeneralAndAdministrativeExpenses": 100886000, "otherExpenses": 693000, "operatingExpenses": 158708000, "costAndExpenses": 558353000, "interestIncome": 13040000, "interestExpense": 2156000, "depreciationAndAmortization": 16591000, "ebitda": 197720000, "ebitdaratio": 0.2723355959, "operatingIncome": 167663000, "operatingIncomeRatio": 0.2309356819, "totalOtherIncomeExpensesNet": 11310000, "incomeBeforeTax": 178973000, "incomeBeforeTaxRatio": 0.2465138509, "incomeTaxExpense": 32100000, "netIncome": 146873000, "netIncomeRatio": 0.2022999493, "eps": 1.09, "epsdiluted": 1.02, "weightedAverageShsOut": 136689000, "weightedAverageShsOutDil": 145986000, "link": "https://www.sec.gov/Archives/edgar/data/1463101/000146310123000085/0001463101-23-000085-index.htm", "finalLink": "https://www.sec.gov/Archives/edgar/data/1463101/000146310123000085/enph-20230331.htm"}, {"date": "2022-12-31", "symbol": "ENPH", "reportedCurrency": "USD", "cik": "0001463101", "fillingDate": "2023-02-13", "acceptedDate": "2023-02-10 20:05:59", "calendarYear": "2022", "period": "Q4", "revenue": 724652000, "costOfRevenue": 413951000, "grossProfit": 310701000, "grossProfitRatio": 0.4287589077, "researchAndDevelopmentExpenses": 49683000, "generalAndAdministrativeExpenses": 37355000, "sellingAndMarketingExpenses": 64913000, "sellingGeneralAndAdministrativeExpenses": 102268000, "otherExpenses": 0, "operatingExpenses": 151951000, "costAndExpenses": 565902000, "interestIncome": 8720000, "interestExpense": 2279000, "depreciationAndAmortization": 16009000, "ebitda": 186466000, "ebitdaratio": 0.2573179954, "operatingIncome": 156960000, "operatingIncomeRatio": 0.21660052, "totalOtherIncomeExpensesNet": 11218000, "incomeBeforeTax": 168178000, "incomeBeforeTaxRatio": 0.2320810541, "incomeTaxExpense": 14425000, "netIncome": 153753000, "netIncomeRatio": 0.2121749474, "eps": 1.13, "epsdiluted": 1.06, "weightedAverageShsOut": 136167000, "weightedAverageShsOutDil": 146311000, "link": "https://www.sec.gov/Archives/edgar/data/1463101/000146310123000025/0001463101-23-000025-index.htm", "finalLink": "https://www.sec.gov/Archives/edgar/data/1463101/000146310123000025/enph-20221231.htm"}, {"date": "2022-09-30", "symbol": "ENPH", "reportedCurrency": "USD", "cik": "0001463101", "fillingDate": "2022-10-25", "acceptedDate": "2022-10-25 16:24:12", "calendarYear": "2022", "period": "Q3", "revenue": 634713000, "costOfRevenue": 366797000, "grossProfit": 267916000, "grossProfitRatio": 0.4221057391, "researchAndDevelopmentExpenses": 44188000, "generalAndAdministrativeExpenses": 32436000, "sellingAndMarketingExpenses": 55257000, "sellingGeneralAndAdministrativeExpenses": 87693000, "otherExpenses": 594000, "operatingExpenses": 131881000, "costAndExpenses": 498678000, "interestIncome": 3680000, "interestExpense": 2255000, "depreciationAndAmortization": 11961000, "ebitda": 148471000, "ebitdaratio": 0.2339183221, "operatingIncome": 135441000, "operatingIncomeRatio": 0.2133893587, "totalOtherIncomeExpensesNet": -1186000, "incomeBeforeTax": 134255000, "incomeBeforeTaxRatio": 0.2115207976, "incomeTaxExpense": 19443000, "netIncome": 114812000, "netIncomeRatio": 0.1808880549, "eps": 0.8, "epsdiluted": 0.79, "weightedAverageShsOut": 143927532, "weightedAverageShsOutDil": 145962000, "link": "https://www.sec.gov/Archives/edgar/data/1463101/000146310122000112/0001463101-22-000112-index.htm", "finalLink": "https://www.sec.gov/Archives/edgar/data/1463101/000146310122000112/enph-20220930.htm"}, {"date": "2022-06-30", "symbol": "ENPH", "reportedCurrency": "USD", "cik": "0001463101", "fillingDate": "2022-07-26", "acceptedDate": "2022-07-26 16:22:27", "calendarYear": "2022", "period": "Q2", "revenue": 530196000, "costOfRevenue": 311191000, "grossProfit": 219005000, "grossProfitRatio": 0.4130642253, "researchAndDevelopmentExpenses": 39256000, "generalAndAdministrativeExpenses": 32125000, "sellingAndMarketingExpenses": 53588000, "sellingGeneralAndAdministrativeExpenses": 85713000, "otherExpenses": -456000, "operatingExpenses": 124969000, "costAndExpenses": 436160000, "interestIncome": 796000, "interestExpense": 2168000, "depreciationAndAmortization": 15247000, "ebitda": 109623000, "ebitdaratio": 0.2067593871, "operatingIncome": 94036000, "operatingIncomeRatio": 0.1773608251, "totalOtherIncomeExpensesNet": -1828000, "incomeBeforeTax": 92208000, "incomeBeforeTaxRatio": 0.1739130435, "incomeTaxExpense": 15232000, "netIncome": 76976000, "netIncomeRatio": 0.1451840451, "eps": 0.54, "epsdiluted": 0.54, "weightedAverageShsOut": 142499592, "weightedAverageShsOutDil": 143725000, "link": "https://www.sec.gov/Archives/edgar/data/1463101/000146310122000094/0001463101-22-000094-index.htm", "finalLink": "https://www.sec.gov/Archives/edgar/data/1463101/000146310122000094/enph-20220630.htm"}, {"date": "2022-03-31", "symbol": "ENPH", "reportedCurrency": "USD", "cik": "0001463101", "fillingDate": "2022-04-26", "acceptedDate": "2022-04-26 16:10:50", "calendarYear": "2022", "period": "Q1", "revenue": 441292000, "costOfRevenue": 264319000, "grossProfit": 176973000, "grossProfitRatio": 0.4010337826, "researchAndDevelopmentExpenses": 35719000, "generalAndAdministrativeExpenses": 38086000, "sellingAndMarketingExpenses": 41344000, "sellingGeneralAndAdministrativeExpenses": 79430000, "otherExpenses": 0, "operatingExpenses": 115149000, "costAndExpenses": 379468000, "interestIncome": 460000, "interestExpense": 2736000, "depreciationAndAmortization": 15558000, "ebitda": 75701000, "ebitdaratio": 0.1715440117, "operatingIncome": 61824000, "operatingIncomeRatio": 0.1400977131, "totalOtherIncomeExpensesNet": -4417000, "incomeBeforeTax": 57407000, "incomeBeforeTaxRatio": 0.1300884675, "incomeTaxExpense": 5586000, "netIncome": 51821000, "netIncomeRatio": 0.1174301823, "eps": 0.37, "epsdiluted": 0.36, "weightedAverageShsOut": 140393701, "weightedAverageShsOutDil": 144617000, "link": "https://www.sec.gov/Archives/edgar/data/1463101/000146310122000053/0001463101-22-000053-index.htm", "finalLink": "https://www.sec.gov/Archives/edgar/data/1463101/000146310122000053/enph-20220331.htm"}, {"date": "2021-12-31", "symbol": "ENPH", "reportedCurrency": "USD", "cik": "0001463101", "fillingDate": "2022-02-11", "acceptedDate": "2022-02-11 16:32:09", "calendarYear": "2021", "period": "Q4", "revenue": 412719000, "costOfRevenue": 249405000, "grossProfit": 163314000, "grossProfitRatio": 0.3957026451, "researchAndDevelopmentExpenses": 31589000, "generalAndAdministrativeExpenses": 29560000, "sellingAndMarketingExpenses": 44470000, "sellingGeneralAndAdministrativeExpenses": 74030000, "otherExpenses": 0, "operatingExpenses": 105619000, "costAndExpenses": 355024000, "interestIncome": 414000, "interestExpense": 12689000, "depreciationAndAmortization": 10972000, "ebitda": 74202000, "ebitdaratio": 0.1797881852, "operatingIncome": 57695000, "operatingIncomeRatio": 0.1397924496, "totalOtherIncomeExpensesNet": -7154000, "incomeBeforeTax": 50541000, "incomeBeforeTaxRatio": 0.122458622, "incomeTaxExpense": -2050000, "netIncome": 52591000, "netIncomeRatio": 0.1274256819, "eps": 0.39, "epsdiluted": 0.37, "weightedAverageShsOut": 134920000, "weightedAverageShsOutDil": 141480000, "link": "https://www.sec.gov/Archives/edgar/data/1463101/000146310122000016/0001463101-22-000016-index.htm", "finalLink": "https://www.sec.gov/Archives/edgar/data/1463101/000146310122000016/enph-20211231.htm"}, {"date": "2021-09-30", "symbol": "ENPH", "reportedCurrency": "USD", "cik": "0001463101", "fillingDate": "2021-10-26", "acceptedDate": "2021-10-26 16:10:04", "calendarYear": "2021", "period": "Q3", "revenue": 351519000, "costOfRevenue": 211161000, "grossProfit": 140358000, "grossProfitRatio": 0.3992899388, "researchAndDevelopmentExpenses": 29411000, "generalAndAdministrativeExpenses": 34300000, "sellingAndMarketingExpenses": 39296000, "sellingGeneralAndAdministrativeExpenses": 73596000, "otherExpenses": 874000, "operatingExpenses": 103007000, "costAndExpenses": 314168000, "interestIncome": 110000, "interestExpense": 12628000, "depreciationAndAmortization": 8313000, "ebitda": 46648000, "ebitdaratio": 0.1327040644, "operatingIncome": 37351000, "operatingIncomeRatio": 0.1062559919, "totalOtherIncomeExpensesNet": -11644000, "incomeBeforeTax": 25707000, "incomeBeforeTaxRatio": 0.0731311821, "incomeTaxExpense": 3898000, "netIncome": 21809000, "netIncomeRatio": 0.0620421656, "eps": 0.16, "epsdiluted": 0.15, "weightedAverageShsOut": 134721000, "weightedAverageShsOutDil": 141220000, "link": "https://www.sec.gov/Archives/edgar/data/1463101/000146310121000125/0001463101-21-000125-index.htm", "finalLink": "https://www.sec.gov/Archives/edgar/data/1463101/000146310121000125/enph-20210930.htm"}, {"date": "2021-06-30", "symbol": "ENPH", "reportedCurrency": "USD", "cik": "0001463101", "fillingDate": "2021-07-27", "acceptedDate": "2021-07-27 16:50:53", "calendarYear": "2021", "period": "Q2", "revenue": 316057000, "costOfRevenue": 188256000, "grossProfit": 127801000, "grossProfitRatio": 0.4043606058, "researchAndDevelopmentExpenses": 22708000, "generalAndAdministrativeExpenses": 20107000, "sellingAndMarketingExpenses": 25586000, "sellingGeneralAndAdministrativeExpenses": 45693000, "otherExpenses": -633000, "operatingExpenses": 68401000, "costAndExpenses": 256657000, "interestIncome": 98000, "interestExpense": 12506000, "depreciationAndAmortization": 7596000, "ebitda": 66448000, "ebitdaratio": 0.2102405579, "operatingIncome": 59400000, "operatingIncomeRatio": 0.1879407828, "totalOtherIncomeExpensesNet": -13054000, "incomeBeforeTax": 46346000, "incomeBeforeTaxRatio": 0.1466381064, "incomeTaxExpense": 6995000, "netIncome": 39351000, "netIncomeRatio": 0.1245060226, "eps": 0.29, "epsdiluted": 0.28, "weightedAverageShsOut": 135094000, "weightedAverageShsOutDil": 141533000, "link": "https://www.sec.gov/Archives/edgar/data/1463101/000146310121000108/0001463101-21-000108-index.htm", "finalLink": "https://www.sec.gov/Archives/edgar/data/1463101/000146310121000108/enph-20210630.htm"}, {"date": "2021-03-31", "symbol": "ENPH", "reportedCurrency": "USD", "cik": "0001463101", "fillingDate": "2021-04-27", "acceptedDate": "2021-04-27 16:14:25", "calendarYear": "2021", "period": "Q1", "revenue": 301754000, "costOfRevenue": 178805000, "grossProfit": 122949000, "grossProfitRatio": 0.4074477886, "researchAndDevelopmentExpenses": 21818000, "generalAndAdministrativeExpenses": 20123000, "sellingAndMarketingExpenses": 19622000, "sellingGeneralAndAdministrativeExpenses": 39745000, "otherExpenses": 0, "operatingExpenses": 61563000, "costAndExpenses": 240368000, "interestIncome": 73000, "interestExpense": 7329000, "depreciationAndAmortization": 5558000, "ebitda": 11221000, "ebitdaratio": 0.0371859197, "operatingIncome": 61386000, "operatingIncomeRatio": 0.203430609, "totalOtherIncomeExpensesNet": -63052000, "incomeBeforeTax": -1666000, "incomeBeforeTaxRatio": -0.0055210536, "incomeTaxExpense": -33364000, "netIncome": 31698000, "netIncomeRatio": 0.105045832, "eps": 0.24, "epsdiluted": 0.22, "weightedAverageShsOut": 131303000, "weightedAverageShsOutDil": 146442000, "link": "https://www.sec.gov/Archives/edgar/data/1463101/000146310121000066/0001463101-21-000066-index.htm", "finalLink": "https://www.sec.gov/Archives/edgar/data/1463101/000146310121000066/enph-20210331.htm"}, {"date": "2020-12-31", "symbol": "ENPH", "reportedCurrency": "USD", "cik": "0001463101", "fillingDate": "2021-02-16", "acceptedDate": "2021-02-12 17:59:37", "calendarYear": "2020", "period": "Q4", "revenue": 264839000, "costOfRevenue": 142901000, "grossProfit": 121938000, "grossProfitRatio": 0.460423125, "researchAndDevelopmentExpenses": 15801000, "generalAndAdministrativeExpenses": 12884000, "sellingAndMarketingExpenses": 14139000, "sellingGeneralAndAdministrativeExpenses": 27023000, "otherExpenses": 0, "operatingExpenses": 42824000, "costAndExpenses": 185725000, "interestIncome": 673000, "interestExpense": 5901000, "depreciationAndAmortization": 4475000, "ebitda": 81728000, "ebitdaratio": 0.3085950332, "operatingIncome": 79114000, "operatingIncomeRatio": 0.2987248857, "totalOtherIncomeExpensesNet": -7762000, "incomeBeforeTax": 71352000, "incomeBeforeTaxRatio": 0.2694165134, "incomeTaxExpense": -1639000, "netIncome": 72991000, "netIncomeRatio": 0.275605179, "eps": 0.57, "epsdiluted": 0.5, "weightedAverageShsOut": 126980000, "weightedAverageShsOutDil": 145990000, "link": "https://www.sec.gov/Archives/edgar/data/1463101/000146310121000016/0001463101-21-000016-index.htm", "finalLink": "https://www.sec.gov/Archives/edgar/data/1463101/000146310121000016/enph-20201231.htm"}, {"date": "2020-09-30", "symbol": "ENPH", "reportedCurrency": "USD", "cik": "0001463101", "fillingDate": "2020-10-27", "acceptedDate": "2020-10-27 16:18:45", "calendarYear": "2020", "period": "Q3", "revenue": 178503000, "costOfRevenue": 83522000, "grossProfit": 94981000, "grossProfitRatio": 0.5320974998, "researchAndDevelopmentExpenses": 15052000, "generalAndAdministrativeExpenses": 13525000, "sellingAndMarketingExpenses": 14645000, "sellingGeneralAndAdministrativeExpenses": 28170000, "otherExpenses": 0, "operatingExpenses": 43222000, "costAndExpenses": 126744000, "interestIncome": 110000, "interestExpense": 5993000, "depreciationAndAmortization": 4765000, "ebitda": 55603000, "ebitdaratio": 0.3114961653, "operatingIncome": 51759000, "operatingIncomeRatio": 0.2899615133, "totalOtherIncomeExpensesNet": -6914000, "incomeBeforeTax": 44845000, "incomeBeforeTaxRatio": 0.2512282707, "incomeTaxExpense": 5483000, "netIncome": 39362000, "netIncomeRatio": 0.2205117001, "eps": 0.31, "epsdiluted": 0.28, "weightedAverageShsOut": 126109000, "weightedAverageShsOutDil": 141820000, "link": "https://www.sec.gov/Archives/edgar/data/1463101/000146310120000127/0001463101-20-000127-index.htm", "finalLink": "https://www.sec.gov/Archives/edgar/data/1463101/000146310120000127/a2020q310-qdoc.htm"}, {"date": "2020-06-30", "symbol": "ENPH", "reportedCurrency": "USD", "cik": "0001463101", "fillingDate": "2020-08-04", "acceptedDate": "2020-08-04 16:27:10", "calendarYear": "2020", "period": "Q2", "revenue": 125538000, "costOfRevenue": 77151000, "grossProfit": 48387000, "grossProfitRatio": 0.3854370788, "researchAndDevelopmentExpenses": 13192000, "generalAndAdministrativeExpenses": 11970000, "sellingAndMarketingExpenses": 12371000, "sellingGeneralAndAdministrativeExpenses": 24341000, "otherExpenses": 0, "operatingExpenses": 37533000, "costAndExpenses": 114684000, "interestIncome": 282000, "interestExpense": 5952000, "depreciationAndAmortization": 4141000, "ebitda": -43762000, "ebitdaratio": -0.3485956443, "operatingIncome": 10854000, "operatingIncomeRatio": 0.0864598767, "totalOtherIncomeExpensesNet": -64709000, "incomeBeforeTax": -53855000, "incomeBeforeTaxRatio": -0.4289936115, "incomeTaxExpense": -6561000, "netIncome": -47294000, "netIncomeRatio": -0.3767305517, "eps": -0.38, "epsdiluted": -0.38, "weightedAverageShsOut": 124457894, "weightedAverageShsOutDil": 125603000, "link": "https://www.sec.gov/Archives/edgar/data/1463101/000146310120000107/0001463101-20-000107-index.htm", "finalLink": "https://www.sec.gov/Archives/edgar/data/1463101/000146310120000107/a2020q210-qdoc.htm"}, {"date": "2020-03-31", "symbol": "ENPH", "reportedCurrency": "USD", "cik": "0001463101", "fillingDate": "2020-05-05", "acceptedDate": "2020-05-05 16:22:02", "calendarYear": "2020", "period": "Q1", "revenue": 205545000, "costOfRevenue": 124870000, "grossProfit": 80675000, "grossProfitRatio": 0.392493128, "researchAndDevelopmentExpenses": 11876000, "generalAndAdministrativeExpenses": 12315000, "sellingAndMarketingExpenses": 11772000, "sellingGeneralAndAdministrativeExpenses": 24087000, "otherExpenses": 0, "operatingExpenses": 35963000, "costAndExpenses": 160833000, "interestIncome": 1091000, "interestExpense": 3155000, "depreciationAndAmortization": 3844000, "ebitda": 64067000, "ebitdaratio": 0.3116933032, "operatingIncome": 44712000, "operatingIncomeRatio": 0.2175290082, "totalOtherIncomeExpensesNet": 12356000, "incomeBeforeTax": 57068000, "incomeBeforeTaxRatio": 0.2776423654, "incomeTaxExpense": -11868000, "netIncome": 68936000, "netIncomeRatio": 0.3353815466, "eps": 0.56, "epsdiluted": 0.5, "weightedAverageShsOut": 123531000, "weightedAverageShsOutDil": 138104000, "link": "https://www.sec.gov/Archives/edgar/data/1463101/000146310120000068/0001463101-20-000068-index.htm", "finalLink": "https://www.sec.gov/Archives/edgar/data/1463101/000146310120000068/a2020q110-qdoc.htm"}, {"date": "2019-12-31", "symbol": "ENPH", "reportedCurrency": "USD", "cik": "0001463101", "fillingDate": "2020-02-21", "acceptedDate": "2020-02-21 17:26:14", "calendarYear": "2019", "period": "Q4", "revenue": 210032000, "costOfRevenue": 132151000, "grossProfit": 77881000, "grossProfitRatio": 0.3708054011, "researchAndDevelopmentExpenses": 11168000, "generalAndAdministrativeExpenses": 10450000, "sellingAndMarketingExpenses": 10690000, "sellingGeneralAndAdministrativeExpenses": 21140000, "otherExpenses": 0, "operatingExpenses": 32308000, "costAndExpenses": 164459000, "interestIncome": 815000, "interestExpense": 2303000, "depreciationAndAmortization": 2568000, "ebitda": 49292000, "ebitdaratio": 0.2346880475, "operatingIncome": 44442000, "operatingIncomeRatio": 0.2115963282, "totalOtherIncomeExpensesNet": -21000, "incomeBeforeTax": 44421000, "incomeBeforeTaxRatio": 0.2114963434, "incomeTaxExpense": -72245000, "netIncome": 116666000, "netIncomeRatio": 0.5554677382, "eps": 0.95, "epsdiluted": 0.88, "weightedAverageShsOut": 122630000, "weightedAverageShsOutDil": 132872000, "link": "https://www.sec.gov/Archives/edgar/data/1463101/000146310120000021/0001463101-20-000021-index.htm", "finalLink": "https://www.sec.gov/Archives/edgar/data/1463101/000146310120000021/a2019q410-kdoc.htm"}, {"date": "2019-09-30", "symbol": "ENPH", "reportedCurrency": "USD", "cik": "0001463101", "fillingDate": "2019-10-29", "acceptedDate": "2019-10-29 19:41:49", "calendarYear": "2019", "period": "Q3", "revenue": 180057000, "costOfRevenue": 115351000, "grossProfit": 64706000, "grossProfitRatio": 0.3593639792, "researchAndDevelopmentExpenses": 11085000, "generalAndAdministrativeExpenses": 9895000, "sellingAndMarketingExpenses": 9551000, "sellingGeneralAndAdministrativeExpenses": 19446000, "otherExpenses": 0, "operatingExpenses": 30531000, "costAndExpenses": 145882000, "interestIncome": 894000, "interestExpense": 2286000, "depreciationAndAmortization": 3857000, "ebitda": 37514000, "ebitdaratio": 0.2083451352, "operatingIncome": 33706000, "operatingIncomeRatio": 0.1871962767, "totalOtherIncomeExpensesNet": -2335000, "incomeBeforeTax": 31371000, "incomeBeforeTaxRatio": 0.1742281611, "incomeTaxExpense": 272000, "netIncome": 31099000, "netIncomeRatio": 0.1727175283, "eps": 0.25, "epsdiluted": 0.23, "weightedAverageShsOut": 122123000, "weightedAverageShsOutDil": 133611000, "link": "https://www.sec.gov/Archives/edgar/data/1463101/000146310119000157/0001463101-19-000157-index.htm", "finalLink": "https://www.sec.gov/Archives/edgar/data/1463101/000146310119000157/a2019q310-qdoc.htm"}, {"date": "2019-06-30", "symbol": "ENPH", "reportedCurrency": "USD", "cik": "0001463101", "fillingDate": "2019-07-30", "acceptedDate": "2019-07-30 16:16:49", "calendarYear": "2019", "period": "Q2", "revenue": 134094000, "costOfRevenue": 88775000, "grossProfit": 45319000, "grossProfitRatio": 0.337964413, "researchAndDevelopmentExpenses": 9604000, "generalAndAdministrativeExpenses": 8583000, "sellingAndMarketingExpenses": 9054000, "sellingGeneralAndAdministrativeExpenses": 17637000, "otherExpenses": 0, "operatingExpenses": 27241000, "costAndExpenses": 116016000, "interestIncome": 593000, "interestExpense": 1351000, "depreciationAndAmortization": 4122000, "ebitda": 16682000, "ebitdaratio": 0.1244052679, "operatingIncome": 17447000, "operatingIncomeRatio": 0.1301102212, "totalOtherIncomeExpensesNet": -6238000, "incomeBeforeTax": 11209000, "incomeBeforeTaxRatio": 0.0835906155, "incomeTaxExpense": 591000, "netIncome": 10618000, "netIncomeRatio": 0.0791832595, "eps": 0.09, "epsdiluted": 0.08, "weightedAverageShsOut": 113677000, "weightedAverageShsOutDil": 130737000, "link": "https://www.sec.gov/Archives/edgar/data/1463101/000146310119000129/0001463101-19-000129-index.htm", "finalLink": "https://www.sec.gov/Archives/edgar/data/1463101/000146310119000129/a2019q210-qdoc.htm"}, {"date": "2019-03-31", "symbol": "ENPH", "reportedCurrency": "USD", "cik": "0001463101", "fillingDate": "2019-04-30", "acceptedDate": "2019-04-30 16:18:00", "calendarYear": "2019", "period": "Q1", "revenue": 100150000, "costOfRevenue": 66811000, "grossProfit": 33339000, "grossProfitRatio": 0.332890664, "researchAndDevelopmentExpenses": 8524000, "generalAndAdministrativeExpenses": 9880000, "sellingAndMarketingExpenses": 7433000, "sellingGeneralAndAdministrativeExpenses": 17313000, "otherExpenses": 0, "operatingExpenses": 25837000, "costAndExpenses": 92648000, "interestIncome": 0, "interestExpense": 3540000, "depreciationAndAmortization": 3572000, "ebitda": 10225000, "ebitdaratio": 0.1020968547, "operatingIncome": 7134000, "operatingIncomeRatio": 0.0712331503, "totalOtherIncomeExpensesNet": -4021000, "incomeBeforeTax": 3113000, "incomeBeforeTaxRatio": 0.0310833749, "incomeTaxExpense": 348000, "netIncome": 2765000, "netIncomeRatio": 0.0276085871, "eps": 0.03, "epsdiluted": 0.02, "weightedAverageShsOut": 108195000, "weightedAverageShsOutDil": 115863000, "link": "https://www.sec.gov/Archives/edgar/data/1463101/000146310119000089/0001463101-19-000089-index.htm", "finalLink": "https://www.sec.gov/Archives/edgar/data/1463101/000146310119000089/a2019q110-qdoc.htm"}, {"date": "2018-12-31", "symbol": "ENPH", "reportedCurrency": "USD", "cik": "0001463101", "fillingDate": "2019-03-15", "acceptedDate": "2019-03-15 13:07:20", "calendarYear": "2018", "period": "Q4", "revenue": 92289000, "costOfRevenue": 64124000, "grossProfit": 28165000, "grossProfitRatio": 0.3051826328, "researchAndDevelopmentExpenses": 7340000, "generalAndAdministrativeExpenses": 7664000, "sellingAndMarketingExpenses": 6617000, "sellingGeneralAndAdministrativeExpenses": 14281000, "otherExpenses": 0, "operatingExpenses": 21621000, "costAndExpenses": 85745000, "interestIncome": 0, "interestExpense": 2605000, "depreciationAndAmortization": 2717000, "ebitda": 9261000, "ebitdaratio": 0.1003478204, "operatingIncome": 5003000, "operatingIncomeRatio": 0.0542101442, "totalOtherIncomeExpensesNet": -3718000, "incomeBeforeTax": 1285000, "incomeBeforeTaxRatio": 0.0139236529, "incomeTaxExpense": 576000, "netIncome": 709000, "netIncomeRatio": 0.007682389, "eps": 0.01, "epsdiluted": 0.01, "weightedAverageShsOut": 106638000, "weightedAverageShsOutDil": 113888000, "link": "https://www.sec.gov/Archives/edgar/data/1463101/000146310119000033/0001463101-19-000033-index.htm", "finalLink": "https://www.sec.gov/Archives/edgar/data/1463101/000146310119000033/a2018form10-k.htm"}, {"date": "2018-09-30", "symbol": "ENPH", "reportedCurrency": "USD", "cik": "0001463101", "fillingDate": "2018-11-06", "acceptedDate": "2018-11-06 16:34:50", "calendarYear": "2018", "period": "Q3", "revenue": 78002000, "costOfRevenue": 52738000, "grossProfit": 25264000, "grossProfitRatio": 0.323889131, "researchAndDevelopmentExpenses": 8165000, "generalAndAdministrativeExpenses": 7510000, "sellingAndMarketingExpenses": 7375000, "sellingGeneralAndAdministrativeExpenses": 14885000, "otherExpenses": 0, "operatingExpenses": 23050000, "costAndExpenses": 75788000, "interestIncome": 0, "interestExpense": 2469000, "depreciationAndAmortization": 2481000, "ebitda": 1728000, "ebitdaratio": 0.0221532781, "operatingIncome": -374000, "operatingIncomeRatio": -0.0047947489, "totalOtherIncomeExpensesNet": -2848000, "incomeBeforeTax": -3222000, "incomeBeforeTaxRatio": -0.0413066332, "incomeTaxExpense": 248000, "netIncome": -3470000, "netIncomeRatio": -0.0444860388, "eps": -0.0338, "epsdiluted": -0.0338, "weightedAverageShsOut": 102798000, "weightedAverageShsOutDil": 102798000, "link": "https://www.sec.gov/Archives/edgar/data/1463101/000146310118000116/0001463101-18-000116-index.htm", "finalLink": "https://www.sec.gov/Archives/edgar/data/1463101/000146310118000116/a2018q3form10-q.htm"}, {"date": "2018-06-30", "symbol": "ENPH", "reportedCurrency": "USD", "cik": "0001463101", "fillingDate": "2018-08-06", "acceptedDate": "2018-08-06 13:28:19", "calendarYear": "2018", "period": "Q2", "revenue": 75896000, "costOfRevenue": 53195000, "grossProfit": 22701000, "grossProfitRatio": 0.2991066723, "researchAndDevelopmentExpenses": 9462000, "generalAndAdministrativeExpenses": 6969000, "sellingAndMarketingExpenses": 6828000, "sellingGeneralAndAdministrativeExpenses": 13797000, "otherExpenses": 0, "operatingExpenses": 23259000, "costAndExpenses": 76454000, "interestIncome": 0, "interestExpense": 2269000, "depreciationAndAmortization": 2193000, "ebitda": 1063000, "ebitdaratio": 0.0140060082, "operatingIncome": -558000, "operatingIncomeRatio": -0.0073521661, "totalOtherIncomeExpensesNet": -2841000, "incomeBeforeTax": -3399000, "incomeBeforeTaxRatio": -0.0447849689, "incomeTaxExpense": 339000, "netIncome": -3738000, "netIncomeRatio": -0.0492516075, "eps": -0.04, "epsdiluted": -0.0384, "weightedAverageShsOut": 93450000, "weightedAverageShsOutDil": 97321000, "link": "https://www.sec.gov/Archives/edgar/data/1463101/000146310118000075/0001463101-18-000075-index.htm", "finalLink": "https://www.sec.gov/Archives/edgar/data/1463101/000146310118000075/a2018q2form10-q.htm"}, {"date": "2018-03-31", "symbol": "ENPH", "reportedCurrency": "USD", "cik": "0001463101", "fillingDate": "2018-05-10", "acceptedDate": "2018-05-09 19:18:32", "calendarYear": "2018", "period": "Q1", "revenue": 69972000, "costOfRevenue": 51657000, "grossProfit": 18315000, "grossProfitRatio": 0.2617475562, "researchAndDevelopmentExpenses": 7620000, "generalAndAdministrativeExpenses": 6943000, "sellingAndMarketingExpenses": 6227000, "sellingGeneralAndAdministrativeExpenses": 13170000, "otherExpenses": -126000, "operatingExpenses": 20790000, "costAndExpenses": 72447000, "interestIncome": 0, "interestExpense": 2292000, "depreciationAndAmortization": 2276000, "ebitda": -325000, "ebitdaratio": -0.004644715, "operatingIncome": -2475000, "operatingIncomeRatio": -0.0353712914, "totalOtherIncomeExpensesNet": -2418000, "incomeBeforeTax": -4893000, "incomeBeforeTaxRatio": -0.0699279712, "incomeTaxExpense": 235000, "netIncome": -5128000, "netIncomeRatio": -0.0732864574, "eps": -0.0561, "epsdiluted": -0.0561, "weightedAverageShsOut": 91422000, "weightedAverageShsOutDil": 91422000, "link": "https://www.sec.gov/Archives/edgar/data/1463101/000146310118000047/0001463101-18-000047-index.htm", "finalLink": "https://www.sec.gov/Archives/edgar/data/1463101/000146310118000047/a2018q1form10-q.htm"}, {"date": "2017-12-31", "symbol": "ENPH", "reportedCurrency": "USD", "cik": "0001463101", "fillingDate": "2018-04-02", "acceptedDate": "2018-04-02 16:37:17", "calendarYear": "2017", "period": "Q4", "revenue": 79674000, "costOfRevenue": 60685000, "grossProfit": 18989000, "grossProfitRatio": 0.2383337099, "researchAndDevelopmentExpenses": 8208000, "generalAndAdministrativeExpenses": 5983000, "sellingAndMarketingExpenses": 4940000, "sellingGeneralAndAdministrativeExpenses": 10923000, "otherExpenses": 0, "operatingExpenses": 19131000, "costAndExpenses": 79816000, "interestIncome": 0, "interestExpense": 1957000, "depreciationAndAmortization": 2241000, "ebitda": 310000, "ebitdaratio": 0.0038908552, "operatingIncome": -2133000, "operatingIncomeRatio": -0.0267715942, "totalOtherIncomeExpensesNet": -1756000, "incomeBeforeTax": -3888000, "incomeBeforeTaxRatio": -0.0487988553, "incomeTaxExpense": -948000, "netIncome": -2940000, "netIncomeRatio": -0.036900369, "eps": -0.0343, "epsdiluted": -0.0343, "weightedAverageShsOut": 85689000, "weightedAverageShsOutDil": 85689000, "link": "https://www.sec.gov/Archives/edgar/data/1463101/000146310118000030/0001463101-18-000030-index.htm", "finalLink": "https://www.sec.gov/Archives/edgar/data/1463101/000146310118000030/a10-k12312017.htm"}, {"date": "2017-09-30", "symbol": "ENPH", "reportedCurrency": "USD", "cik": "0001463101", "fillingDate": "2017-11-08", "acceptedDate": "2017-11-08 15:22:01", "calendarYear": "2017", "period": "Q3", "revenue": 77038000, "costOfRevenue": 60577000, "grossProfit": 16461000, "grossProfitRatio": 0.2136737714, "researchAndDevelopmentExpenses": 7397000, "generalAndAdministrativeExpenses": 5441000, "sellingAndMarketingExpenses": 5453000, "sellingGeneralAndAdministrativeExpenses": 10894000, "otherExpenses": 0, "operatingExpenses": 18291000, "costAndExpenses": 78868000, "interestIncome": 0, "interestExpense": 1760000, "depreciationAndAmortization": 2180000, "ebitda": -3098000, "ebitdaratio": -0.0402139204, "operatingIncome": -5901000, "operatingIncomeRatio": -0.0765985617, "totalOtherIncomeExpensesNet": -1137000, "incomeBeforeTax": -7038000, "incomeBeforeTaxRatio": -0.0913575119, "incomeTaxExpense": -184000, "netIncome": -6854000, "netIncomeRatio": -0.0889690802, "eps": -0.0808, "epsdiluted": -0.0808, "weightedAverageShsOut": 84862000, "weightedAverageShsOutDil": 84862000, "link": "https://www.sec.gov/Archives/edgar/data/1463101/000146310117000110/0001463101-17-000110-index.htm", "finalLink": "https://www.sec.gov/Archives/edgar/data/1463101/000146310117000110/a2017q3form10-q.htm"}, {"date": "2017-06-30", "symbol": "ENPH", "reportedCurrency": "USD", "cik": "0001463101", "fillingDate": "2017-08-09", "acceptedDate": "2017-08-09 16:08:24", "calendarYear": "2017", "period": "Q2", "revenue": 74704000, "costOfRevenue": 61157000, "grossProfit": 13547000, "grossProfitRatio": 0.1813423645, "researchAndDevelopmentExpenses": 7947000, "generalAndAdministrativeExpenses": 4964000, "sellingAndMarketingExpenses": 6274000, "sellingGeneralAndAdministrativeExpenses": 11238000, "otherExpenses": 88000, "operatingExpenses": 19185000, "costAndExpenses": 80342000, "interestIncome": 0, "interestExpense": 2080000, "depreciationAndAmortization": 2255000, "ebitda": -6904000, "ebitdaratio": -0.0924180767, "operatingIncome": -9247000, "operatingIncomeRatio": -0.1237818591, "totalOtherIncomeExpensesNet": -1992000, "incomeBeforeTax": -11239000, "incomeBeforeTaxRatio": -0.1504470979, "incomeTaxExpense": 854000, "netIncome": -12093000, "netIncomeRatio": -0.161878882, "eps": -0.14, "epsdiluted": -0.14, "weightedAverageShsOut": 84434000, "weightedAverageShsOutDil": 84434000, "link": "https://www.sec.gov/Archives/edgar/data/1463101/000146310117000091/0001463101-17-000091-index.htm", "finalLink": "https://www.sec.gov/Archives/edgar/data/1463101/000146310117000091/q2form10-q.htm"}, {"date": "2017-03-31", "symbol": "ENPH", "reportedCurrency": "USD", "cik": "0001463101", "fillingDate": "2017-05-10", "acceptedDate": "2017-05-10 15:54:50", "calendarYear": "2017", "period": "Q1", "revenue": 54751000, "costOfRevenue": 47703000, "grossProfit": 7048000, "grossProfitRatio": 0.1287282424, "researchAndDevelopmentExpenses": 9605000, "generalAndAdministrativeExpenses": 5833000, "sellingAndMarketingExpenses": 6458000, "sellingGeneralAndAdministrativeExpenses": 12291000, "otherExpenses": 0, "operatingExpenses": 21896000, "costAndExpenses": 69599000, "interestIncome": 0, "interestExpense": 2139000, "depreciationAndAmortization": 2328000, "ebitda": -18707000, "ebitdaratio": -0.3416741247, "operatingIncome": -22095000, "operatingIncomeRatio": -0.403554273, "totalOtherIncomeExpensesNet": -1079000, "incomeBeforeTax": -23174000, "incomeBeforeTaxRatio": -0.4232616756, "incomeTaxExpense": 131000, "netIncome": -23305000, "netIncomeRatio": -0.4256543259, "eps": -0.3, "epsdiluted": -0.3, "weightedAverageShsOut": 76651000, "weightedAverageShsOutDil": 76651000, "link": "https://www.sec.gov/Archives/edgar/data/1463101/000146310117000054/0001463101-17-000054-index.htm", "finalLink": "https://www.sec.gov/Archives/edgar/data/1463101/000146310117000054/a2017q1form10-q.htm"}, {"date": "2016-12-31", "symbol": "ENPH", "reportedCurrency": "USD", "cik": "0001463101", "fillingDate": "2017-03-16", "acceptedDate": "2017-03-16 13:08:16", "calendarYear": "2016", "period": "Q4", "revenue": 90601000, "costOfRevenue": 74367000, "grossProfit": 16234000, "grossProfitRatio": 0.1791812452, "researchAndDevelopmentExpenses": 11378000, "generalAndAdministrativeExpenses": 6296000, "sellingAndMarketingExpenses": 7592000, "sellingGeneralAndAdministrativeExpenses": 13888000, "otherExpenses": 0, "operatingExpenses": 25266000, "costAndExpenses": 99633000, "interestIncome": 0, "interestExpense": 1181000, "depreciationAndAmortization": 2599000, "ebitda": -8657000, "ebitdaratio": -0.0955508217, "operatingIncome": -10092000, "operatingIncomeRatio": -0.111389499, "totalOtherIncomeExpensesNet": -2344000, "incomeBeforeTax": -12437000, "incomeBeforeTaxRatio": -0.1372722155, "incomeTaxExpense": 751000, "netIncome": -13188000, "netIncomeRatio": -0.1455613073, "eps": -0.21, "epsdiluted": -0.21, "weightedAverageShsOut": 61881000, "weightedAverageShsOutDil": 61881000, "link": "https://www.sec.gov/Archives/edgar/data/1463101/000146310117000024/0001463101-17-000024-index.htm", "finalLink": "https://www.sec.gov/Archives/edgar/data/1463101/000146310117000024/a10-k12312016.htm"}, {"date": "2016-09-30", "symbol": "ENPH", "reportedCurrency": "USD", "cik": "0001463101", "fillingDate": "2016-11-02", "acceptedDate": "2016-11-02 16:38:57", "calendarYear": "2016", "period": "Q3", "revenue": 88684000, "costOfRevenue": 72805000, "grossProfit": 15879000, "grossProfitRatio": 0.1790514636, "researchAndDevelopmentExpenses": 13169000, "generalAndAdministrativeExpenses": 6708000, "sellingAndMarketingExpenses": 11016000, "sellingGeneralAndAdministrativeExpenses": 17724000, "otherExpenses": 0, "operatingExpenses": 30893000, "costAndExpenses": 103698000, "interestIncome": 0, "interestExpense": 1234000, "depreciationAndAmortization": 2651000, "ebitda": -14727000, "ebitdaratio": -0.1660615218, "operatingIncome": -17731000, "operatingIncomeRatio": -0.1999345993, "totalOtherIncomeExpensesNet": -881000, "incomeBeforeTax": -18612000, "incomeBeforeTaxRatio": -0.2098687475, "incomeTaxExpense": 144000, "netIncome": -18756000, "netIncomeRatio": -0.2114924902, "eps": -0.4, "epsdiluted": -0.4, "weightedAverageShsOut": 47278000, "weightedAverageShsOutDil": 47278000, "link": "https://www.sec.gov/Archives/edgar/data/1463101/000146310116000063/0001463101-16-000063-index.htm", "finalLink": "https://www.sec.gov/Archives/edgar/data/1463101/000146310116000063/a2016q3form10-q.htm"}, {"date": "2016-06-30", "symbol": "ENPH", "reportedCurrency": "USD", "cik": "0001463101", "fillingDate": "2016-08-03", "acceptedDate": "2016-08-03 16:08:24", "calendarYear": "2016", "period": "Q2", "revenue": 79185000, "costOfRevenue": 65049000, "grossProfit": 14136000, "grossProfitRatio": 0.1785186588, "researchAndDevelopmentExpenses": 13091000, "generalAndAdministrativeExpenses": 6846000, "sellingAndMarketingExpenses": 9987000, "sellingGeneralAndAdministrativeExpenses": 16833000, "otherExpenses": 0, "operatingExpenses": 29924000, "costAndExpenses": 94973000, "interestIncome": 0, "interestExpense": 212000, "depreciationAndAmortization": 2708000, "ebitda": -13080000, "ebitdaratio": -0.1651827998, "operatingIncome": -15788000, "operatingIncomeRatio": -0.1993811959, "totalOtherIncomeExpensesNet": -591000, "incomeBeforeTax": -16379000, "incomeBeforeTaxRatio": -0.2068447307, "incomeTaxExpense": 344000, "netIncome": -16723000, "netIncomeRatio": -0.2111889878, "eps": -0.36, "epsdiluted": -0.36, "weightedAverageShsOut": 46620000, "weightedAverageShsOutDil": 46620000, "link": "https://www.sec.gov/Archives/edgar/data/1463101/000146310116000057/0001463101-16-000057-index.htm", "finalLink": "https://www.sec.gov/Archives/edgar/data/1463101/000146310116000057/a2016q2form10-q.htm"}, {"date": "2016-03-31", "symbol": "ENPH", "reportedCurrency": "USD", "cik": "0001463101", "fillingDate": "2016-05-04", "acceptedDate": "2016-05-04 16:46:31", "calendarYear": "2016", "period": "Q1", "revenue": 64121000, "costOfRevenue": 52361000, "grossProfit": 11760000, "grossProfitRatio": 0.1834032532, "researchAndDevelopmentExpenses": 13066000, "generalAndAdministrativeExpenses": 7567000, "sellingAndMarketingExpenses": 10215000, "sellingGeneralAndAdministrativeExpenses": 17782000, "otherExpenses": 0, "operatingExpenses": 30848000, "costAndExpenses": 83209000, "interestIncome": 0, "interestExpense": 152000, "depreciationAndAmortization": 2680000, "ebitda": -16408000, "ebitdaratio": -0.2558912057, "operatingIncome": -19088000, "operatingIncomeRatio": -0.2976871852, "totalOtherIncomeExpensesNet": 529000, "incomeBeforeTax": -18559000, "incomeBeforeTaxRatio": -0.2894371579, "incomeTaxExpense": 236000, "netIncome": -18795000, "netIncomeRatio": -0.2931176993, "eps": -0.41, "epsdiluted": -0.41, "weightedAverageShsOut": 46209000, "weightedAverageShsOutDil": 46209000, "link": "https://www.sec.gov/Archives/edgar/data/1463101/000146310116000048/0001463101-16-000048-index.htm", "finalLink": "https://www.sec.gov/Archives/edgar/data/1463101/000146310116000048/a2016q1form10-q.htm"}, {"date": "2015-12-31", "symbol": "ENPH", "reportedCurrency": "USD", "cik": "0001463101", "fillingDate": "2016-03-01", "acceptedDate": "2016-03-01 08:23:43", "calendarYear": "2015", "period": "Q4", "revenue": 65629000, "costOfRevenue": 49929000, "grossProfit": 15700000, "grossProfitRatio": 0.239223514, "researchAndDevelopmentExpenses": 12544000, "generalAndAdministrativeExpenses": 7405000, "sellingAndMarketingExpenses": 10922000, "sellingGeneralAndAdministrativeExpenses": 18327000, "otherExpenses": 259000, "operatingExpenses": 30871000, "costAndExpenses": 80800000, "interestIncome": 0, "interestExpense": 196000, "depreciationAndAmortization": 2835000, "ebitda": -12563000, "ebitdaratio": -0.1914245227, "operatingIncome": -15171000, "operatingIncomeRatio": -0.2311630529, "totalOtherIncomeExpensesNet": 63000, "incomeBeforeTax": -15108000, "incomeBeforeTaxRatio": -0.2302031114, "incomeTaxExpense": 675000, "netIncome": -15783000, "netIncomeRatio": -0.2404881988, "eps": -0.35, "epsdiluted": -0.35, "weightedAverageShsOut": 45241644, "weightedAverageShsOutDil": 45504000, "link": "https://www.sec.gov/Archives/edgar/data/1463101/000146310116000040/0001463101-16-000040-index.htm", "finalLink": "https://www.sec.gov/Archives/edgar/data/1463101/000146310116000040/a10-k12312015.htm"}, {"date": "2015-09-30", "symbol": "ENPH", "reportedCurrency": "USD", "cik": "0001463101", "fillingDate": "2015-11-04", "acceptedDate": "2015-11-04 17:02:36", "calendarYear": "2015", "period": "Q3", "revenue": 102874000, "costOfRevenue": 71408000, "grossProfit": 31466000, "grossProfitRatio": 0.3058693159, "researchAndDevelopmentExpenses": 12059000, "generalAndAdministrativeExpenses": 7118000, "sellingAndMarketingExpenses": 10510000, "sellingGeneralAndAdministrativeExpenses": 17628000, "otherExpenses": 0, "operatingExpenses": 29687000, "costAndExpenses": 101095000, "interestIncome": 0, "interestExpense": 140000, "depreciationAndAmortization": 2650000, "ebitda": 3729000, "ebitdaratio": 0.036248226, "operatingIncome": 1779000, "operatingIncomeRatio": 0.0172929992, "totalOtherIncomeExpensesNet": -844000, "incomeBeforeTax": 935000, "incomeBeforeTaxRatio": 0.0090887882, "incomeTaxExpense": 311000, "netIncome": 624000, "netIncomeRatio": 0.0060656726, "eps": 0.01, "epsdiluted": 0.01, "weightedAverageShsOut": 44734000, "weightedAverageShsOutDil": 47996000, "link": "https://www.sec.gov/Archives/edgar/data/1463101/000146310115000033/0001463101-15-000033-index.htm", "finalLink": "https://www.sec.gov/Archives/edgar/data/1463101/000146310115000033/enph0930201510-q.htm"}, {"date": "2015-06-30", "symbol": "ENPH", "reportedCurrency": "USD", "cik": "0001463101", "fillingDate": "2015-08-05", "acceptedDate": "2015-08-05 16:19:58", "calendarYear": "2015", "period": "Q2", "revenue": 102093000, "costOfRevenue": 69066000, "grossProfit": 33027000, "grossProfitRatio": 0.3234991625, "researchAndDevelopmentExpenses": 12786000, "generalAndAdministrativeExpenses": 8102000, "sellingAndMarketingExpenses": 12508000, "sellingGeneralAndAdministrativeExpenses": 20610000, "otherExpenses": 79000, "operatingExpenses": 33396000, "costAndExpenses": 102462000, "interestIncome": 0, "interestExpense": 87000, "depreciationAndAmortization": 2522000, "ebitda": 2232000, "ebitdaratio": 0.0218624196, "operatingIncome": -369000, "operatingIncomeRatio": -0.0036143516, "totalOtherIncomeExpensesNet": -8000, "incomeBeforeTax": -377000, "incomeBeforeTaxRatio": -0.0036927115, "incomeTaxExpense": 226000, "netIncome": -603000, "netIncomeRatio": -0.0059063795, "eps": -0.0136, "epsdiluted": -0.0136, "weightedAverageShsOut": 44319000, "weightedAverageShsOutDil": 44319000, "link": "https://www.sec.gov/Archives/edgar/data/1463101/000146310115000029/0001463101-15-000029-index.htm", "finalLink": "https://www.sec.gov/Archives/edgar/data/1463101/000146310115000029/enph0630201510-q.htm"}, {"date": "2015-03-31", "symbol": "ENPH", "reportedCurrency": "USD", "cik": "0001463101", "fillingDate": "2015-05-06", "acceptedDate": "2015-05-05 19:32:05", "calendarYear": "2015", "period": "Q1", "revenue": 86653000, "costOfRevenue": 58629000, "grossProfit": 28024000, "grossProfitRatio": 0.3234048446, "researchAndDevelopmentExpenses": 13430000, "generalAndAdministrativeExpenses": 8205000, "sellingAndMarketingExpenses": 11937000, "sellingGeneralAndAdministrativeExpenses": 20142000, "otherExpenses": 0, "operatingExpenses": 33572000, "costAndExpenses": 92201000, "interestIncome": 0, "interestExpense": 78000, "depreciationAndAmortization": 2532000, "ebitda": -3016000, "ebitdaratio": -0.0348054886, "operatingIncome": -5548000, "operatingIncomeRatio": -0.0640254809, "totalOtherIncomeExpensesNet": -605000, "incomeBeforeTax": -6153000, "incomeBeforeTaxRatio": -0.0710073512, "incomeTaxExpense": 167000, "netIncome": -6320000, "netIncomeRatio": -0.0729345781, "eps": -0.14, "epsdiluted": -0.14, "weightedAverageShsOut": 43950000, "weightedAverageShsOutDil": 43950000, "link": "https://www.sec.gov/Archives/edgar/data/1463101/000146310115000023/0001463101-15-000023-index.htm", "finalLink": "https://www.sec.gov/Archives/edgar/data/1463101/000146310115000023/enph0331201510-q.htm"}, {"date": "2014-12-31", "symbol": "ENPH", "reportedCurrency": "USD", "cik": "0001463101", "fillingDate": "2015-03-04", "acceptedDate": "2015-03-03 17:57:42", "calendarYear": "2014", "period": "Q4", "revenue": 105207000, "costOfRevenue": 70172000, "grossProfit": 35035000, "grossProfitRatio": 0.3330101609, "researchAndDevelopmentExpenses": 13040000, "generalAndAdministrativeExpenses": 8246000, "sellingAndMarketingExpenses": 11798000, "sellingGeneralAndAdministrativeExpenses": 20044000, "otherExpenses": 0, "operatingExpenses": 33084000, "costAndExpenses": 103256000, "interestIncome": 0, "interestExpense": 572000, "depreciationAndAmortization": 2255000, "ebitda": 4406000, "ebitdaratio": 0.0418793426, "operatingIncome": 1951000, "operatingIncomeRatio": 0.0185443934, "totalOtherIncomeExpensesNet": -1134000, "incomeBeforeTax": 817000, "incomeBeforeTaxRatio": 0.007765643, "incomeTaxExpense": 415000, "netIncome": 402000, "netIncomeRatio": 0.0038210385, "eps": 0.01, "epsdiluted": 0.01, "weightedAverageShsOut": 43612000, "weightedAverageShsOutDil": 49004000, "link": "https://www.sec.gov/Archives/edgar/data/1463101/000146310115000017/0001463101-15-000017-index.htm", "finalLink": "https://www.sec.gov/Archives/edgar/data/1463101/000146310115000017/enph-20141231x10k.htm"}, {"date": "2014-09-30", "symbol": "ENPH", "reportedCurrency": "USD", "cik": "0001463101", "fillingDate": "2014-11-05", "acceptedDate": "2014-11-05 16:08:45", "calendarYear": "2014", "period": "Q3", "revenue": 99113000, "costOfRevenue": 66592000, "grossProfit": 32521000, "grossProfitRatio": 0.3281204282, "researchAndDevelopmentExpenses": 12112000, "generalAndAdministrativeExpenses": 8632000, "sellingAndMarketingExpenses": 9884000, "sellingGeneralAndAdministrativeExpenses": 18516000, "otherExpenses": 0, "operatingExpenses": 30628000, "costAndExpenses": 97220000, "interestIncome": 0, "interestExpense": 356000, "depreciationAndAmortization": 2102000, "ebitda": 3995000, "ebitdaratio": 0.0403075278, "operatingIncome": 1893000, "operatingIncomeRatio": 0.0190994118, "totalOtherIncomeExpensesNet": -953000, "incomeBeforeTax": 940000, "incomeBeforeTaxRatio": 0.0094841242, "incomeTaxExpense": 127000, "netIncome": 813000, "netIncomeRatio": 0.0082027585, "eps": 0.02, "epsdiluted": 0.02, "weightedAverageShsOut": 43128000, "weightedAverageShsOutDil": 48786000, "link": "https://www.sec.gov/Archives/edgar/data/1463101/000146310114000021/0001463101-14-000021-index.htm", "finalLink": "https://www.sec.gov/Archives/edgar/data/1463101/000146310114000021/enph0930201410-q.htm"}, {"date": "2014-06-30", "symbol": "ENPH", "reportedCurrency": "USD", "cik": "0001463101", "fillingDate": "2014-08-06", "acceptedDate": "2014-08-06 16:05:40", "calendarYear": "2014", "period": "Q2", "revenue": 82004000, "costOfRevenue": 55172000, "grossProfit": 26832000, "grossProfitRatio": 0.327203551, "researchAndDevelopmentExpenses": 11148000, "generalAndAdministrativeExpenses": 7679000, "sellingAndMarketingExpenses": 10493000, "sellingGeneralAndAdministrativeExpenses": 18172000, "otherExpenses": 58000, "operatingExpenses": 29320000, "costAndExpenses": 84492000, "interestIncome": 0, "interestExpense": 486000, "depreciationAndAmortization": 1992000, "ebitda": -496000, "ebitdaratio": -0.0060484854, "operatingIncome": -2488000, "operatingIncomeRatio": -0.0303399834, "totalOtherIncomeExpensesNet": -428000, "incomeBeforeTax": -2916000, "incomeBeforeTaxRatio": -0.035559241, "incomeTaxExpense": 115000, "netIncome": -3031000, "netIncomeRatio": -0.0369616116, "eps": -0.0711, "epsdiluted": -0.0711, "weightedAverageShsOut": 42648000, "weightedAverageShsOutDil": 42648000, "link": "https://www.sec.gov/Archives/edgar/data/1463101/000146310114000017/0001463101-14-000017-index.htm", "finalLink": "https://www.sec.gov/Archives/edgar/data/1463101/000146310114000017/enph0630201410-q.htm"}, {"date": "2014-03-31", "symbol": "ENPH", "reportedCurrency": "USD", "cik": "0001463101", "fillingDate": "2014-05-07", "acceptedDate": "2014-05-07 16:05:18", "calendarYear": "2014", "period": "Q1", "revenue": 57580000, "costOfRevenue": 38925000, "grossProfit": 18655000, "grossProfitRatio": 0.3239840222, "researchAndDevelopmentExpenses": 9086000, "generalAndAdministrativeExpenses": 6526000, "sellingAndMarketingExpenses": 8828000, "sellingGeneralAndAdministrativeExpenses": 15354000, "otherExpenses": 107000, "operatingExpenses": 24440000, "costAndExpenses": 63365000, "interestIncome": 0, "interestExpense": 449000, "depreciationAndAmortization": 1910000, "ebitda": -3875000, "ebitdaratio": -0.0672976728, "operatingIncome": -5785000, "operatingIncomeRatio": -0.1004689128, "totalOtherIncomeExpensesNet": -342000, "incomeBeforeTax": -6127000, "incomeBeforeTaxRatio": -0.1064084752, "incomeTaxExpense": 109000, "netIncome": -6236000, "netIncomeRatio": -0.1083014936, "eps": -0.15, "epsdiluted": -0.15, "weightedAverageShsOut": 42205000, "weightedAverageShsOutDil": 42205000, "link": "https://www.sec.gov/Archives/edgar/data/1463101/000146310114000011/0001463101-14-000011-index.htm", "finalLink": "https://www.sec.gov/Archives/edgar/data/1463101/000146310114000011/enph0331201410-q.htm"}, {"date": "2013-12-31", "symbol": "ENPH", "reportedCurrency": "USD", "cik": "0001463101", "fillingDate": "2014-03-04", "acceptedDate": "2014-03-04 16:05:46", "calendarYear": "2013", "period": "Q4", "revenue": 67056000, "costOfRevenue": 45560000, "grossProfit": 21496000, "grossProfitRatio": 0.3205678836, "researchAndDevelopmentExpenses": 8721000, "generalAndAdministrativeExpenses": 6071000, "sellingAndMarketingExpenses": 8315000, "sellingGeneralAndAdministrativeExpenses": 14386000, "otherExpenses": -113000, "operatingExpenses": 23107000, "costAndExpenses": 68667000, "interestIncome": 0, "interestExpense": 670000, "depreciationAndAmortization": 1859000, "ebitda": 248000, "ebitdaratio": 0.0036984013, "operatingIncome": -1611000, "operatingIncomeRatio": -0.0240246958, "totalOtherIncomeExpensesNet": -783000, "incomeBeforeTax": -2394000, "incomeBeforeTaxRatio": -0.0357015032, "incomeTaxExpense": 416000, "netIncome": -2810000, "netIncomeRatio": -0.0419052732, "eps": -0.0669, "epsdiluted": -0.0669, "weightedAverageShsOut": 42032000, "weightedAverageShsOutDil": 42032000, "link": "https://www.sec.gov/Archives/edgar/data/1463101/000146310114000007/0001463101-14-000007-index.htm", "finalLink": "https://www.sec.gov/Archives/edgar/data/1463101/000146310114000007/enph-20131231x10k.htm"}, {"date": "2013-09-30", "symbol": "ENPH", "reportedCurrency": "USD", "cik": "0001463101", "fillingDate": "2013-11-12", "acceptedDate": "2013-11-12 17:01:29", "calendarYear": "2013", "period": "Q3", "revenue": 62046000, "costOfRevenue": 44611000, "grossProfit": 17435000, "grossProfitRatio": 0.2810011927, "researchAndDevelopmentExpenses": 8293000, "generalAndAdministrativeExpenses": 5937000, "sellingAndMarketingExpenses": 8550000, "sellingGeneralAndAdministrativeExpenses": 14487000, "otherExpenses": 0, "operatingExpenses": 22780000, "costAndExpenses": 67391000, "interestIncome": 0, "interestExpense": 437000, "depreciationAndAmortization": 1753000, "ebitda": -3592000, "ebitdaratio": -0.0578925313, "operatingIncome": -5345000, "operatingIncomeRatio": -0.0861457628, "totalOtherIncomeExpensesNet": -815000, "incomeBeforeTax": -6160000, "incomeBeforeTaxRatio": -0.0992811785, "incomeTaxExpense": 141000, "netIncome": -6301000, "netIncomeRatio": -0.101553686, "eps": -0.15, "epsdiluted": -0.15, "weightedAverageShsOut": 41777000, "weightedAverageShsOutDil": 41777000, "link": "https://www.sec.gov/Archives/edgar/data/1463101/000146310113000016/0001463101-13-000016-index.htm", "finalLink": "https://www.sec.gov/Archives/edgar/data/1463101/000146310113000016/enph0930201310-q.htm"}, {"date": "2013-06-30", "symbol": "ENPH", "reportedCurrency": "USD", "cik": "0001463101", "fillingDate": "2013-08-07", "acceptedDate": "2013-08-07 16:09:00", "calendarYear": "2013", "period": "Q2", "revenue": 58167000, "costOfRevenue": 41883000, "grossProfit": 16284000, "grossProfitRatio": 0.2799525504, "researchAndDevelopmentExpenses": 8484000, "generalAndAdministrativeExpenses": 5926000, "sellingAndMarketingExpenses": 7365000, "sellingGeneralAndAdministrativeExpenses": 13291000, "otherExpenses": 0, "operatingExpenses": 21775000, "costAndExpenses": 63658000, "interestIncome": 0, "interestExpense": 484000, "depreciationAndAmortization": 1709000, "ebitda": -4079000, "ebitdaratio": -0.0701256726, "operatingIncome": -5491000, "operatingIncomeRatio": -0.0944006052, "totalOtherIncomeExpensesNet": -781000, "incomeBeforeTax": -6272000, "incomeBeforeTaxRatio": -0.1078274623, "incomeTaxExpense": 124000, "netIncome": -6396000, "netIncomeRatio": -0.1099592552, "eps": -0.15, "epsdiluted": -0.15, "weightedAverageShsOut": 41617000, "weightedAverageShsOutDil": 41617000, "link": "https://www.sec.gov/Archives/edgar/data/1463101/000146310113000012/0001463101-13-000012-index.htm", "finalLink": "https://www.sec.gov/Archives/edgar/data/1463101/000146310113000012/enph0630201310-q.htm"}, {"date": "2013-03-31", "symbol": "ENPH", "reportedCurrency": "USD", "cik": "0001463101", "fillingDate": "2013-05-08", "acceptedDate": "2013-05-08 16:07:55", "calendarYear": "2013", "period": "Q1", "revenue": 45577000, "costOfRevenue": 33376000, "grossProfit": 12201000, "grossProfitRatio": 0.267700814, "researchAndDevelopmentExpenses": 9026000, "generalAndAdministrativeExpenses": 6036000, "sellingAndMarketingExpenses": 6850000, "sellingGeneralAndAdministrativeExpenses": 12886000, "otherExpenses": -49000, "operatingExpenses": 21912000, "costAndExpenses": 55288000, "interestIncome": 0, "interestExpense": 464000, "depreciationAndAmortization": 1660000, "ebitda": -8100000, "ebitdaratio": -0.177721219, "operatingIncome": -9711000, "operatingIncomeRatio": -0.2130679948, "totalOtherIncomeExpensesNet": -513000, "incomeBeforeTax": -10224000, "incomeBeforeTaxRatio": -0.224323672, "incomeTaxExpense": 182000, "netIncome": -10406000, "netIncomeRatio": -0.2283169142, "eps": -0.25, "epsdiluted": -0.25, "weightedAverageShsOut": 41149000, "weightedAverageShsOutDil": 41149000, "link": "https://www.sec.gov/Archives/edgar/data/1463101/000146310113000006/0001463101-13-000006-index.htm", "finalLink": "https://www.sec.gov/Archives/edgar/data/1463101/000146310113000006/enph0331201310-q.htm"}, {"date": "2012-12-31", "symbol": "ENPH", "reportedCurrency": "USD", "cik": "0001463101", "fillingDate": "2013-03-05", "acceptedDate": "2013-03-05 15:54:29", "calendarYear": "2012", "period": "Q4", "revenue": 57568000, "costOfRevenue": 41512000, "grossProfit": 16056000, "grossProfitRatio": 0.2789049472, "researchAndDevelopmentExpenses": 8533000, "generalAndAdministrativeExpenses": 6177000, "sellingAndMarketingExpenses": 7525000, "sellingGeneralAndAdministrativeExpenses": 13702000, "otherExpenses": 0, "operatingExpenses": 22235000, "costAndExpenses": 63747000, "interestIncome": 0, "interestExpense": 1025000, "depreciationAndAmortization": 1630000, "ebitda": -5749000, "ebitdaratio": -0.0998645081, "operatingIncome": -6179000, "operatingIncomeRatio": -0.1073339355, "totalOtherIncomeExpensesNet": -1258000, "incomeBeforeTax": -7437000, "incomeBeforeTaxRatio": -0.1291863535, "incomeTaxExpense": 305000, "netIncome": -7742000, "netIncomeRatio": -0.1344844358, "eps": -0.19, "epsdiluted": -0.19, "weightedAverageShsOut": 40819000, "weightedAverageShsOutDil": 40819000, "link": "https://www.sec.gov/Archives/edgar/data/1463101/000144530513000492/0001445305-13-000492-index.htm", "finalLink": "https://www.sec.gov/Archives/edgar/data/1463101/000144530513000492/enph-20121231x10k.htm"}, {"date": "2012-09-30", "symbol": "ENPH", "reportedCurrency": "USD", "cik": "0001463101", "fillingDate": "2012-11-13", "acceptedDate": "2012-11-13 13:04:08", "calendarYear": "2012", "period": "Q3", "revenue": 60813000, "costOfRevenue": 44489000, "grossProfit": 16324000, "grossProfitRatio": 0.2684294477, "researchAndDevelopmentExpenses": 10571000, "generalAndAdministrativeExpenses": 6911000, "sellingAndMarketingExpenses": 7039000, "sellingGeneralAndAdministrativeExpenses": 13950000, "otherExpenses": 0, "operatingExpenses": 24521000, "costAndExpenses": 69010000, "interestIncome": 3000, "interestExpense": 527000, "depreciationAndAmortization": 1487000, "ebitda": -6763000, "ebitdaratio": -0.1112097742, "operatingIncome": -8197000, "operatingIncomeRatio": -0.1347902587, "totalOtherIncomeExpensesNet": -580000, "incomeBeforeTax": -8777000, "incomeBeforeTaxRatio": -0.1443276931, "incomeTaxExpense": 130000, "netIncome": -8907000, "netIncomeRatio": -0.1464653939, "eps": -0.22, "epsdiluted": -0.22, "weightedAverageShsOut": 40755000, "weightedAverageShsOutDil": 40755000, "link": "https://www.sec.gov/Archives/edgar/data/1463101/000119312512466673/0001193125-12-466673-index.htm", "finalLink": "https://www.sec.gov/Archives/edgar/data/1463101/000119312512466673/d398955d10q.htm"}, {"date": "2012-06-30", "symbol": "ENPH", "reportedCurrency": "USD", "cik": "0001463101", "fillingDate": "2012-08-13", "acceptedDate": "2012-08-10 20:08:28", "calendarYear": "2012", "period": "Q2", "revenue": 55697000, "costOfRevenue": 42096000, "grossProfit": 13601000, "grossProfitRatio": 0.2441962763, "researchAndDevelopmentExpenses": 8655000, "generalAndAdministrativeExpenses": 6091000, "sellingAndMarketingExpenses": 6360000, "sellingGeneralAndAdministrativeExpenses": 12451000, "otherExpenses": 0, "operatingExpenses": 21106000, "costAndExpenses": 63202000, "interestIncome": 14000, "interestExpense": 3405000, "depreciationAndAmortization": 1366000, "ebitda": -6463000, "ebitdaratio": -0.1160385658, "operatingIncome": -7505000, "operatingIncomeRatio": -0.1347469343, "totalOtherIncomeExpensesNet": -3729000, "incomeBeforeTax": -11234000, "incomeBeforeTaxRatio": -0.2016984757, "incomeTaxExpense": 151000, "netIncome": -11385000, "netIncomeRatio": -0.2044095732, "eps": -0.29, "epsdiluted": -0.29, "weightedAverageShsOut": 39461000, "weightedAverageShsOutDil": 39461000, "link": "https://www.sec.gov/Archives/edgar/data/1463101/000119312512350447/0001193125-12-350447-index.htm", "finalLink": "https://www.sec.gov/Archives/edgar/data/1463101/000119312512350447/d364526d10q.htm"}, {"date": "2012-03-31", "symbol": "ENPH", "reportedCurrency": "USD", "cik": "0001463101", "fillingDate": "2012-05-14", "acceptedDate": "2012-05-14 15:34:18", "calendarYear": "2012", "period": "Q1", "revenue": 42600000, "costOfRevenue": 33293000, "grossProfit": 9307000, "grossProfitRatio": 0.2184741784, "researchAndDevelopmentExpenses": 7842000, "generalAndAdministrativeExpenses": 5696000, "sellingAndMarketingExpenses": 5049000, "sellingGeneralAndAdministrativeExpenses": 10745000, "otherExpenses": 0, "operatingExpenses": 18587000, "costAndExpenses": 51880000, "interestIncome": 0, "interestExpense": 1479000, "depreciationAndAmortization": 1085000, "ebitda": -8195000, "ebitdaratio": -0.192370892, "operatingIncome": -9280000, "operatingIncomeRatio": -0.2178403756, "totalOtherIncomeExpensesNet": -839000, "incomeBeforeTax": -10119000, "incomeBeforeTaxRatio": -0.2375352113, "incomeTaxExpense": 65000, "netIncome": -10184000, "netIncomeRatio": -0.2390610329, "eps": -0.26, "epsdiluted": -0.26, "weightedAverageShsOut": 39375935, "weightedAverageShsOutDil": 39375935, "link": "https://www.sec.gov/Archives/edgar/data/1463101/000119312512231107/0001193125-12-231107-index.htm", "finalLink": "https://www.sec.gov/Archives/edgar/data/1463101/000119312512231107/d219901d10q.htm"}, {"date": "2011-12-31", "symbol": "ENPH", "reportedCurrency": "USD", "cik": "0001463101", "fillingDate": "2011-12-31", "acceptedDate": "2011-12-31 00:00:00", "calendarYear": "2011", "period": "Q4", "revenue": 57134000, "costOfRevenue": 44063000, "grossProfit": 13071000, "grossProfitRatio": 0.2287779606, "researchAndDevelopmentExpenses": 7180000, "generalAndAdministrativeExpenses": 4109000, "sellingAndMarketingExpenses": 5612000, "sellingGeneralAndAdministrativeExpenses": 9721000, "otherExpenses": 0, "operatingExpenses": 16901000, "costAndExpenses": 60964000, "interestIncome": 0, "interestExpense": 1380000, "depreciationAndAmortization": 1012000, "ebitda": -2818000, "ebitdaratio": -0.049322645, "operatingIncome": -3830000, "operatingIncomeRatio": -0.0670353905, "totalOtherIncomeExpensesNet": -327000, "incomeBeforeTax": -5537000, "incomeBeforeTaxRatio": -0.0969125214, "incomeTaxExpense": 5537000, "netIncome": -5537000, "netIncomeRatio": -0.0969125214, "eps": -0.14, "epsdiluted": -0.14, "weightedAverageShsOut": 39290870, "weightedAverageShsOutDil": 39290870, "link": null, "finalLink": null}, {"date": "2011-09-30", "symbol": "ENPH", "reportedCurrency": "USD", "cik": "0001463101", "fillingDate": "2011-09-30", "acceptedDate": "2011-09-30 00:00:00", "calendarYear": "2011", "period": "Q3", "revenue": 44728000, "costOfRevenue": 36185000, "grossProfit": 8543000, "grossProfitRatio": 0.1909989268, "researchAndDevelopmentExpenses": 6431000, "generalAndAdministrativeExpenses": 3980000, "sellingAndMarketingExpenses": 4567000, "sellingGeneralAndAdministrativeExpenses": 8547000, "otherExpenses": 0, "operatingExpenses": 14978000, "costAndExpenses": 51163000, "interestIncome": 0, "interestExpense": 886000, "depreciationAndAmortization": 808000, "ebitda": -5627000, "ebitdaratio": -0.125804865, "operatingIncome": -6435000, "operatingIncomeRatio": -0.1438696119, "totalOtherIncomeExpensesNet": -741000, "incomeBeforeTax": -7176000, "incomeBeforeTaxRatio": -0.1604364157, "incomeTaxExpense": 0, "netIncome": -7176000, "netIncomeRatio": -0.1604364157, "eps": -4.77, "epsdiluted": -4.77, "weightedAverageShsOut": 1503000, "weightedAverageShsOutDil": 1503000, "link": null, "finalLink": null}, {"date": "2011-06-30", "symbol": "ENPH", "reportedCurrency": "USD", "cik": "0001463101", "fillingDate": "2011-06-30", "acceptedDate": "2011-06-30 00:00:00", "calendarYear": "2011", "period": "Q2", "revenue": 29592000, "costOfRevenue": 24785000, "grossProfit": 4807000, "grossProfitRatio": 0.162442552, "researchAndDevelopmentExpenses": 6143000, "generalAndAdministrativeExpenses": 3889000, "sellingAndMarketingExpenses": 4265000, "sellingGeneralAndAdministrativeExpenses": 8154000, "otherExpenses": 0, "operatingExpenses": 14297000, "costAndExpenses": 39082000, "interestIncome": 0, "interestExpense": 460000, "depreciationAndAmortization": 668000, "ebitda": -8822000, "ebitdaratio": -0.2981211138, "operatingIncome": -9490000, "operatingIncomeRatio": -0.3206947824, "totalOtherIncomeExpensesNet": -798000, "incomeBeforeTax": -10288000, "incomeBeforeTaxRatio": -0.3476615301, "incomeTaxExpense": 0, "netIncome": -10288000, "netIncomeRatio": -0.3476615301, "eps": -9.95, "epsdiluted": -9.95, "weightedAverageShsOut": 1034000, "weightedAverageShsOutDil": 1034000, "link": null, "finalLink": null}, {"date": "2011-03-31", "symbol": "ENPH", "reportedCurrency": "USD", "cik": "0001463101", "fillingDate": "2011-03-31", "acceptedDate": "2011-03-31 00:00:00", "calendarYear": "2011", "period": "Q1", "revenue": 18069000, "costOfRevenue": 15421000, "grossProfit": 2648000, "grossProfitRatio": 0.1465493386, "researchAndDevelopmentExpenses": 5345000, "generalAndAdministrativeExpenses": 3250000, "sellingAndMarketingExpenses": 3010000, "sellingGeneralAndAdministrativeExpenses": 6260000, "otherExpenses": 0, "operatingExpenses": 11605000, "costAndExpenses": 27026000, "interestIncome": 4000, "interestExpense": 280000, "depreciationAndAmortization": 544000, "ebitda": -8465000, "ebitdaratio": -0.4684819304, "operatingIncome": -8957000, "operatingIncomeRatio": -0.495710886, "totalOtherIncomeExpensesNet": -332000, "incomeBeforeTax": -9289000, "incomeBeforeTaxRatio": -0.5140848968, "incomeTaxExpense": 0, "netIncome": -9289000, "netIncomeRatio": -0.5140848968, "eps": -10.95, "epsdiluted": -10.95, "weightedAverageShsOut": 848000, "weightedAverageShsOutDil": 848000, "link": null, "finalLink": null}, {"date": "2010-12-31", "symbol": "ENPH", "reportedCurrency": "USD", "cik": "0001463101", "fillingDate": "2010-12-31", "acceptedDate": "2010-12-31 00:00:00", "calendarYear": "2010", "period": "Q4", "revenue": 20615000, "costOfRevenue": 18414000, "grossProfit": 2201000, "grossProfitRatio": 0.1067669173, "researchAndDevelopmentExpenses": 4433000, "generalAndAdministrativeExpenses": 1979000, "sellingAndMarketingExpenses": 2469000, "sellingGeneralAndAdministrativeExpenses": 4448000, "otherExpenses": 0, "operatingExpenses": 8881000, "costAndExpenses": 27295000, "interestIncome": 5000, "interestExpense": 277000, "depreciationAndAmortization": 469000, "ebitda": -6211000, "ebitdaratio": -0.3012854717, "operatingIncome": -6680000, "operatingIncomeRatio": -0.3240358962, "totalOtherIncomeExpensesNet": -71000, "incomeBeforeTax": -7023000, "incomeBeforeTaxRatio": -0.3406742663, "incomeTaxExpense": 7023000, "netIncome": -7023000, "netIncomeRatio": -0.3406742663, "eps": -6.22, "epsdiluted": -6.22, "weightedAverageShsOut": 1130000, "weightedAverageShsOutDil": 1130000, "link": null, "finalLink": null}, {"date": "2010-09-30", "symbol": "ENPH", "reportedCurrency": "USD", "cik": "0001463101", "fillingDate": "2010-09-30", "acceptedDate": "2010-09-30 00:00:00", "calendarYear": "2010", "period": "Q3", "revenue": 18690000, "costOfRevenue": 16650000, "grossProfit": 2040000, "grossProfitRatio": 0.1091492777, "researchAndDevelopmentExpenses": 3967000, "generalAndAdministrativeExpenses": 1900000, "sellingAndMarketingExpenses": 1955000, "sellingGeneralAndAdministrativeExpenses": 3855000, "otherExpenses": 0, "operatingExpenses": 7822000, "costAndExpenses": 24472000, "interestIncome": 9000, "interestExpense": 280000, "depreciationAndAmortization": 431000, "ebitda": -5351000, "ebitdaratio": -0.2863028357, "operatingIncome": -5782000, "operatingIncomeRatio": -0.3093632959, "totalOtherIncomeExpensesNet": -51000, "incomeBeforeTax": -6104000, "incomeBeforeTaxRatio": -0.3265917603, "incomeTaxExpense": 6104000, "netIncome": -6104000, "netIncomeRatio": -0.3265917603, "eps": -4.06, "epsdiluted": -4.06, "weightedAverageShsOut": 1503000, "weightedAverageShsOutDil": 1503000, "link": null, "finalLink": null}]