[{"date": "2025-07-31", "symbol": "ZM", "reportedCurrency": "USD", "cik": "0001585521", "fillingDate": "2025-08-22", "acceptedDate": "2025-08-22 16:02:10", "calendarYear": "2026", "period": "Q2", "revenue": 1217227000, "costOfRevenue": 273165000, "grossProfit": 944062000, "grossProfitRatio": 0.7755841762, "researchAndDevelopmentExpenses": 206447000, "generalAndAdministrativeExpenses": 76885000, "sellingAndMarketingExpenses": 338995000, "sellingGeneralAndAdministrativeExpenses": 415880000, "otherExpenses": 0, "operatingExpenses": 622327000, "costAndExpenses": 895492000, "interestIncome": 0, "interestExpense": 0, "depreciationAndAmortization": 0, "ebitda": 321735000, "ebitdaratio": 0.2643179949, "operatingIncome": 321735000, "operatingIncomeRatio": 0.2643179949, "totalOtherIncomeExpensesNet": 126427000, "incomeBeforeTax": 448162000, "incomeBeforeTaxRatio": 0.368182763, "incomeTaxExpense": 89570000, "netIncome": 358592000, "netIncomeRatio": 0.2945974744, "eps": 1.19, "epsdiluted": 1.16, "weightedAverageShsOut": 301779000, "weightedAverageShsOutDil": 308224000, "link": "https://www.sec.gov/Archives/edgar/data/1585521/000158552125000141/0001585521-25-000141-index.htm", "finalLink": "https://www.sec.gov/Archives/edgar/data/1585521/000158552125000141/zm-20250731.htm"}, {"date": "2025-04-30", "symbol": "ZM", "reportedCurrency": "USD", "cik": "0001585521", "fillingDate": "2025-05-23", "acceptedDate": "2025-05-23 16:02:04", "calendarYear": "2026", "period": "Q1", "revenue": 1174715000, "costOfRevenue": 278402000, "grossProfit": 896313000, "grossProfitRatio": 0.7630046437, "researchAndDevelopmentExpenses": 205416000, "generalAndAdministrativeExpenses": 102335000, "sellingAndMarketingExpenses": 346970000, "sellingGeneralAndAdministrativeExpenses": 449305000, "otherExpenses": 0, "operatingExpenses": 654721000, "costAndExpenses": 933123000, "interestIncome": 0, "interestExpense": 0, "depreciationAndAmortization": 35316000, "ebitda": 351081000, "ebitdaratio": 0.298864831, "operatingIncome": 241592000, "operatingIncomeRatio": 0.2056600963, "totalOtherIncomeExpensesNet": 74173000, "incomeBeforeTax": 315765000, "incomeBeforeTaxRatio": 0.2688013688, "incomeTaxExpense": 61162000, "netIncome": 254603000, "netIncomeRatio": 0.2167359743, "eps": 0.835, "epsdiluted": 0.814, "weightedAverageShsOut": 304909000, "weightedAverageShsOutDil": 312784000, "link": "https://www.sec.gov/Archives/edgar/data/1585521/000158552125000090/0001585521-25-000090-index.htm", "finalLink": "https://www.sec.gov/Archives/edgar/data/1585521/000158552125000090/zm-20250430.htm"}, {"date": "2025-01-31", "symbol": "ZM", "reportedCurrency": "USD", "cik": "0001585521", "fillingDate": "2025-02-28", "acceptedDate": "2025-02-28 16:02:08", "calendarYear": "2025", "period": "Q4", "revenue": 1184138000, "costOfRevenue": 287355000, "grossProfit": 896783000, "grossProfitRatio": 0.7573298045, "researchAndDevelopmentExpenses": 217121000, "generalAndAdministrativeExpenses": 95696000, "sellingAndMarketingExpenses": 358903000, "sellingGeneralAndAdministrativeExpenses": 454599000, "otherExpenses": 0, "operatingExpenses": 671720000, "costAndExpenses": 959075000, "interestIncome": 0, "interestExpense": 0, "depreciationAndAmortization": 34591000, "ebitda": 259654000, "ebitdaratio": 0.2192768073, "operatingIncome": 225063000, "operatingIncomeRatio": 0.1900648404, "totalOtherIncomeExpensesNet": 225256000, "incomeBeforeTax": 450319000, "incomeBeforeTaxRatio": 0.3802926686, "incomeTaxExpense": 82454000, "netIncome": 367865000, "netIncomeRatio": 0.3106605818, "eps": 1.2, "epsdiluted": 1.16, "weightedAverageShsOut": 306554000, "weightedAverageShsOutDil": 316693000, "link": "https://www.sec.gov/Archives/edgar/data/1585521/000158552125000042/0001585521-25-000042-index.htm", "finalLink": "https://www.sec.gov/Archives/edgar/data/1585521/000158552125000042/zm-20250131.htm"}, {"date": "2024-10-31", "symbol": "ZM", "reportedCurrency": "USD", "cik": "0001585521", "fillingDate": "2024-11-26", "acceptedDate": "2024-11-26 16:01:58", "calendarYear": "2025", "period": "Q3", "revenue": 1177541000, "costOfRevenue": 283881000, "grossProfit": 893660000, "grossProfitRatio": 0.7589204962, "researchAndDevelopmentExpenses": 222980000, "generalAndAdministrativeExpenses": 126137000, "sellingAndMarketingExpenses": 361703000, "sellingGeneralAndAdministrativeExpenses": 487840000, "otherExpenses": 0, "operatingExpenses": 710820000, "costAndExpenses": 994701000, "interestIncome": 0, "interestExpense": 0, "depreciationAndAmortization": 32290000, "ebitda": 215130000, "ebitdaratio": 0.1826942756, "operatingIncome": 182840000, "operatingIncomeRatio": 0.1552727251, "totalOtherIncomeExpensesNet": 97572000, "incomeBeforeTax": 280412000, "incomeBeforeTaxRatio": 0.2381335342, "incomeTaxExpense": 73362000, "netIncome": 207050000, "netIncomeRatio": 0.1758325188, "eps": 0.67, "epsdiluted": 0.66, "weightedAverageShsOut": 307530000, "weightedAverageShsOutDil": 314191000, "link": "https://www.sec.gov/Archives/edgar/data/1585521/000158552124000260/0001585521-24-000260-index.htm", "finalLink": "https://www.sec.gov/Archives/edgar/data/1585521/000158552124000260/zm-20241031.htm"}, {"date": "2024-07-31", "symbol": "ZM", "reportedCurrency": "USD", "cik": "0001585521", "fillingDate": "2024-08-23", "acceptedDate": "2024-08-23 16:01:36", "calendarYear": "2025", "period": "Q2", "revenue": 1162520000, "costOfRevenue": 285089000, "grossProfit": 877431000, "grossProfitRatio": 0.7547663696, "researchAndDevelopmentExpenses": 206756000, "generalAndAdministrativeExpenses": 109535000, "sellingAndMarketingExpenses": 358770000, "sellingGeneralAndAdministrativeExpenses": 468305000, "otherExpenses": 0, "operatingExpenses": 675061000, "costAndExpenses": 960150000, "interestIncome": 0, "interestExpense": 0, "depreciationAndAmortization": 29084000, "ebitda": 231454000, "ebitdaratio": 0.1990967897, "operatingIncome": 202370000, "operatingIncomeRatio": 0.1740787255, "totalOtherIncomeExpensesNet": 90519000, "incomeBeforeTax": 292889000, "incomeBeforeTaxRatio": 0.2519431924, "incomeTaxExpense": 73874000, "netIncome": 219015000, "netIncomeRatio": 0.1883967588, "eps": 0.71, "epsdiluted": 0.7, "weightedAverageShsOut": 309138000, "weightedAverageShsOutDil": 314027000, "link": "https://www.sec.gov/Archives/edgar/data/1585521/000158552124000181/0001585521-24-000181-index.htm", "finalLink": "https://www.sec.gov/Archives/edgar/data/1585521/000158552124000181/zm-20240731.htm"}, {"date": "2024-04-30", "symbol": "ZM", "reportedCurrency": "USD", "cik": "0001585521", "fillingDate": "2024-05-22", "acceptedDate": "2024-05-22 16:02:24", "calendarYear": "2025", "period": "Q1", "revenue": 1141234000, "costOfRevenue": 334332000, "grossProfit": 806902000, "grossProfitRatio": 0.7070434284, "researchAndDevelopmentExpenses": 186256000, "generalAndAdministrativeExpenses": 111344000, "sellingAndMarketingExpenses": 348008000, "sellingGeneralAndAdministrativeExpenses": 459352000, "otherExpenses": 71588000, "operatingExpenses": 530700000, "costAndExpenses": 865032000, "interestIncome": 0, "interestExpense": 0, "depreciationAndAmortization": 94792000, "ebitda": 229689000, "ebitdaratio": 0.2012637198, "operatingIncome": 276202000, "operatingIncomeRatio": 0.2420204796, "totalOtherIncomeExpensesNet": 88942000, "incomeBeforeTax": 291964000, "incomeBeforeTaxRatio": 0.2558318452, "incomeTaxExpense": 75656000, "netIncome": 216308000, "netIncomeRatio": 0.1895386923, "eps": 0.7, "epsdiluted": 0.69, "weightedAverageShsOut": 308700582, "weightedAverageShsOutDil": 315360678, "link": "https://www.sec.gov/Archives/edgar/data/1585521/000158552124000094/0001585521-24-000094-index.htm", "finalLink": "https://www.sec.gov/Archives/edgar/data/1585521/000158552124000094/zm-20240430.htm"}, {"date": "2024-01-31", "symbol": "ZM", "reportedCurrency": "USD", "cik": "0001585521", "fillingDate": "2024-03-04", "acceptedDate": "2024-03-01 18:30:11", "calendarYear": "2024", "period": "Q4", "revenue": 1146457000, "costOfRevenue": 276307000, "grossProfit": 870150000, "grossProfitRatio": 0.7589905247, "researchAndDevelopmentExpenses": 205282000, "generalAndAdministrativeExpenses": 125286000, "sellingAndMarketingExpenses": 371052000, "sellingGeneralAndAdministrativeExpenses": 496338000, "otherExpenses": 0, "operatingExpenses": 701620000, "costAndExpenses": 977927000, "interestIncome": 0, "interestExpense": 33488000, "depreciationAndAmortization": 27272000, "ebitda": 195802000, "ebitdaratio": 0.1707887867, "operatingIncome": 168530000, "operatingIncomeRatio": 0.1470007161, "totalOtherIncomeExpensesNet": 184353000, "incomeBeforeTax": 352883000, "incomeBeforeTaxRatio": 0.3078030838, "incomeTaxExpense": 54051000, "netIncome": 298832000, "netIncomeRatio": 0.2606569631, "eps": 0.98, "epsdiluted": 0.95, "weightedAverageShsOut": 305822936, "weightedAverageShsOutDil": 313467303, "link": "https://www.sec.gov/Archives/edgar/data/1585521/000158552124000030/0001585521-24-000030-index.htm", "finalLink": "https://www.sec.gov/Archives/edgar/data/1585521/000158552124000030/zm-20240131.htm"}, {"date": "2023-10-31", "symbol": "ZM", "reportedCurrency": "USD", "cik": "0001585521", "fillingDate": "2023-11-21", "acceptedDate": "2023-11-21 13:39:12", "calendarYear": "2024", "period": "Q3", "revenue": 1136727000, "costOfRevenue": 270988000, "grossProfit": 865739000, "grossProfitRatio": 0.7616067886, "researchAndDevelopmentExpenses": 196832000, "generalAndAdministrativeExpenses": 125140000, "sellingAndMarketingExpenses": 374378000, "sellingGeneralAndAdministrativeExpenses": 499518000, "otherExpenses": 0, "operatingExpenses": 696350000, "costAndExpenses": 967338000, "interestIncome": 0, "interestExpense": 0, "depreciationAndAmortization": 26977000, "ebitda": 196366000, "ebitdaratio": 0.1727468425, "operatingIncome": 169389000, "operatingIncomeRatio": 0.1490146711, "totalOtherIncomeExpensesNet": 16437000, "incomeBeforeTax": 185826000, "incomeBeforeTaxRatio": 0.1634746074, "incomeTaxExpense": 44614000, "netIncome": 141212000, "netIncomeRatio": 0.1242268372, "eps": 0.47, "epsdiluted": 0.46, "weightedAverageShsOut": 302493182, "weightedAverageShsOutDil": 310389905, "link": "https://www.sec.gov/Archives/edgar/data/1585521/000158552123000249/0001585521-23-000249-index.htm", "finalLink": "https://www.sec.gov/Archives/edgar/data/1585521/000158552123000249/zm-20231031.htm"}, {"date": "2023-07-31", "symbol": "ZM", "reportedCurrency": "USD", "cik": "0001585521", "fillingDate": "2023-08-23", "acceptedDate": "2023-08-23 16:01:51", "calendarYear": "2024", "period": "Q2", "revenue": 1138676000, "costOfRevenue": 266559000, "grossProfit": 872117000, "grossProfitRatio": 0.7659044364, "researchAndDevelopmentExpenses": 191802000, "generalAndAdministrativeExpenses": 129324000, "sellingAndMarketingExpenses": 373373000, "sellingGeneralAndAdministrativeExpenses": 502697000, "otherExpenses": 0, "operatingExpenses": 694499000, "costAndExpenses": 961058000, "interestIncome": 0, "interestExpense": 0, "depreciationAndAmortization": 26126000, "ebitda": 203744000, "ebitdaratio": 0.1789306177, "operatingIncome": 177618000, "operatingIncomeRatio": 0.1559864263, "totalOtherIncomeExpensesNet": 72755000, "incomeBeforeTax": 250373000, "incomeBeforeTaxRatio": 0.2198808089, "incomeTaxExpense": 68399000, "netIncome": 181974000, "netIncomeRatio": 0.1598119219, "eps": 0.61, "epsdiluted": 0.59, "weightedAverageShsOut": 299093452, "weightedAverageShsOutDil": 305932596, "link": "https://www.sec.gov/Archives/edgar/data/1585521/000158552123000194/0001585521-23-000194-index.htm", "finalLink": "https://www.sec.gov/Archives/edgar/data/1585521/000158552123000194/zm-20230731.htm"}, {"date": "2023-04-30", "symbol": "ZM", "reportedCurrency": "USD", "cik": "0001585521", "fillingDate": "2023-05-25", "acceptedDate": "2023-05-25 16:02:18", "calendarYear": "2024", "period": "Q1", "revenue": 1105364000, "costOfRevenue": 263947000, "grossProfit": 841417000, "grossProfitRatio": 0.761212596, "researchAndDevelopmentExpenses": 209271000, "generalAndAdministrativeExpenses": 199900000, "sellingAndMarketingExpenses": 422504000, "sellingGeneralAndAdministrativeExpenses": 622404000, "otherExpenses": 0, "operatingExpenses": 831675000, "costAndExpenses": 1095622000, "interestIncome": 0, "interestExpense": 0, "depreciationAndAmortization": 24076000, "ebitda": 33818000, "ebitdaratio": 0.0305944467, "operatingIncome": 7467000, "operatingIncomeRatio": 0.0067552408, "totalOtherIncomeExpensesNet": 33488000, "incomeBeforeTax": 43230000, "incomeBeforeTaxRatio": 0.0391092889, "incomeTaxExpense": 27786000, "netIncome": 15444000, "netIncomeRatio": 0.0139718681, "eps": 0.0523, "epsdiluted": 0.0508, "weightedAverageShsOut": 295409207, "weightedAverageShsOutDil": 304115913, "link": "https://www.sec.gov/Archives/edgar/data/1585521/000158552123000128/0001585521-23-000128-index.htm", "finalLink": "https://www.sec.gov/Archives/edgar/data/1585521/000158552123000128/zm-20230430.htm"}, {"date": "2023-01-31", "symbol": "ZM", "reportedCurrency": "USD", "cik": "0001585521", "fillingDate": "2023-03-03", "acceptedDate": "2023-03-03 11:07:37", "calendarYear": "2023", "period": "Q4", "revenue": 1117803000, "costOfRevenue": 294354000, "grossProfit": 823449000, "grossProfitRatio": 0.7366673734, "researchAndDevelopmentExpenses": 261258000, "generalAndAdministrativeExpenses": 186492000, "sellingAndMarketingExpenses": 505586000, "sellingGeneralAndAdministrativeExpenses": 692078000, "otherExpenses": 0, "operatingExpenses": 953336000, "costAndExpenses": 1247690000, "interestIncome": 0, "interestExpense": 0, "depreciationAndAmortization": 97142000, "ebitda": -105487000, "ebitdaratio": -0.0943699382, "operatingIncome": -129887000, "operatingIncomeRatio": -0.1161984715, "totalOtherIncomeExpensesNet": 90343000, "incomeBeforeTax": -39544000, "incomeBeforeTaxRatio": -0.0353765377, "incomeTaxExpense": 64506000, "netIncome": -104050000, "netIncomeRatio": -0.0930843807, "eps": -0.36, "epsdiluted": -0.36, "weightedAverageShsOut": 292983772, "weightedAverageShsOutDil": 292983772, "link": "https://www.sec.gov/Archives/edgar/data/1585521/000158552123000035/0001585521-23-000035-index.htm", "finalLink": "https://www.sec.gov/Archives/edgar/data/1585521/000158552123000035/zm-20230131.htm"}, {"date": "2022-10-31", "symbol": "ZM", "reportedCurrency": "USD", "cik": "0001585521", "fillingDate": "2022-11-23", "acceptedDate": "2022-11-23 16:03:38", "calendarYear": "2023", "period": "Q3", "revenue": 1101899000, "costOfRevenue": 270665000, "grossProfit": 831234000, "grossProfitRatio": 0.7543649645, "researchAndDevelopmentExpenses": 195946000, "generalAndAdministrativeExpenses": 141033000, "sellingAndMarketingExpenses": 427747000, "sellingGeneralAndAdministrativeExpenses": 568780000, "otherExpenses": -4861000, "operatingExpenses": 764726000, "costAndExpenses": 1035391000, "interestIncome": 0, "interestExpense": 18657000, "depreciationAndAmortization": 21766000, "ebitda": 88274000, "ebitdaratio": 0.0801107906, "operatingIncome": 66508000, "operatingIncomeRatio": 0.060357619, "totalOtherIncomeExpensesNet": -11759000, "incomeBeforeTax": 54749000, "incomeBeforeTaxRatio": 0.049686042, "incomeTaxExpense": 6396000, "netIncome": 48353000, "netIncomeRatio": 0.0438815173, "eps": 0.16, "epsdiluted": 0.16, "weightedAverageShsOut": 295537026, "weightedAverageShsOutDil": 301986341, "link": "https://www.sec.gov/Archives/edgar/data/1585521/000158552122000213/0001585521-22-000213-index.htm", "finalLink": "https://www.sec.gov/Archives/edgar/data/1585521/000158552122000213/zm-20221031.htm"}, {"date": "2022-07-31", "symbol": "ZM", "reportedCurrency": "USD", "cik": "0001585521", "fillingDate": "2022-08-24", "acceptedDate": "2022-08-24 16:02:13", "calendarYear": "2023", "period": "Q2", "revenue": 1099458000, "costOfRevenue": 273611000, "grossProfit": 825847000, "grossProfitRatio": 0.7511401072, "researchAndDevelopmentExpenses": 172564000, "generalAndAdministrativeExpenses": 131066000, "sellingAndMarketingExpenses": 400474000, "sellingGeneralAndAdministrativeExpenses": 531540000, "otherExpenses": 3368000, "operatingExpenses": 704104000, "costAndExpenses": 977715000, "interestIncome": 0, "interestExpense": 66056000, "depreciationAndAmortization": 20875000, "ebitda": 142618000, "ebitdaratio": 0.1297166422, "operatingIncome": 121743000, "operatingIncomeRatio": 0.1107300142, "totalOtherIncomeExpensesNet": -31344000, "incomeBeforeTax": 90399000, "incomeBeforeTaxRatio": 0.0822214218, "incomeTaxExpense": 44649000, "netIncome": 45750000, "netIncomeRatio": 0.0416114122, "eps": 0.15, "epsdiluted": 0.15, "weightedAverageShsOut": 298553379, "weightedAverageShsOutDil": 307160840, "link": "https://www.sec.gov/Archives/edgar/data/1585521/000158552122000180/0001585521-22-000180-index.htm", "finalLink": "https://www.sec.gov/Archives/edgar/data/1585521/000158552122000180/zm-20220731.htm"}, {"date": "2022-04-30", "symbol": "ZM", "reportedCurrency": "USD", "cik": "0001585521", "fillingDate": "2022-05-25", "acceptedDate": "2022-05-25 16:02:03", "calendarYear": "2023", "period": "Q1", "revenue": 1073800000, "costOfRevenue": 261821000, "grossProfit": 811979000, "grossProfitRatio": 0.7561734029, "researchAndDevelopmentExpenses": 144291000, "generalAndAdministrativeExpenses": 117840000, "sellingAndMarketingExpenses": 362783000, "sellingGeneralAndAdministrativeExpenses": 480623000, "otherExpenses": 0, "operatingExpenses": 624914000, "costAndExpenses": 886735000, "interestIncome": 0, "interestExpense": 79797000, "depreciationAndAmortization": 72060000, "ebitda": 187065000, "ebitdaratio": 0.1742084187, "operatingIncome": 187065000, "operatingIncomeRatio": 0.1742084187, "totalOtherIncomeExpensesNet": -43393000, "incomeBeforeTax": 143672000, "incomeBeforeTaxRatio": 0.1337977277, "incomeTaxExpense": 30014000, "netIncome": 113658000, "netIncomeRatio": 0.1058465264, "eps": 0.38, "epsdiluted": 0.37, "weightedAverageShsOut": 299147105, "weightedAverageShsOutDil": 306614220, "link": "https://www.sec.gov/Archives/edgar/data/1585521/000158552122000106/0001585521-22-000106-index.htm", "finalLink": "https://www.sec.gov/Archives/edgar/data/1585521/000158552122000106/zm-20220430.htm"}, {"date": "2022-01-31", "symbol": "ZM", "reportedCurrency": "USD", "cik": "0001585521", "fillingDate": "2022-03-07", "acceptedDate": "2022-03-07 16:02:53", "calendarYear": "2022", "period": "Q4", "revenue": 1071376000, "costOfRevenue": 257347000, "grossProfit": 814029000, "grossProfitRatio": 0.7597976807, "researchAndDevelopmentExpenses": 116996000, "generalAndAdministrativeExpenses": 119799000, "sellingAndMarketingExpenses": 325415000, "sellingGeneralAndAdministrativeExpenses": 445214000, "otherExpenses": -2549000, "operatingExpenses": 562210000, "costAndExpenses": 819557000, "interestIncome": 0, "interestExpense": 113285000, "depreciationAndAmortization": 12913000, "ebitda": 264732000, "ebitdaratio": 0.2470953241, "operatingIncome": 251819000, "operatingIncomeRatio": 0.2350425994, "totalOtherIncomeExpensesNet": -113285000, "incomeBeforeTax": 138534000, "incomeBeforeTaxRatio": 0.1293047446, "incomeTaxExpense": -352107000, "netIncome": 490641000, "netIncomeRatio": 0.4579540703, "eps": 1.64, "epsdiluted": 1.6, "weightedAverageShsOut": 298396698, "weightedAverageShsOutDil": 306125821, "link": "https://www.sec.gov/Archives/edgar/data/1585521/000158552122000037/0001585521-22-000037-index.htm", "finalLink": "https://www.sec.gov/Archives/edgar/data/1585521/000158552122000037/zm-20220131.htm"}, {"date": "2021-10-31", "symbol": "ZM", "reportedCurrency": "USD", "cik": "0001585521", "fillingDate": "2021-11-23", "acceptedDate": "2021-11-23 16:09:46", "calendarYear": "2022", "period": "Q3", "revenue": 1050756000, "costOfRevenue": 270957000, "grossProfit": 779799000, "grossProfitRatio": 0.7421313797, "researchAndDevelopmentExpenses": 98508000, "generalAndAdministrativeExpenses": 96736000, "sellingAndMarketingExpenses": 293698000, "sellingGeneralAndAdministrativeExpenses": 390434000, "otherExpenses": 0, "operatingExpenses": 488942000, "costAndExpenses": 759899000, "interestIncome": 0, "interestExpense": 2995000, "depreciationAndAmortization": 58883000, "ebitda": 303441000, "ebitdaratio": 0.2887835044, "operatingIncome": 290857000, "operatingIncomeRatio": 0.2768073654, "totalOtherIncomeExpensesNet": 119426000, "incomeBeforeTax": 410283000, "incomeBeforeTaxRatio": 0.3904645798, "incomeTaxExpense": 69900000, "netIncome": 340383000, "netIncomeRatio": 0.3239410482, "eps": 1.14, "epsdiluted": 1.11, "weightedAverageShsOut": 297375011, "weightedAverageShsOutDil": 305939624, "link": "https://www.sec.gov/Archives/edgar/data/1585521/000158552121000295/0001585521-21-000295-index.htm", "finalLink": "https://www.sec.gov/Archives/edgar/data/1585521/000158552121000295/zm-20211031.htm"}, {"date": "2021-07-31", "symbol": "ZM", "reportedCurrency": "USD", "cik": "0001585521", "fillingDate": "2021-08-31", "acceptedDate": "2021-08-31 16:13:42", "calendarYear": "2022", "period": "Q2", "revenue": 1021495000, "costOfRevenue": 261256000, "grossProfit": 760239000, "grossProfitRatio": 0.7442415283, "researchAndDevelopmentExpenses": 82311000, "generalAndAdministrativeExpenses": 112146000, "sellingAndMarketingExpenses": 271179000, "sellingGeneralAndAdministrativeExpenses": 383325000, "otherExpenses": 0, "operatingExpenses": 465636000, "costAndExpenses": 726892000, "interestIncome": 0, "interestExpense": 2795000, "depreciationAndAmortization": 53654000, "ebitda": 306631000, "ebitdaratio": 0.3001786597, "operatingIncome": 294603000, "operatingIncomeRatio": 0.2884037612, "totalOtherIncomeExpensesNet": 29281000, "incomeBeforeTax": 323884000, "incomeBeforeTaxRatio": 0.3170686102, "incomeTaxExpense": 6800000, "netIncome": 317084000, "netIncomeRatio": 0.3104117005, "eps": 1.07, "epsdiluted": 1.04, "weightedAverageShsOut": 295712675, "weightedAverageShsOutDil": 305861051, "link": "https://www.sec.gov/Archives/edgar/data/1585521/000158552121000235/0001585521-21-000235-index.htm", "finalLink": "https://www.sec.gov/Archives/edgar/data/1585521/000158552121000235/zm-20210731.htm"}, {"date": "2021-04-30", "symbol": "ZM", "reportedCurrency": "USD", "cik": "0001585521", "fillingDate": "2021-06-02", "acceptedDate": "2021-06-02 16:02:58", "calendarYear": "2022", "period": "Q1", "revenue": 956237000, "costOfRevenue": 264994000, "grossProfit": 691243000, "grossProfitRatio": 0.7228783241, "researchAndDevelopmentExpenses": 65175000, "generalAndAdministrativeExpenses": 154089000, "sellingAndMarketingExpenses": 245667000, "sellingGeneralAndAdministrativeExpenses": 399756000, "otherExpenses": 0, "operatingExpenses": 464931000, "costAndExpenses": 729925000, "interestIncome": 2619000, "interestExpense": 0, "depreciationAndAmortization": 48429000, "ebitda": 236975000, "ebitdaratio": 0.2478203625, "operatingIncome": 226312000, "operatingIncomeRatio": 0.2366693613, "totalOtherIncomeExpensesNet": 2619000, "incomeBeforeTax": 228931000, "incomeBeforeTaxRatio": 0.239408222, "incomeTaxExpense": 1400000, "netIncome": 227531000, "netIncomeRatio": 0.2379441498, "eps": 0.77, "epsdiluted": 0.74, "weightedAverageShsOut": 293794778, "weightedAverageShsOutDil": 305412419, "link": "https://www.sec.gov/Archives/edgar/data/1585521/000158552121000131/0001585521-21-000131-index.htm", "finalLink": "https://www.sec.gov/Archives/edgar/data/1585521/000158552121000131/zm-20210430.htm"}, {"date": "2021-01-31", "symbol": "ZM", "reportedCurrency": "USD", "cik": "0001585521", "fillingDate": "2021-03-18", "acceptedDate": "2021-03-18 16:03:41", "calendarYear": "2021", "period": "Q4", "revenue": 882485000, "costOfRevenue": 267284000, "grossProfit": 615201000, "grossProfitRatio": 0.6971234639, "researchAndDevelopmentExpenses": 52375000, "generalAndAdministrativeExpenses": 92691000, "sellingAndMarketingExpenses": 214018000, "sellingGeneralAndAdministrativeExpenses": 306709000, "otherExpenses": 0, "operatingExpenses": 359084000, "costAndExpenses": 626368000, "interestIncome": 8536000, "interestExpense": 0, "depreciationAndAmortization": 9456000, "ebitda": 307134000, "ebitdaratio": 0.348033111, "operatingIncome": 256117000, "operatingIncomeRatio": 0.2902224967, "totalOtherIncomeExpensesNet": 8536000, "incomeBeforeTax": 264653000, "incomeBeforeTaxRatio": 0.2998951824, "incomeTaxExpense": 4043000, "netIncome": 260610000, "netIncomeRatio": 0.2953138014, "eps": 0.91, "epsdiluted": 0.87, "weightedAverageShsOut": 287598299, "weightedAverageShsOutDil": 300613251, "link": "https://www.sec.gov/Archives/edgar/data/1585521/000158552121000048/0001585521-21-000048-index.htm", "finalLink": "https://www.sec.gov/Archives/edgar/data/1585521/000158552121000048/zm-20210131.htm"}, {"date": "2020-10-31", "symbol": "ZM", "reportedCurrency": "USD", "cik": "0001585521", "fillingDate": "2020-12-04", "acceptedDate": "2020-12-03 20:31:10", "calendarYear": "2021", "period": "Q3", "revenue": 777196000, "costOfRevenue": 258727000, "grossProfit": 518469000, "grossProfitRatio": 0.6671019923, "researchAndDevelopmentExpenses": 42582000, "generalAndAdministrativeExpenses": 93488000, "sellingAndMarketingExpenses": 190157000, "sellingGeneralAndAdministrativeExpenses": 283645000, "otherExpenses": 0, "operatingExpenses": 326227000, "costAndExpenses": 584954000, "interestIncome": 1779000, "interestExpense": 0, "depreciationAndAmortization": 7587000, "ebitda": 199829000, "ebitdaratio": 0.2571153223, "operatingIncome": 192242000, "operatingIncomeRatio": 0.247353306, "totalOtherIncomeExpensesNet": 1779000, "incomeBeforeTax": 194021000, "incomeBeforeTaxRatio": 0.2496423039, "incomeTaxExpense": -4621000, "netIncome": 198642000, "netIncomeRatio": 0.255588037, "eps": 0.7, "epsdiluted": 0.66, "weightedAverageShsOut": 284783006, "weightedAverageShsOutDil": 299258765, "link": "https://www.sec.gov/Archives/edgar/data/1585521/000158552120000299/0001585521-20-000299-index.htm", "finalLink": "https://www.sec.gov/Archives/edgar/data/1585521/000158552120000299/zm-20201031.htm"}, {"date": "2020-07-31", "symbol": "ZM", "reportedCurrency": "USD", "cik": "0001585521", "fillingDate": "2020-09-03", "acceptedDate": "2020-09-03 16:06:01", "calendarYear": "2021", "period": "Q2", "revenue": 663520000, "costOfRevenue": 192271000, "grossProfit": 471249000, "grossProfitRatio": 0.7102257656, "researchAndDevelopmentExpenses": 42734000, "generalAndAdministrativeExpenses": 81238000, "sellingAndMarketingExpenses": 159173000, "sellingGeneralAndAdministrativeExpenses": 240411000, "otherExpenses": 0, "operatingExpenses": 283145000, "costAndExpenses": 475416000, "interestIncome": 2081000, "interestExpense": 0, "depreciationAndAmortization": 6475000, "ebitda": 194579000, "ebitdaratio": 0.2932526525, "operatingIncome": 188104000, "operatingIncomeRatio": 0.2834940921, "totalOtherIncomeExpensesNet": 2081000, "incomeBeforeTax": 190185000, "incomeBeforeTaxRatio": 0.2866303955, "incomeTaxExpense": 4196000, "netIncome": 185989000, "netIncomeRatio": 0.2803065469, "eps": 0.66, "epsdiluted": 0.63, "weightedAverageShsOut": 282850805, "weightedAverageShsOutDil": 297162309, "link": "https://www.sec.gov/Archives/edgar/data/1585521/000158552120000238/0001585521-20-000238-index.htm", "finalLink": "https://www.sec.gov/Archives/edgar/data/1585521/000158552120000238/zm-20200731.htm"}, {"date": "2020-04-30", "symbol": "ZM", "reportedCurrency": "USD", "cik": "0001585521", "fillingDate": "2020-06-05", "acceptedDate": "2020-06-05 16:07:51", "calendarYear": "2021", "period": "Q1", "revenue": 328167000, "costOfRevenue": 103707000, "grossProfit": 224460000, "grossProfitRatio": 0.6839810219, "researchAndDevelopmentExpenses": 26389000, "generalAndAdministrativeExpenses": 53130000, "sellingAndMarketingExpenses": 121556000, "sellingGeneralAndAdministrativeExpenses": 174686000, "otherExpenses": 0, "operatingExpenses": 201075000, "costAndExpenses": 304782000, "interestIncome": 5790000, "interestExpense": 0, "depreciationAndAmortization": 5339000, "ebitda": 28724000, "ebitdaratio": 0.0875286059, "operatingIncome": 23385000, "operatingIncomeRatio": 0.0712594502, "totalOtherIncomeExpensesNet": 5790000, "incomeBeforeTax": 29175000, "incomeBeforeTaxRatio": 0.0889029061, "incomeTaxExpense": 2100000, "netIncome": 27075000, "netIncomeRatio": 0.0825037252, "eps": 0.1, "epsdiluted": 0.09, "weightedAverageShsOut": 279891111, "weightedAverageShsOutDil": 295184958, "link": "https://www.sec.gov/Archives/edgar/data/1585521/000158552120000154/0001585521-20-000154-index.htm", "finalLink": "https://www.sec.gov/Archives/edgar/data/1585521/000158552120000154/zm-20200430.htm"}, {"date": "2020-01-31", "symbol": "ZM", "reportedCurrency": "USD", "cik": "0001585521", "fillingDate": "2020-03-20", "acceptedDate": "2020-03-20 16:37:28", "calendarYear": "2020", "period": "Q4", "revenue": 188251000, "costOfRevenue": 32547000, "grossProfit": 155704000, "grossProfitRatio": 0.8271084881, "researchAndDevelopmentExpenses": 20669000, "generalAndAdministrativeExpenses": 23577000, "sellingAndMarketingExpenses": 100905000, "sellingGeneralAndAdministrativeExpenses": 124482000, "otherExpenses": 0, "operatingExpenses": 145151000, "costAndExpenses": 177698000, "interestIncome": 3992000, "interestExpense": 0, "depreciationAndAmortization": 4860000, "ebitda": 15413000, "ebitdaratio": 0.0818747311, "operatingIncome": 10553000, "operatingIncomeRatio": 0.0560581351, "totalOtherIncomeExpensesNet": 3992000, "incomeBeforeTax": 14545000, "incomeBeforeTaxRatio": 0.0772638658, "incomeTaxExpense": -794000, "netIncome": 15339000, "netIncomeRatio": 0.0814816389, "eps": 0.06, "epsdiluted": 0.05, "weightedAverageShsOut": 276719764, "weightedAverageShsOutDil": 292789235, "link": "https://www.sec.gov/Archives/edgar/data/1585521/000158552120000095/0001585521-20-000095-index.htm", "finalLink": "https://www.sec.gov/Archives/edgar/data/1585521/000158552120000095/zm-20200131.htm"}, {"date": "2019-10-31", "symbol": "ZM", "reportedCurrency": "USD", "cik": "0001585521", "fillingDate": "2019-12-09", "acceptedDate": "2019-12-06 20:42:07", "calendarYear": "2020", "period": "Q3", "revenue": 166593000, "costOfRevenue": 30845000, "grossProfit": 135748000, "grossProfitRatio": 0.8148481629, "researchAndDevelopmentExpenses": 17573000, "generalAndAdministrativeExpenses": 23806000, "sellingAndMarketingExpenses": 96048000, "sellingGeneralAndAdministrativeExpenses": 119854000, "otherExpenses": 978000, "operatingExpenses": 137427000, "costAndExpenses": 168272000, "interestIncome": 4209000, "interestExpense": 0, "depreciationAndAmortization": 6139000, "ebitda": 2736000, "ebitdaratio": 0.0164232591, "operatingIncome": -1679000, "operatingIncomeRatio": -0.0100784547, "totalOtherIncomeExpensesNet": 4209000, "incomeBeforeTax": 2530000, "incomeBeforeTaxRatio": 0.0151867125, "incomeTaxExpense": 319000, "netIncome": 2211000, "netIncomeRatio": 0.0132718662, "eps": 0.01, "epsdiluted": 0.01, "weightedAverageShsOut": 273316850, "weightedAverageShsOutDil": 292771122, "link": "https://www.sec.gov/Archives/edgar/data/1585521/000158552119000059/0001585521-19-000059-index.htm", "finalLink": "https://www.sec.gov/Archives/edgar/data/1585521/000158552119000059/zm-20191031.htm"}, {"date": "2019-07-31", "symbol": "ZM", "reportedCurrency": "USD", "cik": "0001585521", "fillingDate": "2019-09-13", "acceptedDate": "2019-09-12 18:22:56", "calendarYear": "2020", "period": "Q2", "revenue": 145826000, "costOfRevenue": 27900000, "grossProfit": 117926000, "grossProfitRatio": 0.8086760934, "researchAndDevelopmentExpenses": 15054000, "generalAndAdministrativeExpenses": 20955000, "sellingAndMarketingExpenses": 79652000, "sellingGeneralAndAdministrativeExpenses": 100607000, "otherExpenses": 0, "operatingExpenses": 115661000, "costAndExpenses": 143561000, "interestIncome": 4492000, "interestExpense": 0, "depreciationAndAmortization": 5433000, "ebitda": 19164000, "ebitdaratio": 0.1314168941, "operatingIncome": 2265000, "operatingIncomeRatio": 0.0155322096, "totalOtherIncomeExpensesNet": 4492000, "incomeBeforeTax": 6757000, "incomeBeforeTaxRatio": 0.0463360443, "incomeTaxExpense": 1216000, "netIncome": 5541000, "netIncomeRatio": 0.0379973393, "eps": 0.02, "epsdiluted": 0.02, "weightedAverageShsOut": 271813141, "weightedAverageShsOutDil": 292185665, "link": "https://www.sec.gov/Archives/edgar/data/1585521/000158552119000020/0001585521-19-000020-index.htm", "finalLink": "https://www.sec.gov/Archives/edgar/data/1585521/000158552119000020/zm-20190731.htm"}, {"date": "2019-04-30", "symbol": "ZM", "reportedCurrency": "USD", "cik": "0001585521", "fillingDate": "2019-06-07", "acceptedDate": "2019-06-07 16:16:51", "calendarYear": "2020", "period": "Q1", "revenue": 121988000, "costOfRevenue": 24104000, "grossProfit": 97884000, "grossProfitRatio": 0.8024067941, "researchAndDevelopmentExpenses": 13783000, "generalAndAdministrativeExpenses": 18503000, "sellingAndMarketingExpenses": 64041000, "sellingGeneralAndAdministrativeExpenses": 82544000, "otherExpenses": 315000, "operatingExpenses": 96327000, "costAndExpenses": 120431000, "interestIncome": 973000, "interestExpense": 0, "depreciationAndAmortization": 4857000, "ebitda": 13273000, "ebitdaratio": 0.1088057842, "operatingIncome": 1557000, "operatingIncomeRatio": 0.0127635505, "totalOtherIncomeExpensesNet": 973000, "incomeBeforeTax": 2530000, "incomeBeforeTaxRatio": 0.0207397449, "incomeTaxExpense": 316000, "netIncome": 2214000, "netIncomeRatio": 0.0181493262, "eps": 0.0084, "epsdiluted": 0.008, "weightedAverageShsOut": 264869240, "weightedAverageShsOutDil": 275055502, "link": "https://www.sec.gov/Archives/edgar/data/1585521/000156459019022032/0001564590-19-022032-index.htm", "finalLink": "https://www.sec.gov/Archives/edgar/data/1585521/000156459019022032/zm-10q_20190430.htm"}, {"date": "2019-01-31", "symbol": "ZM", "reportedCurrency": "USD", "cik": "0001585521", "fillingDate": "2019-01-31", "acceptedDate": "2019-01-30 19:00:00", "calendarYear": "2019", "period": "Q4", "revenue": 105800000, "costOfRevenue": 19525000, "grossProfit": 86275000, "grossProfitRatio": 0.8154536862, "researchAndDevelopmentExpenses": 10808000, "generalAndAdministrativeExpenses": 14923000, "sellingAndMarketingExpenses": 55052000, "sellingGeneralAndAdministrativeExpenses": 69975000, "otherExpenses": 131000, "operatingExpenses": 80783000, "costAndExpenses": 100308000, "interestIncome": 461000, "interestExpense": 0, "depreciationAndAmortization": 2549000, "ebitda": 8041000, "ebitdaratio": 0.0760018904, "operatingIncome": 5492000, "operatingIncomeRatio": 0.0519092628, "totalOtherIncomeExpensesNet": 592000, "incomeBeforeTax": 6084000, "incomeBeforeTaxRatio": 0.0575047259, "incomeTaxExpense": 387000, "netIncome": 5697000, "netIncomeRatio": 0.0538468809, "eps": 0.052, "epsdiluted": 0.042, "weightedAverageShsOut": 257925338, "weightedAverageShsOutDil": 257925338, "link": "", "finalLink": ""}, {"date": "2018-10-31", "symbol": "ZM", "reportedCurrency": "USD", "cik": "0001585521", "fillingDate": "2018-10-31", "acceptedDate": "2018-10-30 20:00:00", "calendarYear": "2019", "period": "Q3", "revenue": 90121000, "costOfRevenue": 16843000, "grossProfit": 73278000, "grossProfitRatio": 0.813106823, "researchAndDevelopmentExpenses": 8893000, "generalAndAdministrativeExpenses": 11994000, "sellingAndMarketingExpenses": 53454000, "sellingGeneralAndAdministrativeExpenses": 65448000, "otherExpenses": 128000, "operatingExpenses": 74341000, "costAndExpenses": 91184000, "interestIncome": 477000, "interestExpense": 0, "depreciationAndAmortization": 1841000, "ebitda": 778000, "ebitdaratio": 0.0086328381, "operatingIncome": -1063000, "operatingIncomeRatio": -0.011795253, "totalOtherIncomeExpensesNet": 605000, "incomeBeforeTax": -458000, "incomeBeforeTaxRatio": -0.0050820563, "incomeTaxExpense": 140000, "netIncome": -598000, "netIncomeRatio": -0.0066355234, "eps": -0.0025, "epsdiluted": -0.0022, "weightedAverageShsOut": 237282092, "weightedAverageShsOutDil": 268804679, "link": "", "finalLink": ""}, {"date": "2018-07-31", "symbol": "ZM", "reportedCurrency": "USD", "cik": "0001585521", "fillingDate": "2018-07-31", "acceptedDate": "2018-07-30 20:00:00", "calendarYear": "2019", "period": "Q2", "revenue": 74526000, "costOfRevenue": 12973000, "grossProfit": 61553000, "grossProfitRatio": 0.8259265223, "researchAndDevelopmentExpenses": 7049000, "generalAndAdministrativeExpenses": 10028000, "sellingAndMarketingExpenses": 41054000, "sellingGeneralAndAdministrativeExpenses": 51082000, "otherExpenses": 81000, "operatingExpenses": 58131000, "costAndExpenses": 71104000, "interestIncome": 463000, "interestExpense": 0, "depreciationAndAmortization": 1451000, "ebitda": 4873000, "ebitdaratio": 0.0653865765, "operatingIncome": 3422000, "operatingIncomeRatio": 0.0459168612, "totalOtherIncomeExpensesNet": 544000, "incomeBeforeTax": 3966000, "incomeBeforeTaxRatio": 0.0532163272, "incomeTaxExpense": 141000, "netIncome": 3825000, "netIncomeRatio": 0.05132437, "eps": 0.0021, "epsdiluted": 0.0018, "weightedAverageShsOut": 237282092, "weightedAverageShsOutDil": 268804679, "link": "", "finalLink": ""}, {"date": "2018-04-30", "symbol": "ZM", "reportedCurrency": "USD", "cik": "0001585521", "fillingDate": "2018-04-30", "acceptedDate": "2018-04-30 00:00:00", "calendarYear": "2019", "period": "Q1", "revenue": 60070000, "costOfRevenue": 11660000, "grossProfit": 48410000, "grossProfitRatio": 0.8058931247, "researchAndDevelopmentExpenses": 6264000, "generalAndAdministrativeExpenses": 7569000, "sellingAndMarketingExpenses": 36261000, "sellingGeneralAndAdministrativeExpenses": 43830000, "otherExpenses": 5000, "operatingExpenses": 50094000, "costAndExpenses": 61754000, "interestIncome": 436000, "interestExpense": 0, "depreciationAndAmortization": 1167000, "ebitda": -517000, "ebitdaratio": -0.0086066256, "operatingIncome": -1684000, "operatingIncomeRatio": -0.0280339604, "totalOtherIncomeExpensesNet": 441000, "incomeBeforeTax": -1243000, "incomeBeforeTaxRatio": -0.0206925254, "incomeTaxExpense": 97000, "netIncome": -1340000, "netIncomeRatio": -0.0223073081, "eps": -0.0056, "epsdiluted": -0.005, "weightedAverageShsOut": 237282092, "weightedAverageShsOutDil": 268804679, "link": "", "finalLink": ""}]