[{"date": "2025-06-30", "symbol": "ICLR", "reportedCurrency": "USD", "cik": "0001060955", "fillingDate": "2025-07-24", "acceptedDate": "2025-07-24 16:44:00", "calendarYear": "2025", "period": "Q2", "revenue": 2017357000, "costOfRevenue": 1553476000, "grossProfit": 463881000, "grossProfitRatio": 0.229944923, "researchAndDevelopmentExpenses": 0, "generalAndAdministrativeExpenses": 0, "sellingAndMarketingExpenses": 0, "sellingGeneralAndAdministrativeExpenses": 205006000, "otherExpenses": 0, "operatingExpenses": 205006000, "costAndExpenses": 1758482000, "interestIncome": 2054000, "interestExpense": 50151000, "depreciationAndAmortization": 97718000, "ebitda": 308980000, "ebitdaratio": 0.153160794, "operatingIncome": 258875000, "operatingIncomeRatio": 0.1283238415, "totalOtherIncomeExpensesNet": -97764000, "incomeBeforeTax": 161111000, "incomeBeforeTaxRatio": 0.079862414, "incomeTaxExpense": -21861000, "netIncome": 182972000, "netIncomeRatio": 0.0906988699, "eps": 2.31, "epsdiluted": 2.3, "weightedAverageShsOut": 79245000, "weightedAverageShsOutDil": 79547000, "link": "https://www.sec.gov/Archives/edgar/data/1060955/000106095525000059/0001060955-25-000059-index.htm", "finalLink": "https://www.sec.gov/Archives/edgar/data/1060955/000106095525000059/iclr-20250630.htm"}, {"date": "2025-03-31", "symbol": "ICLR", "reportedCurrency": "USD", "cik": "0001060955", "fillingDate": "2025-05-02", "acceptedDate": "2025-05-02 16:16:26", "calendarYear": "2025", "period": "Q1", "revenue": 2001332000, "costOfRevenue": 1442679000, "grossProfit": 558653000, "grossProfitRatio": 0.2791405924, "researchAndDevelopmentExpenses": 0, "generalAndAdministrativeExpenses": 0, "sellingAndMarketingExpenses": 0, "sellingGeneralAndAdministrativeExpenses": 198384000, "otherExpenses": 140708000, "operatingExpenses": 339092000, "costAndExpenses": 1781771000, "interestIncome": 1802000, "interestExpense": 47609000, "depreciationAndAmortization": 95958000, "ebitda": 317321000, "ebitdaratio": 0.1585549024, "operatingIncome": 219561000, "operatingIncomeRatio": 0.1097074348, "totalOtherIncomeExpensesNet": -45807000, "incomeBeforeTax": 173754000, "incomeBeforeTaxRatio": 0.0868191784, "incomeTaxExpense": 19603000, "netIncome": 154151000, "netIncomeRatio": 0.0770242019, "eps": 1.91, "epsdiluted": 1.9, "weightedAverageShsOut": 81786000, "weightedAverageShsOutDil": 82236000, "link": "https://www.sec.gov/Archives/edgar/data/1060955/000106095525000034/0001060955-25-000034-index.htm", "finalLink": "https://www.sec.gov/Archives/edgar/data/1060955/000106095525000034/iclr-20250331.htm"}, {"date": "2024-12-31", "symbol": "ICLR", "reportedCurrency": "USD", "cik": "0001060955", "fillingDate": "2025-02-21", "acceptedDate": "2025-02-21 17:05:31", "calendarYear": "2024", "period": "Q4", "revenue": 2041101000, "costOfRevenue": 1441736000, "grossProfit": 599365000, "grossProfitRatio": 0.2936478891, "researchAndDevelopmentExpenses": 0, "generalAndAdministrativeExpenses": 0, "sellingAndMarketingExpenses": 0, "sellingGeneralAndAdministrativeExpenses": 151445000, "otherExpenses": 150896000, "operatingExpenses": 302341000, "costAndExpenses": 1744077000, "interestIncome": 3008000, "interestExpense": 51429000, "depreciationAndAmortization": 96655000, "ebitda": 365648000, "ebitdaratio": 0.1791425314, "operatingIncome": 297024000, "operatingIncomeRatio": 0.1455214612, "totalOtherIncomeExpensesNet": -48421000, "incomeBeforeTax": 248603000, "incomeBeforeTaxRatio": 0.1217984803, "incomeTaxExpense": -11395000, "netIncome": 259998000, "netIncomeRatio": 0.1273812516, "eps": 3.18, "epsdiluted": 3.16, "weightedAverageShsOut": 81785620, "weightedAverageShsOutDil": 82236018, "link": "https://www.sec.gov/Archives/edgar/data/1060955/000106095525000016/0001060955-25-000016-index.htm", "finalLink": "https://www.sec.gov/Archives/edgar/data/1060955/000106095525000016/iclr-20241231.htm"}, {"date": "2024-09-30", "symbol": "ICLR", "reportedCurrency": "USD", "cik": "0001060955", "fillingDate": "2024-10-23", "acceptedDate": "2024-10-23 16:22:46", "calendarYear": "2024", "period": "Q3", "revenue": 2030030000, "costOfRevenue": 1438616000, "grossProfit": 591414000, "grossProfitRatio": 0.2913326404, "researchAndDevelopmentExpenses": 0, "generalAndAdministrativeExpenses": 0, "sellingAndMarketingExpenses": 0, "sellingGeneralAndAdministrativeExpenses": 205095000, "otherExpenses": 100885000, "operatingExpenses": 305980000, "costAndExpenses": 1744596000, "interestIncome": 2434000, "interestExpense": 53303000, "depreciationAndAmortization": 93029000, "ebitda": 380897000, "ebitdaratio": 0.1876312173, "operatingIncome": 285434000, "operatingIncomeRatio": 0.1406058039, "totalOtherIncomeExpensesNet": -50869000, "incomeBeforeTax": 234565000, "incomeBeforeTaxRatio": 0.1155475535, "incomeTaxExpense": 37437000, "netIncome": 197128000, "netIncomeRatio": 0.0971059541, "eps": 2.38, "epsdiluted": 2.36, "weightedAverageShsOut": 82831000, "weightedAverageShsOutDil": 83446000, "link": "https://www.sec.gov/Archives/edgar/data/1060955/000106095524000084/0001060955-24-000084-index.htm", "finalLink": "https://www.sec.gov/Archives/edgar/data/1060955/000106095524000084/q32024pressrelease.htm"}, {"date": "2024-06-30", "symbol": "ICLR", "reportedCurrency": "USD", "cik": "0001060955", "fillingDate": "2024-07-24", "acceptedDate": "2024-07-24 16:21:05", "calendarYear": "2024", "period": "Q2", "revenue": 2120159000, "costOfRevenue": 1493600000, "grossProfit": 626559000, "grossProfitRatio": 0.2955245338, "researchAndDevelopmentExpenses": 0, "generalAndAdministrativeExpenses": 0, "sellingAndMarketingExpenses": 0, "sellingGeneralAndAdministrativeExpenses": 194458000, "otherExpenses": 202244000, "operatingExpenses": 396702000, "costAndExpenses": 1890302000, "interestIncome": 1237000, "interestExpense": 60840000, "depreciationAndAmortization": 149635000, "ebitda": 380729000, "ebitdaratio": 0.1795756828, "operatingIncome": 229857000, "operatingIncomeRatio": 0.1084149821, "totalOtherIncomeExpensesNet": -59603000, "incomeBeforeTax": 170254000, "incomeBeforeTaxRatio": 0.0803024679, "incomeTaxExpense": 23344000, "netIncome": 146910000, "netIncomeRatio": 0.0692919729, "eps": 1.78, "epsdiluted": 1.76, "weightedAverageShsOut": 82738765, "weightedAverageShsOutDil": 83360841, "link": "https://www.sec.gov/Archives/edgar/data/1060955/000106095524000064/0001060955-24-000064-index.htm", "finalLink": "https://www.sec.gov/Archives/edgar/data/1060955/000106095524000064/q22024pressrelease.htm"}, {"date": "2024-03-31", "symbol": "ICLR", "reportedCurrency": "USD", "cik": "0001060955", "fillingDate": "2024-04-24", "acceptedDate": "2024-04-24 16:20:50", "calendarYear": "2024", "period": "Q1", "revenue": 2090386000, "costOfRevenue": 1471367000, "grossProfit": 619019000, "grossProfitRatio": 0.2961266484, "researchAndDevelopmentExpenses": 0, "generalAndAdministrativeExpenses": 0, "sellingAndMarketingExpenses": 0, "sellingGeneralAndAdministrativeExpenses": 177350000, "otherExpenses": 156172000, "operatingExpenses": 333522000, "costAndExpenses": 1797898000, "interestIncome": 1930000, "interestExpense": 71665000, "depreciationAndAmortization": 149181000, "ebitda": 436608000, "ebitdaratio": 0.2088647743, "operatingIncome": 285497000, "operatingIncomeRatio": 0.1365762113, "totalOtherIncomeExpensesNet": -69735000, "incomeBeforeTax": 215762000, "incomeBeforeTaxRatio": 0.1032163438, "incomeTaxExpense": 28324000, "netIncome": 187438000, "netIncomeRatio": 0.0896666931, "eps": 2.27, "epsdiluted": 2.25, "weightedAverageShsOut": 82579203, "weightedAverageShsOutDil": 83249303, "link": "https://www.sec.gov/Archives/edgar/data/1060955/000106095524000025/0001060955-24-000025-index.htm", "finalLink": "https://www.sec.gov/Archives/edgar/data/1060955/000106095524000025/q12024pressrelease.htm"}, {"date": "2023-12-31", "symbol": "ICLR", "reportedCurrency": "USD", "cik": "0001060955", "fillingDate": "2024-02-23", "acceptedDate": "2024-02-23 16:39:59", "calendarYear": "2023", "period": "Q4", "revenue": 2066248000, "costOfRevenue": 1445727000, "grossProfit": 620521000, "grossProfitRatio": 0.3003129344, "researchAndDevelopmentExpenses": 0, "generalAndAdministrativeExpenses": 0, "sellingAndMarketingExpenses": 0, "sellingGeneralAndAdministrativeExpenses": 195560000, "otherExpenses": 159393000, "operatingExpenses": 354953000, "costAndExpenses": 1800680000, "interestIncome": 1720000, "interestExpense": 81034000, "depreciationAndAmortization": 157300000, "ebitda": 424588000, "ebitdaratio": 0.2054874342, "operatingIncome": 265568000, "operatingIncomeRatio": 0.1285266822, "totalOtherIncomeExpensesNet": -79314000, "incomeBeforeTax": 186254000, "incomeBeforeTaxRatio": 0.0901411641, "incomeTaxExpense": -30164000, "netIncome": 216418000, "netIncomeRatio": 0.1047396053, "eps": 2.63, "epsdiluted": 2.6, "weightedAverageShsOut": 82399478, "weightedAverageShsOutDil": 83112757, "link": "https://www.sec.gov/Archives/edgar/data/1060955/000106095524000010/0001060955-24-000010-index.htm", "finalLink": "https://www.sec.gov/Archives/edgar/data/1060955/000106095524000010/iclr-20231231.htm"}, {"date": "2023-09-30", "symbol": "ICLR", "reportedCurrency": "USD", "cik": "0001060955", "fillingDate": "2023-10-27", "acceptedDate": "2023-10-27 08:21:01", "calendarYear": "2023", "period": "Q3", "revenue": 2055099000, "costOfRevenue": 1449136000, "grossProfit": 605963000, "grossProfitRatio": 0.2948583012, "researchAndDevelopmentExpenses": 0, "generalAndAdministrativeExpenses": 0, "sellingAndMarketingExpenses": 0, "sellingGeneralAndAdministrativeExpenses": 185187000, "otherExpenses": 156465000, "operatingExpenses": 341652000, "costAndExpenses": 1790788000, "interestIncome": 1273000, "interestExpense": 83908000, "depreciationAndAmortization": 156404000, "ebitda": 421988000, "ebitdaratio": 0.2053370665, "operatingIncome": 264311000, "operatingIncomeRatio": 0.1286122956, "totalOtherIncomeExpensesNet": -82635000, "incomeBeforeTax": 181676000, "incomeBeforeTaxRatio": 0.0884025538, "incomeTaxExpense": 18011000, "netIncome": 163665000, "netIncomeRatio": 0.0796384992, "eps": 1.99, "epsdiluted": 1.97, "weightedAverageShsOut": 82215627, "weightedAverageShsOutDil": 82972888, "link": "https://www.sec.gov/Archives/edgar/data/1060955/000106095523000033/0001060955-23-000033-index.htm", "finalLink": "https://www.sec.gov/Archives/edgar/data/1060955/000106095523000033/0001060955-23-000033.txt"}, {"date": "2023-06-30", "symbol": "ICLR", "reportedCurrency": "USD", "cik": "0001060955", "fillingDate": "2023-07-26", "acceptedDate": "2023-07-26 16:30:53", "calendarYear": "2023", "period": "Q2", "revenue": 2020251000, "costOfRevenue": 1429540000, "grossProfit": 590711000, "grossProfitRatio": 0.2923948559, "researchAndDevelopmentExpenses": 0, "generalAndAdministrativeExpenses": 0, "sellingAndMarketingExpenses": 0, "sellingGeneralAndAdministrativeExpenses": 187806000, "otherExpenses": 193421000, "operatingExpenses": 381227000, "costAndExpenses": 1810767000, "interestIncome": 949000, "interestExpense": 85206000, "depreciationAndAmortization": 157362000, "ebitda": 367795000, "ebitdaratio": 0.1820541111, "operatingIncome": 209484000, "operatingIncomeRatio": 0.103692066, "totalOtherIncomeExpensesNet": -84257000, "incomeBeforeTax": 125227000, "incomeBeforeTaxRatio": 0.0619858622, "incomeTaxExpense": 9629000, "netIncome": 115598000, "netIncomeRatio": 0.0572196227, "eps": 1.41, "epsdiluted": 1.4, "weightedAverageShsOut": 81999746, "weightedAverageShsOutDil": 82627933, "link": "https://www.sec.gov/Archives/edgar/data/1060955/000115752323001160/0001157523-23-001160-index.htm", "finalLink": "https://www.sec.gov/Archives/edgar/data/1060955/000115752323001160/a53482144ex99_1.htm"}, {"date": "2023-03-31", "symbol": "ICLR", "reportedCurrency": "USD", "cik": "0001060955", "fillingDate": "2023-04-28", "acceptedDate": "2023-04-28 16:22:52", "calendarYear": "2023", "period": "Q1", "revenue": 1978578000, "costOfRevenue": 1395546000, "grossProfit": 583032000, "grossProfitRatio": 0.2946722343, "researchAndDevelopmentExpenses": 0, "generalAndAdministrativeExpenses": 0, "sellingAndMarketingExpenses": 0, "sellingGeneralAndAdministrativeExpenses": 200006000, "otherExpenses": 166237000, "operatingExpenses": 366243000, "costAndExpenses": 1761789000, "interestIncome": 1072000, "interestExpense": 86551000, "depreciationAndAmortization": 156430000, "ebitda": 374291000, "ebitdaratio": 0.1891717183, "operatingIncome": 216789000, "operatingIncomeRatio": 0.1095680837, "totalOtherIncomeExpensesNet": -85479000, "incomeBeforeTax": 131310000, "incomeBeforeTaxRatio": 0.0663658446, "incomeTaxExpense": 14273000, "netIncome": 116654000, "netIncomeRatio": 0.0589585045, "eps": 1.43, "epsdiluted": 1.41, "weightedAverageShsOut": 81784389, "weightedAverageShsOutDil": 82605659, "link": "https://www.sec.gov/Archives/edgar/data/1060955/000106095523000011/0001060955-23-000011-index.htm", "finalLink": "https://www.sec.gov/Archives/edgar/data/1060955/000106095523000011/0001060955-23-000011.txt"}, {"date": "2022-12-31", "symbol": "ICLR", "reportedCurrency": "USD", "cik": "0001060955", "fillingDate": "2023-02-24", "acceptedDate": "2023-02-24 16:34:41", "calendarYear": "2022", "period": "Q4", "revenue": 1962002000, "costOfRevenue": 1380679000, "grossProfit": 581323000, "grossProfitRatio": 0.2962907275, "researchAndDevelopmentExpenses": 0, "generalAndAdministrativeExpenses": 0, "sellingAndMarketingExpenses": 0, "sellingGeneralAndAdministrativeExpenses": 226753000, "otherExpenses": 151206000, "operatingExpenses": 377959000, "costAndExpenses": 1758638000, "interestIncome": 618000, "interestExpense": 75185000, "depreciationAndAmortization": 152205000, "ebitda": 356187000, "ebitdaratio": 0.1815426284, "operatingIncome": 203364000, "operatingIncomeRatio": 0.1036512705, "totalOtherIncomeExpensesNet": -74567000, "incomeBeforeTax": 128797000, "incomeBeforeTaxRatio": 0.0656457027, "incomeTaxExpense": 10859000, "netIncome": 117445000, "netIncomeRatio": 0.0598597759, "eps": 1.44, "epsdiluted": 1.42, "weightedAverageShsOut": 81683430, "weightedAverageShsOutDil": 82452097, "link": "https://www.sec.gov/Archives/edgar/data/1060955/000106095523000007/0001060955-23-000007-index.htm", "finalLink": "https://www.sec.gov/Archives/edgar/data/1060955/000106095523000007/iclr-20221231.htm"}, {"date": "2022-09-30", "symbol": "ICLR", "reportedCurrency": "USD", "cik": "0001060955", "fillingDate": "2022-11-04", "acceptedDate": "2022-11-04 06:43:19", "calendarYear": "2022", "period": "Q3", "revenue": 1942427000, "costOfRevenue": 1375837000, "grossProfit": 566590000, "grossProfitRatio": 0.2916917856, "researchAndDevelopmentExpenses": 0, "generalAndAdministrativeExpenses": 0, "sellingAndMarketingExpenses": 0, "sellingGeneralAndAdministrativeExpenses": 166787000, "otherExpenses": 156059000, "operatingExpenses": 322846000, "costAndExpenses": 1698683000, "interestIncome": 1434000, "interestExpense": 63010000, "depreciationAndAmortization": 141861000, "ebitda": 399803000, "ebitdaratio": 0.2058265253, "operatingIncome": 243744000, "operatingIncomeRatio": 0.1254842524, "totalOtherIncomeExpensesNet": -62578000, "incomeBeforeTax": 181166000, "incomeBeforeTaxRatio": 0.0932678551, "incomeTaxExpense": 21012000, "netIncome": 160154000, "netIncomeRatio": 0.0824504602, "eps": 1.96, "epsdiluted": 1.94, "weightedAverageShsOut": 81582375, "weightedAverageShsOutDil": 82493211, "link": "https://www.sec.gov/Archives/edgar/data/1060955/000106095522000032/0001060955-22-000032-index.htm", "finalLink": "https://www.sec.gov/Archives/edgar/data/1060955/000106095522000032/0001060955-22-000032.txt"}, {"date": "2022-06-30", "symbol": "ICLR", "reportedCurrency": "USD", "cik": "0001060955", "fillingDate": "2022-07-29", "acceptedDate": "2022-07-29 07:02:28", "calendarYear": "2022", "period": "Q2", "revenue": 1935193000, "costOfRevenue": 1392062000, "grossProfit": 543131000, "grossProfitRatio": 0.2806598618, "researchAndDevelopmentExpenses": 0, "generalAndAdministrativeExpenses": 0, "sellingAndMarketingExpenses": 0, "sellingGeneralAndAdministrativeExpenses": 189953000, "otherExpenses": 175389000, "operatingExpenses": 365342000, "costAndExpenses": 1757404000, "interestIncome": 166000, "interestExpense": 47111000, "depreciationAndAmortization": 144019000, "ebitda": 353178000, "ebitdaratio": 0.1825027271, "operatingIncome": 177789000, "operatingIncomeRatio": 0.0918714567, "totalOtherIncomeExpensesNet": -47801000, "incomeBeforeTax": 129988000, "incomeBeforeTaxRatio": 0.0671705613, "incomeTaxExpense": 14254000, "netIncome": 115734000, "netIncomeRatio": 0.0598048877, "eps": 1.42, "epsdiluted": 1.41, "weightedAverageShsOut": 81398071, "weightedAverageShsOutDil": 82312946, "link": "https://www.sec.gov/Archives/edgar/data/1060955/000106095522000021/0001060955-22-000021-index.htm", "finalLink": "https://www.sec.gov/Archives/edgar/data/1060955/000106095522000021/0001060955-22-000021.txt"}, {"date": "2022-03-31", "symbol": "ICLR", "reportedCurrency": "USD", "cik": "0001060955", "fillingDate": "2022-04-29", "acceptedDate": "2022-04-29 06:58:03", "calendarYear": "2022", "period": "Q1", "revenue": 1901764000, "costOfRevenue": 1378467000, "grossProfit": 523297000, "grossProfitRatio": 0.2751640056, "researchAndDevelopmentExpenses": 0, "generalAndAdministrativeExpenses": 0, "sellingAndMarketingExpenses": 0, "sellingGeneralAndAdministrativeExpenses": 195261000, "otherExpenses": 157697000, "operatingExpenses": 352958000, "costAndExpenses": 1731425000, "interestIncome": 127000, "interestExpense": 44425000, "depreciationAndAmortization": 141405000, "ebitda": 328036000, "ebitdaratio": 0.1724903826, "operatingIncome": 170339000, "operatingIncomeRatio": 0.0895689476, "totalOtherIncomeExpensesNet": -45083000, "incomeBeforeTax": 125256000, "incomeBeforeTaxRatio": 0.0658630619, "incomeTaxExpense": 13286000, "netIncome": 111970000, "netIncomeRatio": 0.0588769164, "eps": 1.37, "epsdiluted": 1.36, "weightedAverageShsOut": 81463303, "weightedAverageShsOutDil": 82613098, "link": "https://www.sec.gov/Archives/edgar/data/1060955/000106095522000008/0001060955-22-000008-index.htm", "finalLink": "https://www.sec.gov/Archives/edgar/data/1060955/000106095522000008/0001060955-22-000008.txt"}, {"date": "2021-12-31", "symbol": "ICLR", "reportedCurrency": "USD", "cik": "0001060955", "fillingDate": "2022-03-01", "acceptedDate": "2022-03-01 17:00:46", "calendarYear": "2021", "period": "Q4", "revenue": 1885121000, "costOfRevenue": 1357303000, "grossProfit": 527818000, "grossProfitRatio": 0.2799915761, "researchAndDevelopmentExpenses": 0, "generalAndAdministrativeExpenses": 0, "sellingAndMarketingExpenses": 0, "sellingGeneralAndAdministrativeExpenses": 202716000, "otherExpenses": 180567000, "operatingExpenses": 383283000, "costAndExpenses": 1740586000, "interestIncome": 78000, "interestExpense": 52839000, "depreciationAndAmortization": 154402000, "ebitda": 299015000, "ebitdaratio": 0.1586184653, "operatingIncome": 144535000, "operatingIncomeRatio": 0.076671471, "totalOtherIncomeExpensesNet": -53451000, "incomeBeforeTax": 91084000, "incomeBeforeTaxRatio": 0.0483173229, "incomeTaxExpense": 14616000, "netIncome": 76468000, "netIncomeRatio": 0.0405639744, "eps": 0.94, "epsdiluted": 0.92, "weightedAverageShsOut": 81488189, "weightedAverageShsOutDil": 82827674, "link": "https://www.sec.gov/Archives/edgar/data/1060955/000106095522000005/0001060955-22-000005-index.htm", "finalLink": "https://www.sec.gov/Archives/edgar/data/1060955/000106095522000005/iclr-20211231.htm"}, {"date": "2021-09-30", "symbol": "ICLR", "reportedCurrency": "USD", "cik": "0001060955", "fillingDate": "2021-11-09", "acceptedDate": "2021-11-09 16:23:12", "calendarYear": "2021", "period": "Q3", "revenue": 1866352000, "costOfRevenue": 1357942000, "grossProfit": 508410000, "grossProfitRatio": 0.2724084203, "researchAndDevelopmentExpenses": 0, "generalAndAdministrativeExpenses": 0, "sellingAndMarketingExpenses": 0, "sellingGeneralAndAdministrativeExpenses": 206713000, "otherExpenses": 296589000, "operatingExpenses": 503302000, "costAndExpenses": 1861244000, "interestIncome": 53000, "interestExpense": 102306000, "depreciationAndAmortization": 157206000, "ebitda": 162367000, "ebitdaratio": 0.0869969866, "operatingIncome": 5108000, "operatingIncomeRatio": 0.0027368899, "totalOtherIncomeExpensesNet": -102941000, "incomeBeforeTax": -97833000, "incomeBeforeTaxRatio": -0.0524193721, "incomeTaxExpense": -3563000, "netIncome": -94270000, "netIncomeRatio": -0.0505103003, "eps": -1.17, "epsdiluted": -1.17, "weightedAverageShsOut": 80572718, "weightedAverageShsOutDil": 80771397, "link": "https://www.sec.gov/Archives/edgar/data/1060955/000106095521000023/0001060955-21-000023-index.htm", "finalLink": "https://www.sec.gov/Archives/edgar/data/1060955/000106095521000023/0001060955-21-000023.txt"}, {"date": "2021-06-30", "symbol": "ICLR", "reportedCurrency": "USD", "cik": "0001060955", "fillingDate": "2021-07-23", "acceptedDate": "2021-07-23 08:21:20", "calendarYear": "2021", "period": "Q2", "revenue": 871155000, "costOfRevenue": 631123000, "grossProfit": 240032000, "grossProfitRatio": 0.2755330567, "researchAndDevelopmentExpenses": 0, "generalAndAdministrativeExpenses": 0, "sellingAndMarketingExpenses": 0, "sellingGeneralAndAdministrativeExpenses": 109884000, "otherExpenses": 17276000, "operatingExpenses": 127160000, "costAndExpenses": 758283000, "interestIncome": 186000, "interestExpense": 24551000, "depreciationAndAmortization": 24198000, "ebitda": 137256000, "ebitdaratio": 0.1575563476, "operatingIncome": 112872000, "operatingIncomeRatio": 0.1295659211, "totalOtherIncomeExpensesNet": -24874000, "incomeBeforeTax": 87998000, "incomeBeforeTaxRatio": 0.1010130229, "incomeTaxExpense": 14133000, "netIncome": 73865000, "netIncomeRatio": 0.0847897332, "eps": 1.4, "epsdiluted": 1.38, "weightedAverageShsOut": 52909368, "weightedAverageShsOutDil": 53381501, "link": "https://www.sec.gov/Archives/edgar/data/1060955/000106095521000019/0001060955-21-000019-index.htm", "finalLink": "https://www.sec.gov/Archives/edgar/data/1060955/000106095521000019/0001060955-21-000019.txt"}, {"date": "2021-03-31", "symbol": "ICLR", "reportedCurrency": "USD", "cik": "0001060955", "fillingDate": "2021-04-30", "acceptedDate": "2021-04-30 06:18:10", "calendarYear": "2021", "period": "Q1", "revenue": 858198000, "costOfRevenue": 626244000, "grossProfit": 231954000, "grossProfitRatio": 0.270280285, "researchAndDevelopmentExpenses": 0, "generalAndAdministrativeExpenses": 0, "sellingAndMarketingExpenses": 0, "sellingGeneralAndAdministrativeExpenses": 98535000, "otherExpenses": 17405000, "operatingExpenses": 115940000, "costAndExpenses": 742184000, "interestIncome": 257000, "interestExpense": 2727000, "depreciationAndAmortization": 24520000, "ebitda": 140791000, "ebitdaratio": 0.1640542159, "operatingIncome": 116014000, "operatingIncomeRatio": 0.1351832561, "totalOtherIncomeExpensesNet": -2744000, "incomeBeforeTax": 113544000, "incomeBeforeTaxRatio": 0.1323051324, "incomeTaxExpense": 16148000, "netIncome": 97122000, "netIncomeRatio": 0.1131696881, "eps": 1.84, "epsdiluted": 1.82, "weightedAverageShsOut": 52811460, "weightedAverageShsOutDil": 53310453, "link": "https://www.sec.gov/Archives/edgar/data/1060955/000106095521000007/0001060955-21-000007-index.htm", "finalLink": "https://www.sec.gov/Archives/edgar/data/1060955/000106095521000007/0001060955-21-000007.txt"}, {"date": "2020-12-31", "symbol": "ICLR", "reportedCurrency": "USD", "cik": "0001060955", "fillingDate": "2021-02-24", "acceptedDate": "2021-02-24 17:04:10", "calendarYear": "2020", "period": "Q4", "revenue": 760229000, "costOfRevenue": 535347000, "grossProfit": 224882000, "grossProfitRatio": 0.2958082367, "researchAndDevelopmentExpenses": 0, "generalAndAdministrativeExpenses": 0, "sellingAndMarketingExpenses": 0, "sellingGeneralAndAdministrativeExpenses": 87878000, "otherExpenses": 17145000, "operatingExpenses": 105023000, "costAndExpenses": 640370000, "interestIncome": 206000, "interestExpense": 3379000, "depreciationAndAmortization": 17145000, "ebitda": 136742000, "ebitdaratio": 0.1798694867, "operatingIncome": 119859000, "operatingIncomeRatio": 0.1576617046, "totalOtherIncomeExpensesNet": -3173000, "incomeBeforeTax": 116686000, "incomeBeforeTaxRatio": 0.1534879622, "incomeTaxExpense": 15169000, "netIncome": 101234000, "netIncomeRatio": 0.1331625076, "eps": 1.92, "epsdiluted": 1.9, "weightedAverageShsOut": 52783886, "weightedAverageShsOutDil": 53291849, "link": "https://www.sec.gov/Archives/edgar/data/1060955/000106095521000004/0001060955-21-000004-index.htm", "finalLink": "https://www.sec.gov/Archives/edgar/data/1060955/000106095521000004/iclr-20201231.htm"}, {"date": "2020-09-30", "symbol": "ICLR", "reportedCurrency": "USD", "cik": "0001060955", "fillingDate": "2020-10-23", "acceptedDate": "2020-10-23 10:13:43", "calendarYear": "2020", "period": "Q3", "revenue": 701729000, "costOfRevenue": 493410000, "grossProfit": 208319000, "grossProfitRatio": 0.2968653141, "researchAndDevelopmentExpenses": 0, "generalAndAdministrativeExpenses": 0, "sellingAndMarketingExpenses": 0, "sellingGeneralAndAdministrativeExpenses": 83117000, "otherExpenses": 16801000, "operatingExpenses": 99918000, "costAndExpenses": 593328000, "interestIncome": 268000, "interestExpense": 3239000, "depreciationAndAmortization": 16801000, "ebitda": 125470000, "ebitdaratio": 0.1788012181, "operatingIncome": 108401000, "operatingIncomeRatio": 0.1544770132, "totalOtherIncomeExpensesNet": -2971000, "incomeBeforeTax": 105430000, "incomeBeforeTaxRatio": 0.150243185, "incomeTaxExpense": 13706000, "netIncome": 91641000, "netIncomeRatio": 0.1305931492, "eps": 1.74, "epsdiluted": 1.72, "weightedAverageShsOut": 52737299, "weightedAverageShsOutDil": 53194327, "link": "https://www.sec.gov/Archives/edgar/data/1060955/000106095520000025/0001060955-20-000025-index.htm", "finalLink": "https://www.sec.gov/Archives/edgar/data/1060955/000106095520000025/0001060955-20-000025.txt"}, {"date": "2020-06-30", "symbol": "ICLR", "reportedCurrency": "USD", "cik": "0001060955", "fillingDate": "2020-07-24", "acceptedDate": "2020-07-24 10:16:55", "calendarYear": "2020", "period": "Q2", "revenue": 620228000, "costOfRevenue": 445833000, "grossProfit": 174395000, "grossProfitRatio": 0.2811788568, "researchAndDevelopmentExpenses": 0, "generalAndAdministrativeExpenses": 0, "sellingAndMarketingExpenses": 0, "sellingGeneralAndAdministrativeExpenses": 83499000, "otherExpenses": 33947000, "operatingExpenses": 117446000, "costAndExpenses": 563279000, "interestIncome": 441000, "interestExpense": 3220000, "depreciationAndAmortization": 15858000, "ebitda": 73248000, "ebitdaratio": 0.1180985057, "operatingIncome": 56949000, "operatingIncomeRatio": 0.0918194599, "totalOtherIncomeExpensesNet": -2779000, "incomeBeforeTax": 54170000, "incomeBeforeTaxRatio": 0.0873388496, "incomeTaxExpense": 6410000, "netIncome": 47760000, "netIncomeRatio": 0.0770039405, "eps": 0.91, "epsdiluted": 0.9, "weightedAverageShsOut": 52570104, "weightedAverageShsOutDil": 53028567, "link": "https://www.sec.gov/Archives/edgar/data/1060955/000106095520000022/0001060955-20-000022-index.htm", "finalLink": "https://www.sec.gov/Archives/edgar/data/1060955/000106095520000022/0001060955-20-000022.txt"}, {"date": "2020-03-31", "symbol": "ICLR", "reportedCurrency": "USD", "cik": "0001060955", "fillingDate": "2020-04-27", "acceptedDate": "2020-04-27 11:16:59", "calendarYear": "2020", "period": "Q1", "revenue": 715102000, "costOfRevenue": 505293000, "grossProfit": 209809000, "grossProfitRatio": 0.2933973056, "researchAndDevelopmentExpenses": 0, "generalAndAdministrativeExpenses": 0, "sellingAndMarketingExpenses": 0, "sellingGeneralAndAdministrativeExpenses": 87196000, "otherExpenses": 16322000, "operatingExpenses": 103518000, "costAndExpenses": 608811000, "interestIncome": 1809000, "interestExpense": 3181000, "depreciationAndAmortization": 16322000, "ebitda": 124422000, "ebitdaratio": 0.173991962, "operatingIncome": 106291000, "operatingIncomeRatio": 0.148637537, "totalOtherIncomeExpensesNet": -1372000, "incomeBeforeTax": 104919000, "incomeBeforeTaxRatio": 0.1467189296, "incomeTaxExpense": 12590000, "netIncome": 91696000, "netIncomeRatio": 0.1282278612, "eps": 1.63, "epsdiluted": 1.62, "weightedAverageShsOut": 53348355, "weightedAverageShsOutDil": 53905022, "link": "https://www.sec.gov/Archives/edgar/data/1060955/000106095520000008/0001060955-20-000008-index.htm", "finalLink": "https://www.sec.gov/Archives/edgar/data/1060955/000106095520000008/0001060955-20-000008.txt"}, {"date": "2019-12-31", "symbol": "ICLR", "reportedCurrency": "USD", "cik": "0001060955", "fillingDate": "2020-02-27", "acceptedDate": "2020-02-27 14:55:10", "calendarYear": "2019", "period": "Q4", "revenue": 725409000, "costOfRevenue": 508191000, "grossProfit": 217218000, "grossProfitRatio": 0.2994421078, "researchAndDevelopmentExpenses": 0, "generalAndAdministrativeExpenses": 78095550, "sellingAndMarketingExpenses": 8088450, "sellingGeneralAndAdministrativeExpenses": 86184000, "otherExpenses": 15708000, "operatingExpenses": 101892000, "costAndExpenses": 610083000, "interestIncome": 1482000, "interestExpense": 3330000, "depreciationAndAmortization": 15708000, "ebitda": 131034000, "ebitdaratio": 0.1806346489, "operatingIncome": 115326000, "operatingIncomeRatio": 0.1589806578, "totalOtherIncomeExpensesNet": -1848000, "incomeBeforeTax": 113478000, "incomeBeforeTaxRatio": 0.1564331294, "incomeTaxExpense": 13617000, "netIncome": 99007000, "netIncomeRatio": 0.1364843833, "eps": 1.78, "epsdiluted": 1.76, "weightedAverageShsOut": 53630331, "weightedAverageShsOutDil": 54219975, "link": "https://www.sec.gov/Archives/edgar/data/1060955/000106095520000004/0001060955-20-000004-index.htm", "finalLink": "https://www.sec.gov/Archives/edgar/data/1060955/000106095520000004/iconplc20-f2019.htm"}, {"date": "2019-09-30", "symbol": "ICLR", "reportedCurrency": "USD", "cik": "0001060955", "fillingDate": "2019-11-08", "acceptedDate": "2019-11-08 10:25:25", "calendarYear": "2019", "period": "Q3", "revenue": 710441000, "costOfRevenue": 499791000, "grossProfit": 210650000, "grossProfitRatio": 0.2965059731, "researchAndDevelopmentExpenses": 0, "generalAndAdministrativeExpenses": 0, "sellingAndMarketingExpenses": 0, "sellingGeneralAndAdministrativeExpenses": 85449000, "otherExpenses": 15157000, "operatingExpenses": 100606000, "costAndExpenses": 600397000, "interestIncome": 1852000, "interestExpense": 3393000, "depreciationAndAmortization": 22978000, "ebitda": 134874000, "ebitdaratio": 0.1898454622, "operatingIncome": 110044000, "operatingIncomeRatio": 0.1548953397, "totalOtherIncomeExpensesNet": -1541000, "incomeBeforeTax": 108503000, "incomeBeforeTaxRatio": 0.1527262644, "incomeTaxExpense": 13020000, "netIncome": 94825000, "netIncomeRatio": 0.1334734341, "eps": 1.73, "epsdiluted": 1.72, "weightedAverageShsOut": 54004963, "weightedAverageShsOutDil": 54550672, "link": "https://www.sec.gov/Archives/edgar/data/1060955/000106095519000019/0001060955-19-000019-index.htm", "finalLink": "https://www.sec.gov/Archives/edgar/data/1060955/000106095519000019/0001060955-19-000019.txt"}, {"date": "2019-06-30", "symbol": "ICLR", "reportedCurrency": "USD", "cik": "0001060955", "fillingDate": "2019-08-01", "acceptedDate": "2019-08-01 08:10:53", "calendarYear": "2019", "period": "Q2", "revenue": 695137000, "costOfRevenue": 490656000, "grossProfit": 204481000, "grossProfitRatio": 0.2941592808, "researchAndDevelopmentExpenses": 0, "generalAndAdministrativeExpenses": 0, "sellingAndMarketingExpenses": 0, "sellingGeneralAndAdministrativeExpenses": 83203000, "otherExpenses": 15188000, "operatingExpenses": 98391000, "costAndExpenses": 589047000, "interestIncome": 1780000, "interestExpense": 3199000, "depreciationAndAmortization": 22788000, "ebitda": 130658000, "ebitdaratio": 0.1879600712, "operatingIncome": 106090000, "operatingIncomeRatio": 0.1526173977, "totalOtherIncomeExpensesNet": -1419000, "incomeBeforeTax": 104671000, "incomeBeforeTaxRatio": 0.1505760735, "incomeTaxExpense": 12456000, "netIncome": 91857000, "netIncomeRatio": 0.1321422971, "eps": 1.7, "epsdiluted": 1.69, "weightedAverageShsOut": 53957446, "weightedAverageShsOutDil": 54449117, "link": "https://www.sec.gov/Archives/edgar/data/1060955/000106095519000015/0001060955-19-000015-index.htm", "finalLink": "https://www.sec.gov/Archives/edgar/data/1060955/000106095519000015/0001060955-19-000015.txt"}, {"date": "2019-03-31", "symbol": "ICLR", "reportedCurrency": "USD", "cik": "0001060955", "fillingDate": "2019-05-03", "acceptedDate": "2019-05-03 09:36:50", "calendarYear": "2019", "period": "Q1", "revenue": 674852000, "costOfRevenue": 475497000, "grossProfit": 199355000, "grossProfitRatio": 0.2954055111, "researchAndDevelopmentExpenses": 0, "generalAndAdministrativeExpenses": 0, "sellingAndMarketingExpenses": 0, "sellingGeneralAndAdministrativeExpenses": 81912000, "otherExpenses": 15497000, "operatingExpenses": 97409000, "costAndExpenses": 572906000, "interestIncome": 1745000, "interestExpense": 3354000, "depreciationAndAmortization": 22943000, "ebitda": 126634000, "ebitdaratio": 0.1876470693, "operatingIncome": 101946000, "operatingIncomeRatio": 0.1510642333, "totalOtherIncomeExpensesNet": -1609000, "incomeBeforeTax": 100337000, "incomeBeforeTaxRatio": 0.1486800069, "incomeTaxExpense": 12040000, "netIncome": 88297000, "netIncomeRatio": 0.130839058, "eps": 1.64, "epsdiluted": 1.63, "weightedAverageShsOut": 53845407, "weightedAverageShsOutDil": 54142510, "link": "https://www.sec.gov/Archives/edgar/data/1060955/000106095519000007/0001060955-19-000007-index.htm", "finalLink": "https://www.sec.gov/Archives/edgar/data/1060955/000106095519000007/0001060955-19-000007.txt"}, {"date": "2018-12-31", "symbol": "ICLR", "reportedCurrency": "USD", "cik": "0001060955", "fillingDate": "2019-03-01", "acceptedDate": "2019-03-01 12:17:17", "calendarYear": "2018", "period": "Q4", "revenue": 679025000, "costOfRevenue": 479206000, "grossProfit": 199819000, "grossProfitRatio": 0.2942734067, "researchAndDevelopmentExpenses": 0, "generalAndAdministrativeExpenses": 76607363, "sellingAndMarketingExpenses": 6516637, "sellingGeneralAndAdministrativeExpenses": 83124000, "otherExpenses": 14910000, "operatingExpenses": 98034000, "costAndExpenses": 577240000, "interestIncome": 1605000, "interestExpense": 3204000, "depreciationAndAmortization": 14910000, "ebitda": 116695000, "ebitdaratio": 0.1718567063, "operatingIncome": 101785000, "operatingIncomeRatio": 0.1498987519, "totalOtherIncomeExpensesNet": -1599000, "incomeBeforeTax": 100186000, "incomeBeforeTaxRatio": 0.1475439049, "incomeTaxExpense": 12023000, "netIncome": 88163000, "netIncomeRatio": 0.1298376348, "eps": 1.63, "epsdiluted": 1.62, "weightedAverageShsOut": 54071137, "weightedAverageShsOutDil": 54475302, "link": "https://www.sec.gov/Archives/edgar/data/1060955/000106095519000004/0001060955-19-000004-index.htm", "finalLink": "https://www.sec.gov/Archives/edgar/data/1060955/000106095519000004/iconplc20-f2018.htm"}, {"date": "2018-09-30", "symbol": "ICLR", "reportedCurrency": "USD", "cik": "0001060955", "fillingDate": "2018-10-31", "acceptedDate": "2018-10-31 07:57:19", "calendarYear": "2018", "period": "Q3", "revenue": 655017000, "costOfRevenue": 459196000, "grossProfit": 195821000, "grossProfitRatio": 0.2989555996, "researchAndDevelopmentExpenses": 0, "generalAndAdministrativeExpenses": 0, "sellingAndMarketingExpenses": 0, "sellingGeneralAndAdministrativeExpenses": 80819000, "otherExpenses": 17062000, "operatingExpenses": 97881000, "costAndExpenses": 557077000, "interestIncome": 1314000, "interestExpense": 3201000, "depreciationAndAmortization": 17062000, "ebitda": 116316000, "ebitdaratio": 0.1775770705, "operatingIncome": 97940000, "operatingIncomeRatio": 0.1495228368, "totalOtherIncomeExpensesNet": -1887000, "incomeBeforeTax": 96053000, "incomeBeforeTaxRatio": 0.1466419956, "incomeTaxExpense": 11526000, "netIncome": 84527000, "netIncomeRatio": 0.1290455057, "eps": 1.55, "epsdiluted": 1.54, "weightedAverageShsOut": 54368656, "weightedAverageShsOutDil": 54901404, "link": "https://www.sec.gov/Archives/edgar/data/1060955/000106095518000018/0001060955-18-000018-index.htm", "finalLink": "https://www.sec.gov/Archives/edgar/data/1060955/000106095518000018/0001060955-18-000018.txt"}, {"date": "2018-06-30", "symbol": "ICLR", "reportedCurrency": "USD", "cik": "0001060955", "fillingDate": "2018-08-03", "acceptedDate": "2018-08-03 06:17:09", "calendarYear": "2018", "period": "Q2", "revenue": 641610000, "costOfRevenue": 449226000, "grossProfit": 192384000, "grossProfitRatio": 0.2998457007, "researchAndDevelopmentExpenses": 0, "generalAndAdministrativeExpenses": 0, "sellingAndMarketingExpenses": 0, "sellingGeneralAndAdministrativeExpenses": 80936000, "otherExpenses": 29536000, "operatingExpenses": 110472000, "costAndExpenses": 559698000, "interestIncome": 1017000, "interestExpense": 3302000, "depreciationAndAmortization": 17046000, "ebitda": 111448000, "ebitdaratio": 0.1737005346, "operatingIncome": 81912000, "operatingIncomeRatio": 0.1276663394, "totalOtherIncomeExpensesNet": -2285000, "incomeBeforeTax": 79627000, "incomeBeforeTaxRatio": 0.1241049859, "incomeTaxExpense": 7759000, "netIncome": 71868000, "netIncomeRatio": 0.1120119699, "eps": 1.33, "epsdiluted": 1.31, "weightedAverageShsOut": 54109702, "weightedAverageShsOutDil": 54852453, "link": "https://www.sec.gov/Archives/edgar/data/1060955/000106095518000015/0001060955-18-000015-index.htm", "finalLink": "https://www.sec.gov/Archives/edgar/data/1060955/000106095518000015/0001060955-18-000015.txt"}, {"date": "2018-03-31", "symbol": "ICLR", "reportedCurrency": "USD", "cik": "0001060955", "fillingDate": "2018-05-11", "acceptedDate": "2018-05-11 06:50:48", "calendarYear": "2018", "period": "Q1", "revenue": 620125000, "costOfRevenue": 430592000, "grossProfit": 189533000, "grossProfitRatio": 0.3056367668, "researchAndDevelopmentExpenses": 0, "generalAndAdministrativeExpenses": 0, "sellingAndMarketingExpenses": 0, "sellingGeneralAndAdministrativeExpenses": 80915000, "otherExpenses": 16898000, "operatingExpenses": 97813000, "costAndExpenses": 528405000, "interestIncome": 823000, "interestExpense": 3795000, "depreciationAndAmortization": 16898000, "ebitda": 109441000, "ebitdaratio": 0.1764821609, "operatingIncome": 91720000, "operatingIncomeRatio": 0.1479056642, "totalOtherIncomeExpensesNet": -2972000, "incomeBeforeTax": 88748000, "incomeBeforeTaxRatio": 0.143113082, "incomeTaxExpense": 10650000, "netIncome": 78098000, "netIncomeRatio": 0.1259391252, "eps": 1.45, "epsdiluted": 1.42, "weightedAverageShsOut": 53925560, "weightedAverageShsOutDil": 54985790, "link": "https://www.sec.gov/Archives/edgar/data/1060955/000106095518000010/0001060955-18-000010-index.htm", "finalLink": "https://www.sec.gov/Archives/edgar/data/1060955/000106095518000010/0001060955-18-000010.txt"}, {"date": "2017-12-31", "symbol": "ICLR", "reportedCurrency": "USD", "cik": "0001060955", "fillingDate": "2018-02-28", "acceptedDate": "2018-02-28 17:10:41", "calendarYear": "2017", "period": "Q4", "revenue": 455139000, "costOfRevenue": 267135000, "grossProfit": 188004000, "grossProfitRatio": 0.413069414, "researchAndDevelopmentExpenses": 0, "generalAndAdministrativeExpenses": 75341667, "sellingAndMarketingExpenses": 6744333, "sellingGeneralAndAdministrativeExpenses": 82086000, "otherExpenses": 16174000, "operatingExpenses": 98260000, "costAndExpenses": 365395000, "interestIncome": 580000, "interestExpense": 3092000, "depreciationAndAmortization": 16174000, "ebitda": 106498000, "ebitdaratio": 0.2339900558, "operatingIncome": 89744000, "operatingIncomeRatio": 0.1971793232, "totalOtherIncomeExpensesNet": -2512000, "incomeBeforeTax": 87232000, "incomeBeforeTaxRatio": 0.1916601302, "incomeTaxExpense": 16124000, "netIncome": 71108000, "netIncomeRatio": 0.1562335902, "eps": 1.31, "epsdiluted": 1.3, "weightedAverageShsOut": 54187688, "weightedAverageShsOutDil": 54844232, "link": "https://www.sec.gov/Archives/edgar/data/1060955/000106095518000006/0001060955-18-000006-index.htm", "finalLink": "https://www.sec.gov/Archives/edgar/data/1060955/000106095518000006/iconplc20-f2017.htm"}, {"date": "2017-09-30", "symbol": "ICLR", "reportedCurrency": "USD", "cik": "0001060955", "fillingDate": "2017-10-26", "acceptedDate": "2017-10-26 16:08:41", "calendarYear": "2017", "period": "Q3", "revenue": 440323000, "costOfRevenue": 259672000, "grossProfit": 180651000, "grossProfitRatio": 0.4102692796, "researchAndDevelopmentExpenses": 0, "generalAndAdministrativeExpenses": 0, "sellingAndMarketingExpenses": 0, "sellingGeneralAndAdministrativeExpenses": 79433000, "otherExpenses": 16280000, "operatingExpenses": 95713000, "costAndExpenses": 355385000, "interestIncome": 632000, "interestExpense": 3177000, "depreciationAndAmortization": 16280000, "ebitda": 101850000, "ebitdaratio": 0.231307472, "operatingIncome": 84938000, "operatingIncomeRatio": 0.1928993035, "totalOtherIncomeExpensesNet": -2545000, "incomeBeforeTax": 82393000, "incomeBeforeTaxRatio": 0.1871194555, "incomeTaxExpense": 8239000, "netIncome": 74154000, "netIncomeRatio": 0.1684081913, "eps": 1.37, "epsdiluted": 1.35, "weightedAverageShsOut": 54109566, "weightedAverageShsOutDil": 54756184, "link": "https://www.sec.gov/Archives/edgar/data/1060955/000115752317002833/0001157523-17-002833-index.htm", "finalLink": "https://www.sec.gov/Archives/edgar/data/1060955/000115752317002833/0001157523-17-002833.txt"}, {"date": "2017-06-30", "symbol": "ICLR", "reportedCurrency": "USD", "cik": "0001060955", "fillingDate": "2017-07-27", "acceptedDate": "2017-07-27 16:06:17", "calendarYear": "2017", "period": "Q2", "revenue": 431023000, "costOfRevenue": 250044000, "grossProfit": 180979000, "grossProfitRatio": 0.4198824657, "researchAndDevelopmentExpenses": 0, "generalAndAdministrativeExpenses": 0, "sellingAndMarketingExpenses": 0, "sellingGeneralAndAdministrativeExpenses": 80833000, "otherExpenses": 22148000, "operatingExpenses": 102981000, "costAndExpenses": 353025000, "interestIncome": 579000, "interestExpense": 3179000, "depreciationAndAmortization": 14395000, "ebitda": 92972000, "ebitdaratio": 0.2157007863, "operatingIncome": 77998000, "operatingIncomeRatio": 0.1809601808, "totalOtherIncomeExpensesNet": -2600000, "incomeBeforeTax": 75398000, "incomeBeforeTaxRatio": 0.1749280201, "incomeTaxExpense": 10581000, "netIncome": 64817000, "netIncomeRatio": 0.1503794461, "eps": 1.2, "epsdiluted": 1.19, "weightedAverageShsOut": 53846544, "weightedAverageShsOutDil": 54530805, "link": "https://www.sec.gov/Archives/edgar/data/1060955/000115752317002139/0001157523-17-002139-index.htm", "finalLink": "https://www.sec.gov/Archives/edgar/data/1060955/000115752317002139/0001157523-17-002139.txt"}, {"date": "2017-03-31", "symbol": "ICLR", "reportedCurrency": "USD", "cik": "0001060955", "fillingDate": "2017-04-27", "acceptedDate": "2017-04-27 16:17:26", "calendarYear": "2017", "period": "Q1", "revenue": 431954000, "costOfRevenue": 250459000, "grossProfit": 181495000, "grossProfitRatio": 0.4201720554, "researchAndDevelopmentExpenses": 0, "generalAndAdministrativeExpenses": 0, "sellingAndMarketingExpenses": 0, "sellingGeneralAndAdministrativeExpenses": 81389000, "otherExpenses": 14448000, "operatingExpenses": 95837000, "costAndExpenses": 346296000, "interestIncome": 555000, "interestExpense": 3179000, "depreciationAndAmortization": 14448000, "ebitda": 100661000, "ebitdaratio": 0.2330363881, "operatingIncome": 85658000, "operatingIncomeRatio": 0.1983035231, "totalOtherIncomeExpensesNet": -2624000, "incomeBeforeTax": 83034000, "incomeBeforeTaxRatio": 0.1922288021, "incomeTaxExpense": 11625000, "netIncome": 71409000, "netIncomeRatio": 0.1653162142, "eps": 1.31, "epsdiluted": 1.29, "weightedAverageShsOut": 54372931, "weightedAverageShsOutDil": 55371826, "link": "https://www.sec.gov/Archives/edgar/data/1060955/000115752317001251/0001157523-17-001251-index.htm", "finalLink": "https://www.sec.gov/Archives/edgar/data/1060955/000115752317001251/0001157523-17-001251.txt"}, {"date": "2016-12-31", "symbol": "ICLR", "reportedCurrency": "USD", "cik": "0001060955", "fillingDate": "2017-02-28", "acceptedDate": "2017-02-28 16:17:29", "calendarYear": "2016", "period": "Q4", "revenue": 435134000, "costOfRevenue": 251502000, "grossProfit": 183632000, "grossProfitRatio": 0.4220125295, "researchAndDevelopmentExpenses": 0, "generalAndAdministrativeExpenses": 76366950, "sellingAndMarketingExpenses": 7167050, "sellingGeneralAndAdministrativeExpenses": 83534000, "otherExpenses": 15455000, "operatingExpenses": 98989000, "costAndExpenses": 350491000, "interestIncome": 329000, "interestExpense": 3366000, "depreciationAndAmortization": 15455000, "ebitda": 100098000, "ebitdaratio": 0.2300394821, "operatingIncome": 84643000, "operatingIncomeRatio": 0.1945216876, "totalOtherIncomeExpensesNet": -3037000, "incomeBeforeTax": 81606000, "incomeBeforeTaxRatio": 0.1875422284, "incomeTaxExpense": 7344000, "netIncome": 74262000, "netIncomeRatio": 0.1706646688, "eps": 1.35, "epsdiluted": 1.33, "weightedAverageShsOut": 54930541, "weightedAverageShsOutDil": 55685863, "link": "https://www.sec.gov/Archives/edgar/data/1060955/000115752317000663/0001157523-17-000663-index.htm", "finalLink": "https://www.sec.gov/Archives/edgar/data/1060955/000115752317000663/a51506512.htm"}, {"date": "2016-09-30", "symbol": "ICLR", "reportedCurrency": "USD", "cik": "0001060955", "fillingDate": "2016-10-24", "acceptedDate": "2016-10-24 10:01:45", "calendarYear": "2016", "period": "Q3", "revenue": 420201000, "costOfRevenue": 243244000, "grossProfit": 176957000, "grossProfitRatio": 0.4211246522, "researchAndDevelopmentExpenses": 0, "generalAndAdministrativeExpenses": 0, "sellingAndMarketingExpenses": 0, "sellingGeneralAndAdministrativeExpenses": 81235000, "otherExpenses": 18608000, "operatingExpenses": 99843000, "costAndExpenses": 343087000, "interestIncome": 462000, "interestExpense": 3227000, "depreciationAndAmortization": 14543000, "ebitda": 95722000, "ebitdaratio": 0.227800505, "operatingIncome": 77114000, "operatingIncomeRatio": 0.1835169359, "totalOtherIncomeExpensesNet": -2765000, "incomeBeforeTax": 74349000, "incomeBeforeTaxRatio": 0.1769367517, "incomeTaxExpense": 10470000, "netIncome": 63879000, "netIncomeRatio": 0.1520201047, "eps": 1.15, "epsdiluted": 1.13, "weightedAverageShsOut": 55734773, "weightedAverageShsOutDil": 56645239, "link": "https://www.sec.gov/Archives/edgar/data/1060955/000115752316006949/0001157523-16-006949-index.htm", "finalLink": "https://www.sec.gov/Archives/edgar/data/1060955/000115752316006949/0001157523-16-006949.txt"}, {"date": "2016-06-30", "symbol": "ICLR", "reportedCurrency": "USD", "cik": "0001060955", "fillingDate": "2016-07-26", "acceptedDate": "2016-07-26 12:19:42", "calendarYear": "2016", "period": "Q2", "revenue": 410630000, "costOfRevenue": 237984000, "grossProfit": 172646000, "grossProfitRatio": 0.4204417602, "researchAndDevelopmentExpenses": 0, "generalAndAdministrativeExpenses": 0, "sellingAndMarketingExpenses": 0, "sellingGeneralAndAdministrativeExpenses": 80168000, "otherExpenses": 18551000, "operatingExpenses": 98719000, "costAndExpenses": 336703000, "interestIncome": 359000, "interestExpense": 3198000, "depreciationAndAmortization": 14457000, "ebitda": 92478000, "ebitdaratio": 0.2252100431, "operatingIncome": 73927000, "operatingIncomeRatio": 0.1800331198, "totalOtherIncomeExpensesNet": -2839000, "incomeBeforeTax": 71088000, "incomeBeforeTaxRatio": 0.1731193532, "incomeTaxExpense": 10014000, "netIncome": 61074000, "netIncomeRatio": 0.1487324355, "eps": 1.1, "epsdiluted": 1.08, "weightedAverageShsOut": 55318923, "weightedAverageShsOutDil": 56580799, "link": "https://www.sec.gov/Archives/edgar/data/1060955/000115752316006185/0001157523-16-006185-index.htm", "finalLink": "https://www.sec.gov/Archives/edgar/data/1060955/000115752316006185/0001157523-16-006185.txt"}, {"date": "2016-03-31", "symbol": "ICLR", "reportedCurrency": "USD", "cik": "0001060955", "fillingDate": "2016-05-04", "acceptedDate": "2016-05-04 15:58:29", "calendarYear": "2016", "period": "Q1", "revenue": 400522000, "costOfRevenue": 228603000, "grossProfit": 171919000, "grossProfitRatio": 0.4292373453, "researchAndDevelopmentExpenses": 0, "generalAndAdministrativeExpenses": 0, "sellingAndMarketingExpenses": 0, "sellingGeneralAndAdministrativeExpenses": 80789000, "otherExpenses": 15120000, "operatingExpenses": 95909000, "costAndExpenses": 324512000, "interestIncome": 334000, "interestExpense": 3215000, "depreciationAndAmortization": 15120000, "ebitda": 91130000, "ebitdaratio": 0.2275280759, "operatingIncome": 76010000, "operatingIncomeRatio": 0.1897773406, "totalOtherIncomeExpensesNet": -2881000, "incomeBeforeTax": 73129000, "incomeBeforeTaxRatio": 0.1825842276, "incomeTaxExpense": 10165000, "netIncome": 62964000, "netIncomeRatio": 0.1572048477, "eps": 1.14, "epsdiluted": 1.12, "weightedAverageShsOut": 55011019, "weightedAverageShsOutDil": 56242164, "link": "https://www.sec.gov/Archives/edgar/data/1060955/000115752316005462/0001157523-16-005462-index.htm", "finalLink": "https://www.sec.gov/Archives/edgar/data/1060955/000115752316005462/0001157523-16-005462.txt"}, {"date": "2015-12-31", "symbol": "ICLR", "reportedCurrency": "USD", "cik": "0001060955", "fillingDate": "2016-03-23", "acceptedDate": "2016-03-23 16:42:26", "calendarYear": "2015", "period": "Q4", "revenue": 403349000, "costOfRevenue": 229386000, "grossProfit": 173963000, "grossProfitRatio": 0.4312964703, "researchAndDevelopmentExpenses": 0, "generalAndAdministrativeExpenses": 78962250, "sellingAndMarketingExpenses": 4513750, "sellingGeneralAndAdministrativeExpenses": 83476000, "otherExpenses": 15142000, "operatingExpenses": 98618000, "costAndExpenses": 328004000, "interestIncome": 280000, "interestExpense": 2306000, "depreciationAndAmortization": 15142000, "ebitda": 90487000, "ebitdaratio": 0.2243392199, "operatingIncome": 75345000, "operatingIncomeRatio": 0.1867985293, "totalOtherIncomeExpensesNet": -2026000, "incomeBeforeTax": 73319000, "incomeBeforeTaxRatio": 0.1817755839, "incomeTaxExpense": 9777000, "netIncome": 63429000, "netIncomeRatio": 0.1572558752, "eps": 1.14, "epsdiluted": 1.11, "weightedAverageShsOut": 55783113, "weightedAverageShsOutDil": 56919553, "link": "https://www.sec.gov/Archives/edgar/data/1060955/000115752316004979/0001157523-16-004979-index.htm", "finalLink": "https://www.sec.gov/Archives/edgar/data/1060955/000115752316004979/a51287006.htm"}, {"date": "2015-09-30", "symbol": "ICLR", "reportedCurrency": "USD", "cik": "0001060955", "fillingDate": "2015-11-06", "acceptedDate": "2015-11-06 06:01:02", "calendarYear": "2015", "period": "Q3", "revenue": 394741000, "costOfRevenue": 226555000, "grossProfit": 168186000, "grossProfitRatio": 0.4260667121, "researchAndDevelopmentExpenses": 0, "generalAndAdministrativeExpenses": 0, "sellingAndMarketingExpenses": 0, "sellingGeneralAndAdministrativeExpenses": 82435000, "otherExpenses": 14366000, "operatingExpenses": 96801000, "costAndExpenses": 323356000, "interestIncome": 531000, "interestExpense": 1178000, "depreciationAndAmortization": 14366000, "ebitda": 85751000, "ebitdaratio": 0.2172335785, "operatingIncome": 71385000, "operatingIncomeRatio": 0.1808400952, "totalOtherIncomeExpensesNet": -647000, "incomeBeforeTax": 70738000, "incomeBeforeTaxRatio": 0.1792010457, "incomeTaxExpense": 9196000, "netIncome": 61542000, "netIncomeRatio": 0.1559047578, "eps": 1.05, "epsdiluted": 1.02, "weightedAverageShsOut": 58659782, "weightedAverageShsOutDil": 60369898, "link": "https://www.sec.gov/Archives/edgar/data/1060955/000115752315003774/0001157523-15-003774-index.htm", "finalLink": "https://www.sec.gov/Archives/edgar/data/1060955/000115752315003774/0001157523-15-003774.txt"}, {"date": "2015-06-30", "symbol": "ICLR", "reportedCurrency": "USD", "cik": "0001060955", "fillingDate": "2015-08-06", "acceptedDate": "2015-08-06 11:31:06", "calendarYear": "2015", "period": "Q2", "revenue": 388657000, "costOfRevenue": 224961000, "grossProfit": 163696000, "grossProfitRatio": 0.4211837173, "researchAndDevelopmentExpenses": 0, "generalAndAdministrativeExpenses": 0, "sellingAndMarketingExpenses": 0, "sellingGeneralAndAdministrativeExpenses": 81321000, "otherExpenses": 14244000, "operatingExpenses": 95565000, "costAndExpenses": 320526000, "interestIncome": 219000, "interestExpense": 229000, "depreciationAndAmortization": 14244000, "ebitda": 82375000, "ebitdaratio": 0.21194781, "operatingIncome": 68131000, "operatingIncomeRatio": 0.175298528, "totalOtherIncomeExpensesNet": -10000, "incomeBeforeTax": 68121000, "incomeBeforeTaxRatio": 0.1752727984, "incomeTaxExpense": 9537000, "netIncome": 58584000, "netIncomeRatio": 0.1507344522, "eps": 0.97, "epsdiluted": 0.95, "weightedAverageShsOut": 60244982, "weightedAverageShsOutDil": 61801687, "link": "https://www.sec.gov/Archives/edgar/data/1060955/000115752315002809/0001157523-15-002809-index.htm", "finalLink": "https://www.sec.gov/Archives/edgar/data/1060955/000115752315002809/0001157523-15-002809.txt"}, {"date": "2015-03-31", "symbol": "ICLR", "reportedCurrency": "USD", "cik": "0001060955", "fillingDate": "2015-05-15", "acceptedDate": "2015-05-15 06:30:44", "calendarYear": "2015", "period": "Q1", "revenue": 388231000, "costOfRevenue": 228078000, "grossProfit": 160153000, "grossProfitRatio": 0.4125198658, "researchAndDevelopmentExpenses": 0, "generalAndAdministrativeExpenses": 0, "sellingAndMarketingExpenses": 0, "sellingGeneralAndAdministrativeExpenses": 79555000, "otherExpenses": 13925000, "operatingExpenses": 93480000, "costAndExpenses": 321558000, "interestIncome": 276000, "interestExpense": 279000, "depreciationAndAmortization": 13925000, "ebitda": 80598000, "ebitdaratio": 0.2076032053, "operatingIncome": 66673000, "operatingIncomeRatio": 0.1717353843, "totalOtherIncomeExpensesNet": -3000, "incomeBeforeTax": 66670000, "incomeBeforeTaxRatio": 0.171727657, "incomeTaxExpense": 10801000, "netIncome": 55869000, "netIncomeRatio": 0.1439065917, "eps": 0.93, "epsdiluted": 0.9, "weightedAverageShsOut": 60281059, "weightedAverageShsOutDil": 61856347, "link": "https://www.sec.gov/Archives/edgar/data/1060955/000115752315001808/0001157523-15-001808-index.htm", "finalLink": "https://www.sec.gov/Archives/edgar/data/1060955/000115752315001808/0001157523-15-001808.txt"}, {"date": "2014-12-31", "symbol": "ICLR", "reportedCurrency": "USD", "cik": "0001060955", "fillingDate": "2015-03-12", "acceptedDate": "2015-03-12 16:56:43", "calendarYear": "2014", "period": "Q4", "revenue": 390073000, "costOfRevenue": 229876000, "grossProfit": 160197000, "grossProfitRatio": 0.4106846667, "researchAndDevelopmentExpenses": 0, "generalAndAdministrativeExpenses": 81861100, "sellingAndMarketingExpenses": 3563900, "sellingGeneralAndAdministrativeExpenses": 85425000, "otherExpenses": 23131000, "operatingExpenses": 108556000, "costAndExpenses": 338432000, "interestIncome": 277000, "interestExpense": 73000, "depreciationAndAmortization": 14335000, "ebitda": 74772000, "ebitdaratio": 0.191687197, "operatingIncome": 51641000, "operatingIncomeRatio": 0.1323880402, "totalOtherIncomeExpensesNet": 204000, "incomeBeforeTax": 51845000, "incomeBeforeTaxRatio": 0.1329110192, "incomeTaxExpense": 6671000, "netIncome": 45174000, "netIncomeRatio": 0.1158090921, "eps": 0.75, "epsdiluted": 0.73, "weightedAverageShsOut": 60394465, "weightedAverageShsOutDil": 61908135, "link": "https://www.sec.gov/Archives/edgar/data/1060955/000115752315000917/0001157523-15-000917-index.htm", "finalLink": "https://www.sec.gov/Archives/edgar/data/1060955/000115752315000917/a51047469.htm"}, {"date": "2014-09-30", "symbol": "ICLR", "reportedCurrency": "USD", "cik": "0001060955", "fillingDate": "2014-10-29", "acceptedDate": "2014-10-29 16:06:24", "calendarYear": "2014", "period": "Q3", "revenue": 387589000, "costOfRevenue": 229963000, "grossProfit": 157626000, "grossProfitRatio": 0.4066833682, "researchAndDevelopmentExpenses": 0, "generalAndAdministrativeExpenses": 0, "sellingAndMarketingExpenses": 0, "sellingGeneralAndAdministrativeExpenses": 84466000, "otherExpenses": 13737000, "operatingExpenses": 98203000, "costAndExpenses": 328166000, "interestIncome": 267000, "interestExpense": 158000, "depreciationAndAmortization": 13737000, "ebitda": 73160000, "ebitdaratio": 0.1887566469, "operatingIncome": 59423000, "operatingIncomeRatio": 0.1533144645, "totalOtherIncomeExpensesNet": 109000, "incomeBeforeTax": 59532000, "incomeBeforeTaxRatio": 0.1535956903, "incomeTaxExpense": 9216000, "netIncome": 50316000, "netIncomeRatio": 0.1298179257, "eps": 0.81, "epsdiluted": 0.79, "weightedAverageShsOut": 61878429, "weightedAverageShsOutDil": 63442607, "link": "https://www.sec.gov/Archives/edgar/data/1060955/000115752314004180/0001157523-14-004180-index.htm", "finalLink": "https://www.sec.gov/Archives/edgar/data/1060955/000115752314004180/0001157523-14-004180.txt"}, {"date": "2014-06-30", "symbol": "ICLR", "reportedCurrency": "USD", "cik": "0001060955", "fillingDate": "2014-08-14", "acceptedDate": "2014-08-14 11:06:06", "calendarYear": "2014", "period": "Q2", "revenue": 376020000, "costOfRevenue": 227188000, "grossProfit": 148832000, "grossProfitRatio": 0.3958087336, "researchAndDevelopmentExpenses": 0, "generalAndAdministrativeExpenses": 0, "sellingAndMarketingExpenses": 0, "sellingGeneralAndAdministrativeExpenses": 87622000, "otherExpenses": 12922000, "operatingExpenses": 100544000, "costAndExpenses": 327732000, "interestIncome": 259000, "interestExpense": 297000, "depreciationAndAmortization": 12922000, "ebitda": 61210000, "ebitdaratio": 0.1627838945, "operatingIncome": 48288000, "operatingIncomeRatio": 0.1284187011, "totalOtherIncomeExpensesNet": -38000, "incomeBeforeTax": 48250000, "incomeBeforeTaxRatio": 0.1283176427, "incomeTaxExpense": 7467000, "netIncome": 40783000, "netIncomeRatio": 0.1084596564, "eps": 0.66, "epsdiluted": 0.64, "weightedAverageShsOut": 61934923, "weightedAverageShsOutDil": 63343269, "link": "https://www.sec.gov/Archives/edgar/data/1060955/000115752314003489/0001157523-14-003489-index.htm", "finalLink": "https://www.sec.gov/Archives/edgar/data/1060955/000115752314003489/0001157523-14-003489.txt"}, {"date": "2014-03-31", "symbol": "ICLR", "reportedCurrency": "USD", "cik": "0001060955", "fillingDate": "2014-05-14", "acceptedDate": "2014-05-14 10:15:39", "calendarYear": "2014", "period": "Q1", "revenue": 349634000, "costOfRevenue": 216140000, "grossProfit": 133494000, "grossProfitRatio": 0.3818106935, "researchAndDevelopmentExpenses": 0, "generalAndAdministrativeExpenses": 0, "sellingAndMarketingExpenses": 0, "sellingGeneralAndAdministrativeExpenses": 78948000, "otherExpenses": 11548000, "operatingExpenses": 90496000, "costAndExpenses": 306636000, "interestIncome": 348000, "interestExpense": 257000, "depreciationAndAmortization": 11548000, "ebitda": 54546000, "ebitdaratio": 0.156008855, "operatingIncome": 42998000, "operatingIncomeRatio": 0.1229800305, "totalOtherIncomeExpensesNet": 91000, "incomeBeforeTax": 43089000, "incomeBeforeTaxRatio": 0.1232403027, "incomeTaxExpense": 6894000, "netIncome": 36195000, "netIncomeRatio": 0.1035225407, "eps": 0.59, "epsdiluted": 0.57, "weightedAverageShsOut": 61776643, "weightedAverageShsOutDil": 63225797, "link": "https://www.sec.gov/Archives/edgar/data/1060955/000115752314002163/0001157523-14-002163-index.htm", "finalLink": "https://www.sec.gov/Archives/edgar/data/1060955/000115752314002163/0001157523-14-002163.txt"}, {"date": "2013-12-31", "symbol": "ICLR", "reportedCurrency": "USD", "cik": "0001060955", "fillingDate": "2014-03-12", "acceptedDate": "2014-03-12 13:00:58", "calendarYear": "2013", "period": "Q4", "revenue": 345241000, "costOfRevenue": 215155000, "grossProfit": 130086000, "grossProfitRatio": 0.3767976573, "researchAndDevelopmentExpenses": 0, "generalAndAdministrativeExpenses": 74216880, "sellingAndMarketingExpenses": 5195120, "sellingGeneralAndAdministrativeExpenses": 79412000, "otherExpenses": 11963000, "operatingExpenses": 91375000, "costAndExpenses": 306530000, "interestIncome": 308000, "interestExpense": 269000, "depreciationAndAmortization": 11963000, "ebitda": 50674000, "ebitdaratio": 0.1467786271, "operatingIncome": 38711000, "operatingIncomeRatio": 0.1121274704, "totalOtherIncomeExpensesNet": 39000, "incomeBeforeTax": 38750000, "incomeBeforeTaxRatio": 0.1122404349, "incomeTaxExpense": 5270000, "netIncome": 33480000, "netIncomeRatio": 0.0969757358, "eps": 0.54, "epsdiluted": 0.53, "weightedAverageShsOut": 61431281, "weightedAverageShsOutDil": 62828079, "link": "https://www.sec.gov/Archives/edgar/data/1060955/000115752314001042/0001157523-14-001042-index.htm", "finalLink": "https://www.sec.gov/Archives/edgar/data/1060955/000115752314001042/a50812469.htm"}, {"date": "2013-09-30", "symbol": "ICLR", "reportedCurrency": "USD", "cik": "0001060955", "fillingDate": "2013-11-07", "acceptedDate": "2013-11-07 11:41:58", "calendarYear": "2013", "period": "Q3", "revenue": 339810000, "costOfRevenue": 213666000, "grossProfit": 126144000, "grossProfitRatio": 0.3712192107, "researchAndDevelopmentExpenses": 0, "generalAndAdministrativeExpenses": 0, "sellingAndMarketingExpenses": 0, "sellingGeneralAndAdministrativeExpenses": 81408000, "otherExpenses": 11575000, "operatingExpenses": 92983000, "costAndExpenses": 306649000, "interestIncome": 223000, "interestExpense": 279000, "depreciationAndAmortization": 11575000, "ebitda": 44736000, "ebitdaratio": 0.1316500397, "operatingIncome": 33161000, "operatingIncomeRatio": 0.0975868868, "totalOtherIncomeExpensesNet": -56000, "incomeBeforeTax": 33105000, "incomeBeforeTaxRatio": 0.0974220888, "incomeTaxExpense": 5297000, "netIncome": 27808000, "netIncomeRatio": 0.081833966, "eps": 0.46, "epsdiluted": 0.45, "weightedAverageShsOut": 61069260, "weightedAverageShsOutDil": 62473645, "link": "https://www.sec.gov/Archives/edgar/data/1060955/000115752313005389/0001157523-13-005389-index.htm", "finalLink": "https://www.sec.gov/Archives/edgar/data/1060955/000115752313005389/0001157523-13-005389.txt"}, {"date": "2013-06-30", "symbol": "ICLR", "reportedCurrency": "USD", "cik": "0001060955", "fillingDate": "2013-08-02", "acceptedDate": "2013-08-02 09:50:47", "calendarYear": "2013", "period": "Q2", "revenue": 334219000, "costOfRevenue": 214231000, "grossProfit": 119988000, "grossProfitRatio": 0.3590101101, "researchAndDevelopmentExpenses": 0, "generalAndAdministrativeExpenses": 0, "sellingAndMarketingExpenses": 0, "sellingGeneralAndAdministrativeExpenses": 77548000, "otherExpenses": 16141000, "operatingExpenses": 93689000, "costAndExpenses": 307920000, "interestIncome": 274000, "interestExpense": 374000, "depreciationAndAmortization": 11520000, "ebitda": 38093000, "ebitdaratio": 0.1139761653, "operatingIncome": 26299000, "operatingIncomeRatio": 0.0786879262, "totalOtherIncomeExpensesNet": -100000, "incomeBeforeTax": 26199000, "incomeBeforeTaxRatio": 0.0783887212, "incomeTaxExpense": 3720000, "netIncome": 22479000, "netIncomeRatio": 0.0672582947, "eps": 0.37, "epsdiluted": 0.36, "weightedAverageShsOut": 60724296, "weightedAverageShsOutDil": 61898903, "link": "https://www.sec.gov/Archives/edgar/data/1060955/000115752313003825/0001157523-13-003825-index.htm", "finalLink": "https://www.sec.gov/Archives/edgar/data/1060955/000115752313003825/0001157523-13-003825.txt"}, {"date": "2013-03-31", "symbol": "ICLR", "reportedCurrency": "USD", "cik": "0001060955", "fillingDate": "2013-05-02", "acceptedDate": "2013-05-02 11:20:43", "calendarYear": "2013", "period": "Q1", "revenue": 316789000, "costOfRevenue": 202361000, "grossProfit": 114428000, "grossProfitRatio": 0.361212037, "researchAndDevelopmentExpenses": 0, "generalAndAdministrativeExpenses": 0, "sellingAndMarketingExpenses": 0, "sellingGeneralAndAdministrativeExpenses": 75564000, "otherExpenses": 15868000, "operatingExpenses": 91432000, "costAndExpenses": 293793000, "interestIncome": 181000, "interestExpense": 366000, "depreciationAndAmortization": 11456000, "ebitda": 34633000, "ebitdaratio": 0.1093251344, "operatingIncome": 22996000, "operatingIncomeRatio": 0.0725909044, "totalOtherIncomeExpensesNet": -185000, "incomeBeforeTax": 22811000, "incomeBeforeTaxRatio": 0.0720069194, "incomeTaxExpense": 3766000, "netIncome": 19045000, "netIncomeRatio": 0.0601188804, "eps": 0.32, "epsdiluted": 0.31, "weightedAverageShsOut": 60404242, "weightedAverageShsOutDil": 61323594, "link": "https://www.sec.gov/Archives/edgar/data/1060955/000115752313002279/0001157523-13-002279-index.htm", "finalLink": "https://www.sec.gov/Archives/edgar/data/1060955/000115752313002279/0001157523-13-002279.txt"}, {"date": "2012-12-31", "symbol": "ICLR", "reportedCurrency": "USD", "cik": "0001060955", "fillingDate": "2013-03-06", "acceptedDate": "2013-03-06 11:27:47", "calendarYear": "2012", "period": "Q4", "revenue": 300164000, "costOfRevenue": 192007000, "grossProfit": 108157000, "grossProfitRatio": 0.3603263549, "researchAndDevelopmentExpenses": 0, "generalAndAdministrativeExpenses": 69486000, "sellingAndMarketingExpenses": 3679000, "sellingGeneralAndAdministrativeExpenses": 73165000, "otherExpenses": 10590000, "operatingExpenses": 83755000, "costAndExpenses": 275762000, "interestIncome": 215000, "interestExpense": 493000, "depreciationAndAmortization": 10599000, "ebitda": 35216000, "ebitdaratio": 0.1173225304, "operatingIncome": 24402000, "operatingIncomeRatio": 0.0812955584, "totalOtherIncomeExpensesNet": -278000, "incomeBeforeTax": 24124000, "incomeBeforeTaxRatio": 0.0803693981, "incomeTaxExpense": 3377000, "netIncome": 20747000, "netIncomeRatio": 0.0691188817, "eps": 0.35, "epsdiluted": 0.34, "weightedAverageShsOut": 60053986, "weightedAverageShsOutDil": 60800000, "link": "https://www.sec.gov/Archives/edgar/data/1060955/000115752313001249/0001157523-13-001249-index.htm", "finalLink": "https://www.sec.gov/Archives/edgar/data/1060955/000115752313001249/a50549264.htm"}, {"date": "2012-09-30", "symbol": "ICLR", "reportedCurrency": "USD", "cik": "0001060955", "fillingDate": "2012-11-26", "acceptedDate": "2012-11-26 13:39:23", "calendarYear": "2012", "period": "Q3", "revenue": 285502000, "costOfRevenue": 183332000, "grossProfit": 102170000, "grossProfitRatio": 0.3578608906, "researchAndDevelopmentExpenses": 0, "generalAndAdministrativeExpenses": 0, "sellingAndMarketingExpenses": 0, "sellingGeneralAndAdministrativeExpenses": 70690000, "otherExpenses": 10601000, "operatingExpenses": 81291000, "costAndExpenses": 264623000, "interestIncome": 243000, "interestExpense": 495000, "depreciationAndAmortization": 10592000, "ebitda": 31723000, "ebitdaratio": 0.111113057, "operatingIncome": 20879000, "operatingIncomeRatio": 0.0731308362, "totalOtherIncomeExpensesNet": -252000, "incomeBeforeTax": 20627000, "incomeBeforeTaxRatio": 0.0722481804, "incomeTaxExpense": 2889000, "netIncome": 17738000, "netIncomeRatio": 0.062129162, "eps": 0.3, "epsdiluted": 0.29, "weightedAverageShsOut": 59754010, "weightedAverageShsOutDil": 60366137, "link": "https://www.sec.gov/Archives/edgar/data/1060955/000115752312006189/0001157523-12-006189-index.htm", "finalLink": "https://www.sec.gov/Archives/edgar/data/1060955/000115752312006189/0001157523-12-006189.txt"}, {"date": "2012-06-30", "symbol": "ICLR", "reportedCurrency": "USD", "cik": "0001060955", "fillingDate": "2012-08-03", "acceptedDate": "2012-08-03 06:14:40", "calendarYear": "2012", "period": "Q2", "revenue": 277007000, "costOfRevenue": 180127000, "grossProfit": 96880000, "grossProfitRatio": 0.3497384543, "researchAndDevelopmentExpenses": 0, "generalAndAdministrativeExpenses": 0, "sellingAndMarketingExpenses": 0, "sellingGeneralAndAdministrativeExpenses": 69410000, "otherExpenses": 16466000, "operatingExpenses": 85876000, "costAndExpenses": 266003000, "interestIncome": 314000, "interestExpense": 545000, "depreciationAndAmortization": 10830000, "ebitda": 22148000, "ebitdaratio": 0.0799546582, "operatingIncome": 15409000, "operatingIncomeRatio": 0.0556267531, "totalOtherIncomeExpensesNet": -4636000, "incomeBeforeTax": 10773000, "incomeBeforeTaxRatio": 0.038890714, "incomeTaxExpense": 2809000, "netIncome": 7964000, "netIncomeRatio": 0.028750176, "eps": 0.13, "epsdiluted": 0.13, "weightedAverageShsOut": 59978509, "weightedAverageShsOutDil": 60630891, "link": "https://www.sec.gov/Archives/edgar/data/1060955/000115752312004211/0001157523-12-004211-index.htm", "finalLink": "https://www.sec.gov/Archives/edgar/data/1060955/000115752312004211/0001157523-12-004211.txt"}, {"date": "2012-03-31", "symbol": "ICLR", "reportedCurrency": "USD", "cik": "0001060955", "fillingDate": "2012-04-26", "acceptedDate": "2012-04-26 12:57:20", "calendarYear": "2012", "period": "Q1", "revenue": 252333000, "costOfRevenue": 162284000, "grossProfit": 90049000, "grossProfitRatio": 0.356865729, "researchAndDevelopmentExpenses": 0, "generalAndAdministrativeExpenses": 0, "sellingAndMarketingExpenses": 0, "sellingGeneralAndAdministrativeExpenses": 67515000, "otherExpenses": 10802000, "operatingExpenses": 78317000, "costAndExpenses": 240601000, "interestIncome": 379000, "interestExpense": 414000, "depreciationAndAmortization": 10802000, "ebitda": 22913000, "ebitdaratio": 0.0908046114, "operatingIncome": 11732000, "operatingIncomeRatio": 0.0464941169, "totalOtherIncomeExpensesNet": -35000, "incomeBeforeTax": 11697000, "incomeBeforeTaxRatio": 0.0463554113, "incomeTaxExpense": 2726000, "netIncome": 8971000, "netIncomeRatio": 0.0355522266, "eps": 0.15, "epsdiluted": 0.15, "weightedAverageShsOut": 60086104, "weightedAverageShsOutDil": 60708469, "link": "https://www.sec.gov/Archives/edgar/data/1060955/000115752312002142/0001157523-12-002142-index.htm", "finalLink": "https://www.sec.gov/Archives/edgar/data/1060955/000115752312002142/0001157523-12-002142.txt"}, {"date": "2011-12-31", "symbol": "ICLR", "reportedCurrency": "USD", "cik": "0001060955", "fillingDate": "2012-03-02", "acceptedDate": "2012-03-02 12:24:55", "calendarYear": "2011", "period": "Q4", "revenue": 242615000, "costOfRevenue": 158244000, "grossProfit": 84371000, "grossProfitRatio": 0.3477567339, "researchAndDevelopmentExpenses": 0, "generalAndAdministrativeExpenses": 0, "sellingAndMarketingExpenses": 0, "sellingGeneralAndAdministrativeExpenses": 67008000, "otherExpenses": 10713000, "operatingExpenses": 77721000, "costAndExpenses": 235965000, "interestIncome": 289000, "interestExpense": 1040000, "depreciationAndAmortization": 10713000, "ebitda": 17652000, "ebitdaratio": 0.0727572491, "operatingIncome": 6650000, "operatingIncomeRatio": 0.027409682, "totalOtherIncomeExpensesNet": -751000, "incomeBeforeTax": 5899000, "incomeBeforeTaxRatio": 0.0243142427, "incomeTaxExpense": 1786000, "netIncome": 4113000, "netIncomeRatio": 0.0169527853, "eps": 0.07, "epsdiluted": 0.07, "weightedAverageShsOut": 60371190, "weightedAverageShsOutDil": 60759588, "link": "https://www.sec.gov/Archives/edgar/data/1060955/000115752312001194/0001157523-12-001194-index.htm", "finalLink": "https://www.sec.gov/Archives/edgar/data/1060955/000115752312001194/a50175613.htm"}, {"date": "2011-09-30", "symbol": "ICLR", "reportedCurrency": "USD", "cik": "0001060955", "fillingDate": "2011-11-10", "acceptedDate": "2011-11-10 12:48:56", "calendarYear": "2011", "period": "Q3", "revenue": 240772000, "costOfRevenue": 158343000, "grossProfit": 82429000, "grossProfitRatio": 0.3423529314, "researchAndDevelopmentExpenses": 0, "generalAndAdministrativeExpenses": 0, "sellingAndMarketingExpenses": 0, "sellingGeneralAndAdministrativeExpenses": 71629000, "otherExpenses": 9667000, "operatingExpenses": 81296000, "costAndExpenses": 244454000, "interestIncome": 378000, "interestExpense": 247000, "depreciationAndAmortization": 9667000, "ebitda": 6363000, "ebitdaratio": 0.0264274916, "operatingIncome": 6135000, "operatingIncomeRatio": 0.0254805376, "totalOtherIncomeExpensesNet": -9686000, "incomeBeforeTax": -3551000, "incomeBeforeTaxRatio": -0.0147483927, "incomeTaxExpense": -888000, "netIncome": -2663000, "netIncomeRatio": -0.0110602562, "eps": -0.044, "epsdiluted": -0.0436, "weightedAverageShsOut": 60471985, "weightedAverageShsOutDil": 61063020, "link": "https://www.sec.gov/Archives/edgar/data/1060955/000115752311006693/0001157523-11-006693-index.htm", "finalLink": "https://www.sec.gov/Archives/edgar/data/1060955/000115752311006693/0001157523-11-006693.txt"}, {"date": "2011-06-30", "symbol": "ICLR", "reportedCurrency": "USD", "cik": "0001060955", "fillingDate": "2011-07-22", "acceptedDate": "2011-07-22 10:18:32", "calendarYear": "2011", "period": "Q2", "revenue": 233045000, "costOfRevenue": 150866000, "grossProfit": 82179000, "grossProfitRatio": 0.352631466, "researchAndDevelopmentExpenses": 0, "generalAndAdministrativeExpenses": 0, "sellingAndMarketingExpenses": 0, "sellingGeneralAndAdministrativeExpenses": 57344000, "otherExpenses": 9329000, "operatingExpenses": 66673000, "costAndExpenses": 217539000, "interestIncome": 294000, "interestExpense": 188000, "depreciationAndAmortization": 9329000, "ebitda": 25129000, "ebitdaratio": 0.1078289601, "operatingIncome": 15506000, "operatingIncomeRatio": 0.0665365058, "totalOtherIncomeExpensesNet": 106000, "incomeBeforeTax": 15612000, "incomeBeforeTaxRatio": 0.0669913536, "incomeTaxExpense": 2530000, "netIncome": 13082000, "netIncomeRatio": 0.0561350812, "eps": 0.21, "epsdiluted": 0.21, "weightedAverageShsOut": 60390788, "weightedAverageShsOutDil": 61114996, "link": "https://www.sec.gov/Archives/edgar/data/1060955/000115752311004160/0001157523-11-004160-index.htm", "finalLink": "https://www.sec.gov/Archives/edgar/data/1060955/000115752311004160/0001157523-11-004160.txt"}, {"date": "2011-03-31", "symbol": "ICLR", "reportedCurrency": "USD", "cik": "0001060955", "fillingDate": "2011-04-21", "acceptedDate": "2011-04-21 12:11:34", "calendarYear": "2011", "period": "Q1", "revenue": 229297000, "costOfRevenue": 144470000, "grossProfit": 84827000, "grossProfitRatio": 0.3699437847, "researchAndDevelopmentExpenses": 0, "generalAndAdministrativeExpenses": 0, "sellingAndMarketingExpenses": 0, "sellingGeneralAndAdministrativeExpenses": 59883000, "otherExpenses": 8973000, "operatingExpenses": 68856000, "costAndExpenses": 218328000, "interestIncome": 233000, "interestExpense": 167000, "depreciationAndAmortization": 8973000, "ebitda": 20175000, "ebitdaratio": 0.0879863234, "operatingIncome": 20786000, "operatingIncomeRatio": 0.0906509898, "totalOtherIncomeExpensesNet": -9751000, "incomeBeforeTax": 11035000, "incomeBeforeTaxRatio": 0.0481253571, "incomeTaxExpense": 2687000, "netIncome": 8348000, "netIncomeRatio": 0.0364069307, "eps": 0.14, "epsdiluted": 0.14, "weightedAverageShsOut": 60283078, "weightedAverageShsOutDil": 60982948, "link": "https://www.sec.gov/Archives/edgar/data/1060955/000115752311002166/0001157523-11-002166-index.htm", "finalLink": "https://www.sec.gov/Archives/edgar/data/1060955/000115752311002166/0001157523-11-002166.txt"}, {"date": "2010-12-31", "symbol": "ICLR", "reportedCurrency": "USD", "cik": "0001060955", "fillingDate": "2011-03-22", "acceptedDate": "2011-03-22 16:10:59", "calendarYear": "2010", "period": "Q4", "revenue": 232086000, "costOfRevenue": 139741000, "grossProfit": 92345000, "grossProfitRatio": 0.3978912989, "researchAndDevelopmentExpenses": 0, "generalAndAdministrativeExpenses": 0, "sellingAndMarketingExpenses": 0, "sellingGeneralAndAdministrativeExpenses": 61463000, "otherExpenses": 8868000, "operatingExpenses": 70331000, "costAndExpenses": 210072000, "interestIncome": 578000, "interestExpense": 94000, "depreciationAndAmortization": 8868000, "ebitda": 31460000, "ebitdaratio": 0.1355532001, "operatingIncome": 22014000, "operatingIncomeRatio": 0.0948527701, "totalOtherIncomeExpensesNet": 484000, "incomeBeforeTax": 22498000, "incomeBeforeTaxRatio": 0.0969382039, "incomeTaxExpense": 398000, "netIncome": 22100000, "netIncomeRatio": 0.0952233224, "eps": 0.37, "epsdiluted": 0.36, "weightedAverageShsOut": 60145405, "weightedAverageShsOutDil": 60800000, "link": "https://www.sec.gov/Archives/edgar/data/1060955/000115752311001681/0001157523-11-001681-index.htm", "finalLink": "https://www.sec.gov/Archives/edgar/data/1060955/000115752311001681/a6635473.htm"}, {"date": "2010-09-30", "symbol": "ICLR", "reportedCurrency": "USD", "cik": "0001060955", "fillingDate": "2010-11-02", "acceptedDate": "2010-11-02 13:22:48", "calendarYear": "2010", "period": "Q3", "revenue": 225095000, "costOfRevenue": 139460000, "grossProfit": 85635000, "grossProfitRatio": 0.38043937, "researchAndDevelopmentExpenses": 0, "generalAndAdministrativeExpenses": 0, "sellingAndMarketingExpenses": 0, "sellingGeneralAndAdministrativeExpenses": 60008000, "otherExpenses": 8002000, "operatingExpenses": 68010000, "costAndExpenses": 207470000, "interestIncome": 543000, "interestExpense": 267000, "depreciationAndAmortization": 8002000, "ebitda": 26170000, "ebitdaratio": 0.1162620227, "operatingIncome": 17625000, "operatingIncomeRatio": 0.0783002732, "totalOtherIncomeExpensesNet": 276000, "incomeBeforeTax": 17901000, "incomeBeforeTaxRatio": 0.0795264222, "incomeTaxExpense": -1998000, "netIncome": 19899000, "netIncomeRatio": 0.0884026744, "eps": 0.33, "epsdiluted": 0.33, "weightedAverageShsOut": 59940045, "weightedAverageShsOutDil": 60743403, "link": "https://www.sec.gov/Archives/edgar/data/1060955/000115752310006433/0001157523-10-006433-index.htm", "finalLink": "https://www.sec.gov/Archives/edgar/data/1060955/000115752310006433/0001157523-10-006433.txt"}]