[{"date": "2025-06-30", "symbol": "UTHR", "reportedCurrency": "USD", "cik": "0001082554", "fillingDate": "2025-07-30", "acceptedDate": "2025-07-30 06:34:20", "calendarYear": "2025", "period": "Q2", "revenue": 798600000, "costOfRevenue": 87600000, "grossProfit": 711000000, "grossProfitRatio": 0.8903080391, "researchAndDevelopmentExpenses": 134000000, "generalAndAdministrativeExpenses": 159800000, "sellingAndMarketingExpenses": 31000000, "sellingGeneralAndAdministrativeExpenses": 190800000, "otherExpenses": 21700000, "operatingExpenses": 346500000, "costAndExpenses": 434100000, "interestIncome": 51300000, "interestExpense": 7300000, "depreciationAndAmortization": 21100000, "ebitda": 436800000, "ebitdaratio": 0.5469571751, "operatingIncome": 364500000, "operatingIncomeRatio": 0.4564237415, "totalOtherIncomeExpensesNet": 43900000, "incomeBeforeTax": 408400000, "incomeBeforeTaxRatio": 0.5113949411, "incomeTaxExpense": 98900000, "netIncome": 309500000, "netIncomeRatio": 0.3875532181, "eps": 6.86, "epsdiluted": 6.41, "weightedAverageShsOut": 45100000, "weightedAverageShsOutDil": 48300000, "link": "https://www.sec.gov/Archives/edgar/data/1082554/000162828025036541/0001628280-25-036541-index.htm", "finalLink": "https://www.sec.gov/Archives/edgar/data/1082554/000162828025036541/uthr-20250630.htm"}, {"date": "2025-03-31", "symbol": "UTHR", "reportedCurrency": "USD", "cik": "0001082554", "fillingDate": "2025-04-30", "acceptedDate": "2025-04-30 06:32:05", "calendarYear": "2025", "period": "Q1", "revenue": 794400000, "costOfRevenue": 92500000, "grossProfit": 701900000, "grossProfitRatio": 0.8835599194, "researchAndDevelopmentExpenses": 149000000, "generalAndAdministrativeExpenses": 143500000, "sellingAndMarketingExpenses": 26600000, "sellingGeneralAndAdministrativeExpenses": 170100000, "otherExpenses": 0, "operatingExpenses": 319100000, "costAndExpenses": 411600000, "interestIncome": 51100000, "interestExpense": 6100000, "depreciationAndAmortization": -34600000, "ebitda": 382800000, "ebitdaratio": 0.4818731118, "operatingIncome": 382800000, "operatingIncomeRatio": 0.4818731118, "totalOtherIncomeExpensesNet": 40700000, "incomeBeforeTax": 423500000, "incomeBeforeTaxRatio": 0.5331067472, "incomeTaxExpense": 101300000, "netIncome": 322200000, "netIncomeRatio": 0.4055891239, "eps": 7.18, "epsdiluted": 6.63, "weightedAverageShsOut": 44900000, "weightedAverageShsOutDil": 48600000, "link": "https://www.sec.gov/Archives/edgar/data/1082554/000108255425000023/0001082554-25-000023-index.htm", "finalLink": "https://www.sec.gov/Archives/edgar/data/1082554/000108255425000023/uthr-20250331.htm"}, {"date": "2024-12-31", "symbol": "UTHR", "reportedCurrency": "USD", "cik": "0001082554", "fillingDate": "2025-02-26", "acceptedDate": "2025-02-26 06:33:08", "calendarYear": "2024", "period": "Q4", "revenue": 735900000, "costOfRevenue": 75900000, "grossProfit": 660000000, "grossProfitRatio": 0.8968609865, "researchAndDevelopmentExpenses": 133800000, "generalAndAdministrativeExpenses": 135500000, "sellingAndMarketingExpenses": 27000000, "sellingGeneralAndAdministrativeExpenses": 162500000, "otherExpenses": 6000000, "operatingExpenses": 302300000, "costAndExpenses": 378200000, "interestIncome": 49300000, "interestExpense": 7900000, "depreciationAndAmortization": 19700000, "ebitda": 424100000, "ebitdaratio": 0.5763011279, "operatingIncome": 357700000, "operatingIncomeRatio": 0.4860714771, "totalOtherIncomeExpensesNet": 38800000, "incomeBeforeTax": 396500000, "incomeBeforeTaxRatio": 0.5387960321, "incomeTaxExpense": 95200000, "netIncome": 301300000, "netIncomeRatio": 0.4094306292, "eps": 6.74, "epsdiluted": 6.19, "weightedAverageShsOut": 45200000, "weightedAverageShsOutDil": 48700000, "link": "https://www.sec.gov/Archives/edgar/data/1082554/000108255425000005/0001082554-25-000005-index.htm", "finalLink": "https://www.sec.gov/Archives/edgar/data/1082554/000108255425000005/uthr-20241231.htm"}, {"date": "2024-09-30", "symbol": "UTHR", "reportedCurrency": "USD", "cik": "0001082554", "fillingDate": "2024-10-30", "acceptedDate": "2024-10-30 06:32:28", "calendarYear": "2024", "period": "Q3", "revenue": 748900000, "costOfRevenue": 83100000, "grossProfit": 665800000, "grossProfitRatio": 0.8890372546, "researchAndDevelopmentExpenses": 103500000, "generalAndAdministrativeExpenses": 198500000, "sellingAndMarketingExpenses": 20700000, "sellingGeneralAndAdministrativeExpenses": 219200000, "otherExpenses": 0, "operatingExpenses": 322700000, "costAndExpenses": 405800000, "interestIncome": 49800000, "interestExpense": 10100000, "depreciationAndAmortization": 19100000, "ebitda": 417800000, "ebitdaratio": 0.5578848979, "operatingIncome": 343100000, "operatingIncomeRatio": 0.4581386033, "totalOtherIncomeExpensesNet": 45500000, "incomeBeforeTax": 388600000, "incomeBeforeTaxRatio": 0.5188943784, "incomeTaxExpense": 79500000, "netIncome": 309100000, "netIncomeRatio": 0.4127386834, "eps": 6.93, "epsdiluted": 6.39, "weightedAverageShsOut": 44600000, "weightedAverageShsOutDil": 48400000, "link": "https://www.sec.gov/Archives/edgar/data/1082554/000108255424000047/0001082554-24-000047-index.htm", "finalLink": "https://www.sec.gov/Archives/edgar/data/1082554/000108255424000047/uthr-20240930.htm"}, {"date": "2024-06-30", "symbol": "UTHR", "reportedCurrency": "USD", "cik": "0001082554", "fillingDate": "2024-07-31", "acceptedDate": "2024-07-31 06:31:21", "calendarYear": "2024", "period": "Q2", "revenue": 714900000, "costOfRevenue": 77800000, "grossProfit": 637100000, "grossProfitRatio": 0.8911735907, "researchAndDevelopmentExpenses": 139600000, "generalAndAdministrativeExpenses": 152200000, "sellingAndMarketingExpenses": 25400000, "sellingGeneralAndAdministrativeExpenses": 177600000, "otherExpenses": 0, "operatingExpenses": 317200000, "costAndExpenses": 395000000, "interestIncome": 46200000, "interestExpense": 11600000, "depreciationAndAmortization": 18700000, "ebitda": 338600000, "ebitdaratio": 0.4736326759, "operatingIncome": 319900000, "operatingIncomeRatio": 0.4474751714, "totalOtherIncomeExpensesNet": 35400000, "incomeBeforeTax": 355300000, "incomeBeforeTaxRatio": 0.4969925864, "incomeTaxExpense": 77200000, "netIncome": 278100000, "netIncomeRatio": 0.3890054553, "eps": 6.26, "epsdiluted": 5.85, "weightedAverageShsOut": 44400000, "weightedAverageShsOutDil": 47500000, "link": "https://www.sec.gov/Archives/edgar/data/1082554/000108255424000035/0001082554-24-000035-index.htm", "finalLink": "https://www.sec.gov/Archives/edgar/data/1082554/000108255424000035/uthr-20240630.htm"}, {"date": "2024-03-31", "symbol": "UTHR", "reportedCurrency": "USD", "cik": "0001082554", "fillingDate": "2024-05-01", "acceptedDate": "2024-05-01 06:32:23", "calendarYear": "2024", "period": "Q1", "revenue": 677700000, "costOfRevenue": 72900000, "grossProfit": 604800000, "grossProfitRatio": 0.8924302789, "researchAndDevelopmentExpenses": 104100000, "generalAndAdministrativeExpenses": 121200000, "sellingAndMarketingExpenses": 23200000, "sellingGeneralAndAdministrativeExpenses": 144400000, "otherExpenses": 0, "operatingExpenses": 248500000, "costAndExpenses": 321400000, "interestIncome": 53800000, "interestExpense": 13300000, "depreciationAndAmortization": 15000000, "ebitda": 426900000, "ebitdaratio": 0.6299247455, "operatingIncome": 356300000, "operatingIncomeRatio": 0.5257488564, "totalOtherIncomeExpensesNet": 42300000, "incomeBeforeTax": 398600000, "incomeBeforeTaxRatio": 0.5881658551, "incomeTaxExpense": 92000000, "netIncome": 306600000, "netIncomeRatio": 0.4524125719, "eps": 6.52, "epsdiluted": 6.17, "weightedAverageShsOut": 47000000, "weightedAverageShsOutDil": 49700000, "link": "https://www.sec.gov/Archives/edgar/data/1082554/000108255424000025/0001082554-24-000025-index.htm", "finalLink": "https://www.sec.gov/Archives/edgar/data/1082554/000108255424000025/uthr-20240331.htm"}, {"date": "2023-12-31", "symbol": "UTHR", "reportedCurrency": "USD", "cik": "0001082554", "fillingDate": "2024-02-21", "acceptedDate": "2024-02-21 06:03:30", "calendarYear": "2023", "period": "Q4", "revenue": 614700000, "costOfRevenue": 71000000, "grossProfit": 543700000, "grossProfitRatio": 0.8844965024, "researchAndDevelopmentExpenses": 151400000, "generalAndAdministrativeExpenses": 108100000, "sellingAndMarketingExpenses": 24100000, "sellingGeneralAndAdministrativeExpenses": 132200000, "otherExpenses": 0, "operatingExpenses": 283600000, "costAndExpenses": 354600000, "interestIncome": 51000000, "interestExpense": 15100000, "depreciationAndAmortization": 13700000, "ebitda": 324200000, "ebitdaratio": 0.5274117456, "operatingIncome": 260100000, "operatingIncomeRatio": 0.4231332357, "totalOtherIncomeExpensesNet": 35300000, "incomeBeforeTax": 295400000, "incomeBeforeTaxRatio": 0.4805596226, "incomeTaxExpense": 78300000, "netIncome": 217100000, "netIncomeRatio": 0.3531804132, "eps": 4.62, "epsdiluted": 4.36, "weightedAverageShsOut": 47000000, "weightedAverageShsOutDil": 49800000, "link": "https://www.sec.gov/Archives/edgar/data/1082554/000108255424000005/0001082554-24-000005-index.htm", "finalLink": "https://www.sec.gov/Archives/edgar/data/1082554/000108255424000005/uthr-20231231.htm"}, {"date": "2023-09-30", "symbol": "UTHR", "reportedCurrency": "USD", "cik": "0001082554", "fillingDate": "2023-11-01", "acceptedDate": "2023-11-01 06:03:05", "calendarYear": "2023", "period": "Q3", "revenue": 609400000, "costOfRevenue": 70100000, "grossProfit": 539300000, "grossProfitRatio": 0.8849688218, "researchAndDevelopmentExpenses": 84700000, "generalAndAdministrativeExpenses": 106900000, "sellingAndMarketingExpenses": 20700000, "sellingGeneralAndAdministrativeExpenses": 127600000, "otherExpenses": 0, "operatingExpenses": 212300000, "costAndExpenses": 282400000, "interestIncome": 45300000, "interestExpense": 15600000, "depreciationAndAmortization": 13300000, "ebitda": 340300000, "ebitdaratio": 0.5584181162, "operatingIncome": 327000000, "operatingIncomeRatio": 0.5365933705, "totalOtherIncomeExpensesNet": 24800000, "incomeBeforeTax": 351800000, "incomeBeforeTaxRatio": 0.5772891369, "incomeTaxExpense": 84200000, "netIncome": 267600000, "netIncomeRatio": 0.4391204463, "eps": 5.71, "epsdiluted": 5.38, "weightedAverageShsOut": 46900000, "weightedAverageShsOutDil": 49700000, "link": "https://www.sec.gov/Archives/edgar/data/1082554/000108255423000031/0001082554-23-000031-index.htm", "finalLink": "https://www.sec.gov/Archives/edgar/data/1082554/000108255423000031/uthr-20230930.htm"}, {"date": "2023-06-30", "symbol": "UTHR", "reportedCurrency": "USD", "cik": "0001082554", "fillingDate": "2023-08-02", "acceptedDate": "2023-08-02 06:02:57", "calendarYear": "2023", "period": "Q2", "revenue": 596500000, "costOfRevenue": 64100000, "grossProfit": 532400000, "grossProfitRatio": 0.8925398156, "researchAndDevelopmentExpenses": 89000000, "generalAndAdministrativeExpenses": 109900000, "sellingAndMarketingExpenses": 20100000, "sellingGeneralAndAdministrativeExpenses": 130000000, "otherExpenses": -600000, "operatingExpenses": 219000000, "costAndExpenses": 283100000, "interestIncome": 37200000, "interestExpense": 14800000, "depreciationAndAmortization": 12900000, "ebitda": 326300000, "ebitdaratio": 0.5470243085, "operatingIncome": 313400000, "operatingIncomeRatio": 0.5253981559, "totalOtherIncomeExpensesNet": 21800000, "incomeBeforeTax": 335200000, "incomeBeforeTaxRatio": 0.5619446773, "incomeTaxExpense": 76000000, "netIncome": 259200000, "netIncomeRatio": 0.4345347863, "eps": 5.53, "epsdiluted": 5.24, "weightedAverageShsOut": 46900000, "weightedAverageShsOutDil": 49500000, "link": "https://www.sec.gov/Archives/edgar/data/1082554/000108255423000022/0001082554-23-000022-index.htm", "finalLink": "https://www.sec.gov/Archives/edgar/data/1082554/000108255423000022/uthr-20230630.htm"}, {"date": "2023-03-31", "symbol": "UTHR", "reportedCurrency": "USD", "cik": "0001082554", "fillingDate": "2023-05-03", "acceptedDate": "2023-05-03 06:04:18", "calendarYear": "2023", "period": "Q1", "revenue": 506900000, "costOfRevenue": 52300000, "grossProfit": 454600000, "grossProfitRatio": 0.8968238311, "researchAndDevelopmentExpenses": 82900000, "generalAndAdministrativeExpenses": 70400000, "sellingAndMarketingExpenses": 16900000, "sellingGeneralAndAdministrativeExpenses": 87300000, "otherExpenses": 0, "operatingExpenses": 170200000, "costAndExpenses": 222500000, "interestIncome": 29200000, "interestExpense": 13800000, "depreciationAndAmortization": 13300000, "ebitda": 319000000, "ebitdaratio": 0.6293154468, "operatingIncome": 284400000, "operatingIncomeRatio": 0.5610574078, "totalOtherIncomeExpensesNet": 7500000, "incomeBeforeTax": 291900000, "incomeBeforeTaxRatio": 0.5758532255, "incomeTaxExpense": 51000000, "netIncome": 240900000, "netIncomeRatio": 0.475241665, "eps": 5.2, "epsdiluted": 4.86, "weightedAverageShsOut": 46300000, "weightedAverageShsOutDil": 49600000, "link": "https://www.sec.gov/Archives/edgar/data/1082554/000108255423000012/0001082554-23-000012-index.htm", "finalLink": "https://www.sec.gov/Archives/edgar/data/1082554/000108255423000012/uthr-20230331.htm"}, {"date": "2022-12-31", "symbol": "UTHR", "reportedCurrency": "USD", "cik": "0001082554", "fillingDate": "2023-02-22", "acceptedDate": "2023-02-22 06:03:42", "calendarYear": "2022", "period": "Q4", "revenue": 491500000, "costOfRevenue": 55900000, "grossProfit": 435600000, "grossProfitRatio": 0.886266531, "researchAndDevelopmentExpenses": 93900000, "generalAndAdministrativeExpenses": 143100000, "sellingAndMarketingExpenses": 23000000, "sellingGeneralAndAdministrativeExpenses": 166100000, "otherExpenses": 0, "operatingExpenses": 260000000, "costAndExpenses": 315900000, "interestIncome": 20800000, "interestExpense": 12300000, "depreciationAndAmortization": 13200000, "ebitda": 198100000, "ebitdaratio": 0.403051882, "operatingIncome": 175600000, "operatingIncomeRatio": 0.3572736521, "totalOtherIncomeExpensesNet": 3200000, "incomeBeforeTax": 178800000, "incomeBeforeTaxRatio": 0.3637843337, "incomeTaxExpense": 46700000, "netIncome": 132100000, "netIncomeRatio": 0.2687690743, "eps": 2.88, "epsdiluted": 2.67, "weightedAverageShsOut": 45800000, "weightedAverageShsOutDil": 49400000, "link": "https://www.sec.gov/Archives/edgar/data/1082554/000108255423000005/0001082554-23-000005-index.htm", "finalLink": "https://www.sec.gov/Archives/edgar/data/1082554/000108255423000005/uthr-20221231.htm"}, {"date": "2022-09-30", "symbol": "UTHR", "reportedCurrency": "USD", "cik": "0001082554", "fillingDate": "2022-11-02", "acceptedDate": "2022-11-02 06:03:26", "calendarYear": "2022", "period": "Q3", "revenue": 516000000, "costOfRevenue": 37200000, "grossProfit": 478800000, "grossProfitRatio": 0.9279069767, "researchAndDevelopmentExpenses": 66100000, "generalAndAdministrativeExpenses": 81200000, "sellingAndMarketingExpenses": 17200000, "sellingGeneralAndAdministrativeExpenses": 98400000, "otherExpenses": 0, "operatingExpenses": 164500000, "costAndExpenses": 201700000, "interestIncome": 13300000, "interestExpense": 9200000, "depreciationAndAmortization": 12900000, "ebitda": 334600000, "ebitdaratio": 0.6484496124, "operatingIncome": 314300000, "operatingIncomeRatio": 0.6091085271, "totalOtherIncomeExpensesNet": -1800000, "incomeBeforeTax": 312500000, "incomeBeforeTaxRatio": 0.605620155, "incomeTaxExpense": 73200000, "netIncome": 239300000, "netIncomeRatio": 0.4637596899, "eps": 4.91, "epsdiluted": 4.91, "weightedAverageShsOut": 48700000, "weightedAverageShsOutDil": 48700000, "link": "https://www.sec.gov/Archives/edgar/data/1082554/000108255422000026/0001082554-22-000026-index.htm", "finalLink": "https://www.sec.gov/Archives/edgar/data/1082554/000108255422000026/uthr-20220930.htm"}, {"date": "2022-06-30", "symbol": "UTHR", "reportedCurrency": "USD", "cik": "0001082554", "fillingDate": "2022-08-03", "acceptedDate": "2022-08-03 06:03:41", "calendarYear": "2022", "period": "Q2", "revenue": 466900000, "costOfRevenue": 29700000, "grossProfit": 437200000, "grossProfitRatio": 0.9363889484, "researchAndDevelopmentExpenses": 93900000, "generalAndAdministrativeExpenses": 125400000, "sellingAndMarketingExpenses": 16100000, "sellingGeneralAndAdministrativeExpenses": 141500000, "otherExpenses": 0, "operatingExpenses": 235400000, "costAndExpenses": 265100000, "interestIncome": 6800000, "interestExpense": 6200000, "depreciationAndAmortization": 12700000, "ebitda": 169500000, "ebitdaratio": 0.3630327693, "operatingIncome": 201800000, "operatingIncomeRatio": 0.4322124652, "totalOtherIncomeExpensesNet": -51200000, "incomeBeforeTax": 150600000, "incomeBeforeTaxRatio": 0.3225530092, "incomeTaxExpense": 34600000, "netIncome": 116000000, "netIncomeRatio": 0.248447205, "eps": 2.41, "epsdiluted": 2.41, "weightedAverageShsOut": 48100000, "weightedAverageShsOutDil": 48100000, "link": "https://www.sec.gov/Archives/edgar/data/1082554/000108255422000019/0001082554-22-000019-index.htm", "finalLink": "https://www.sec.gov/Archives/edgar/data/1082554/000108255422000019/uthr-20220630.htm"}, {"date": "2022-03-31", "symbol": "UTHR", "reportedCurrency": "USD", "cik": "0001082554", "fillingDate": "2022-05-04", "acceptedDate": "2022-05-04 06:04:52", "calendarYear": "2022", "period": "Q1", "revenue": 461900000, "costOfRevenue": 25900000, "grossProfit": 436000000, "grossProfitRatio": 0.943927257, "researchAndDevelopmentExpenses": 69000000, "generalAndAdministrativeExpenses": 64500000, "sellingAndMarketingExpenses": 14500000, "sellingGeneralAndAdministrativeExpenses": 79000000, "otherExpenses": 0, "operatingExpenses": 148000000, "costAndExpenses": 173900000, "interestIncome": 4300000, "interestExpense": 4700000, "depreciationAndAmortization": 12500000, "ebitda": 300500000, "ebitdaratio": 0.6505737173, "operatingIncome": 288000000, "operatingIncomeRatio": 0.6235115826, "totalOtherIncomeExpensesNet": 20700000, "incomeBeforeTax": 308700000, "incomeBeforeTaxRatio": 0.6683264776, "incomeTaxExpense": 68800000, "netIncome": 239900000, "netIncomeRatio": 0.5193764884, "eps": 5.03, "epsdiluted": 5.03, "weightedAverageShsOut": 47693836, "weightedAverageShsOutDil": 47700000, "link": "https://www.sec.gov/Archives/edgar/data/1082554/000108255422000012/0001082554-22-000012-index.htm", "finalLink": "https://www.sec.gov/Archives/edgar/data/1082554/000108255422000012/uthr-20220331.htm"}, {"date": "2021-12-31", "symbol": "UTHR", "reportedCurrency": "USD", "cik": "0001082554", "fillingDate": "2022-02-24", "acceptedDate": "2022-02-24 06:05:01", "calendarYear": "2021", "period": "Q4", "revenue": 415200000, "costOfRevenue": 34600000, "grossProfit": 380600000, "grossProfitRatio": 0.9166666667, "researchAndDevelopmentExpenses": 82900000, "generalAndAdministrativeExpenses": 111500000, "sellingAndMarketingExpenses": 16400000, "sellingGeneralAndAdministrativeExpenses": 127900000, "otherExpenses": 0, "operatingExpenses": 210800000, "costAndExpenses": 245400000, "interestIncome": 4200000, "interestExpense": 4700000, "depreciationAndAmortization": 12600000, "ebitda": 181800000, "ebitdaratio": 0.4378612717, "operatingIncome": 169800000, "operatingIncomeRatio": 0.4089595376, "totalOtherIncomeExpensesNet": -29300000, "incomeBeforeTax": 140500000, "incomeBeforeTaxRatio": 0.3383911368, "incomeTaxExpense": 28300000, "netIncome": 112200000, "netIncomeRatio": 0.2702312139, "eps": 2.49, "epsdiluted": 2.35, "weightedAverageShsOut": 45100000, "weightedAverageShsOutDil": 47800000, "link": "https://www.sec.gov/Archives/edgar/data/1082554/000108255422000004/0001082554-22-000004-index.htm", "finalLink": "https://www.sec.gov/Archives/edgar/data/1082554/000108255422000004/uthr-20211231.htm"}, {"date": "2021-09-30", "symbol": "UTHR", "reportedCurrency": "USD", "cik": "0001082554", "fillingDate": "2021-11-03", "acceptedDate": "2021-11-03 06:03:50", "calendarYear": "2021", "period": "Q3", "revenue": 444700000, "costOfRevenue": 27700000, "grossProfit": 417000000, "grossProfitRatio": 0.9377108163, "researchAndDevelopmentExpenses": 79200000, "generalAndAdministrativeExpenses": 91900000, "sellingAndMarketingExpenses": 17200000, "sellingGeneralAndAdministrativeExpenses": 109100000, "otherExpenses": 0, "operatingExpenses": 188300000, "costAndExpenses": 216000000, "interestIncome": 3800000, "interestExpense": 4600000, "depreciationAndAmortization": 12400000, "ebitda": 221400000, "ebitdaratio": 0.4978637284, "operatingIncome": 228700000, "operatingIncomeRatio": 0.5142792894, "totalOtherIncomeExpensesNet": -24300000, "incomeBeforeTax": 204400000, "incomeBeforeTaxRatio": 0.4596357095, "incomeTaxExpense": 41700000, "netIncome": 162700000, "netIncomeRatio": 0.3658646278, "eps": 3.62, "epsdiluted": 3.42, "weightedAverageShsOut": 44900000, "weightedAverageShsOutDil": 47600000, "link": "https://www.sec.gov/Archives/edgar/data/1082554/000108255421000030/0001082554-21-000030-index.htm", "finalLink": "https://www.sec.gov/Archives/edgar/data/1082554/000108255421000030/uthr-20210930.htm"}, {"date": "2021-06-30", "symbol": "UTHR", "reportedCurrency": "USD", "cik": "0001082554", "fillingDate": "2021-08-04", "acceptedDate": "2021-08-04 06:04:54", "calendarYear": "2021", "period": "Q2", "revenue": 446500000, "costOfRevenue": 37200000, "grossProfit": 409300000, "grossProfitRatio": 0.9166853303, "researchAndDevelopmentExpenses": 74300000, "generalAndAdministrativeExpenses": 95700000, "sellingAndMarketingExpenses": 17100000, "sellingGeneralAndAdministrativeExpenses": 112800000, "otherExpenses": 0, "operatingExpenses": 187100000, "costAndExpenses": 224300000, "interestIncome": 4000000, "interestExpense": 4700000, "depreciationAndAmortization": 12400000, "ebitda": 234600000, "ebitdaratio": 0.5254199328, "operatingIncome": 222200000, "operatingIncomeRatio": 0.4976483763, "totalOtherIncomeExpensesNet": -5700000, "incomeBeforeTax": 216500000, "incomeBeforeTaxRatio": 0.4848824188, "incomeTaxExpense": 43900000, "netIncome": 172600000, "netIncomeRatio": 0.3865621501, "eps": 3.85, "epsdiluted": 3.65, "weightedAverageShsOut": 44800000, "weightedAverageShsOutDil": 47300000, "link": "https://www.sec.gov/Archives/edgar/data/1082554/000108255421000024/0001082554-21-000024-index.htm", "finalLink": "https://www.sec.gov/Archives/edgar/data/1082554/000108255421000024/uthr-20210630.htm"}, {"date": "2021-03-31", "symbol": "UTHR", "reportedCurrency": "USD", "cik": "0001082554", "fillingDate": "2021-05-05", "acceptedDate": "2021-05-05 06:10:39", "calendarYear": "2021", "period": "Q1", "revenue": 379100000, "costOfRevenue": 23000000, "grossProfit": 356100000, "grossProfitRatio": 0.9393299921, "researchAndDevelopmentExpenses": 303700000, "generalAndAdministrativeExpenses": 103500000, "sellingAndMarketingExpenses": 13700000, "sellingGeneralAndAdministrativeExpenses": 117200000, "otherExpenses": 0, "operatingExpenses": 420900000, "costAndExpenses": 443900000, "interestIncome": 4700000, "interestExpense": 4600000, "depreciationAndAmortization": 12500000, "ebitda": 49600000, "ebitdaratio": 0.130836191, "operatingIncome": -64800000, "operatingIncomeRatio": -0.1709311527, "totalOtherIncomeExpensesNet": 97300000, "incomeBeforeTax": 32500000, "incomeBeforeTaxRatio": 0.085729359, "incomeTaxExpense": 4200000, "netIncome": 28300000, "netIncomeRatio": 0.074650488, "eps": 0.63, "epsdiluted": 0.61, "weightedAverageShsOut": 44600000, "weightedAverageShsOutDil": 46400000, "link": "https://www.sec.gov/Archives/edgar/data/1082554/000108255421000016/0001082554-21-000016-index.htm", "finalLink": "https://www.sec.gov/Archives/edgar/data/1082554/000108255421000016/uthr-20210331.htm"}, {"date": "2020-12-31", "symbol": "UTHR", "reportedCurrency": "USD", "cik": "0001082554", "fillingDate": "2021-02-24", "acceptedDate": "2021-02-24 06:07:56", "calendarYear": "2020", "period": "Q4", "revenue": 384900000, "costOfRevenue": 34800000, "grossProfit": 350100000, "grossProfitRatio": 0.9095869057, "researchAndDevelopmentExpenses": 126100000, "generalAndAdministrativeExpenses": 141900000, "sellingAndMarketingExpenses": 16800000, "sellingGeneralAndAdministrativeExpenses": 158700000, "otherExpenses": 0, "operatingExpenses": 284800000, "costAndExpenses": 319600000, "interestIncome": 5000000, "interestExpense": 4800000, "depreciationAndAmortization": 13100000, "ebitda": 79500000, "ebitdaratio": 0.2065471551, "operatingIncome": 65300000, "operatingIncomeRatio": 0.1696544557, "totalOtherIncomeExpensesNet": 49100000, "incomeBeforeTax": 114400000, "incomeBeforeTaxRatio": 0.2972200572, "incomeTaxExpense": 15600000, "netIncome": 98800000, "netIncomeRatio": 0.2566900494, "eps": 2.22, "epsdiluted": 2.19, "weightedAverageShsOut": 44500000, "weightedAverageShsOutDil": 45100000, "link": "https://www.sec.gov/Archives/edgar/data/1082554/000108255421000008/0001082554-21-000008-index.htm", "finalLink": "https://www.sec.gov/Archives/edgar/data/1082554/000108255421000008/uthr-20201231.htm"}, {"date": "2020-09-30", "symbol": "UTHR", "reportedCurrency": "USD", "cik": "0001082554", "fillingDate": "2020-10-28", "acceptedDate": "2020-10-28 06:12:23", "calendarYear": "2020", "period": "Q3", "revenue": 380100000, "costOfRevenue": 24000000, "grossProfit": 356100000, "grossProfitRatio": 0.9368587214, "researchAndDevelopmentExpenses": 68700000, "generalAndAdministrativeExpenses": 53900000, "sellingAndMarketingExpenses": 12400000, "sellingGeneralAndAdministrativeExpenses": 66300000, "otherExpenses": -100000, "operatingExpenses": 135000000, "costAndExpenses": 159000000, "interestIncome": 6400000, "interestExpense": 4900000, "depreciationAndAmortization": 11800000, "ebitda": 232900000, "ebitdaratio": 0.6127334912, "operatingIncome": 221100000, "operatingIncomeRatio": 0.5816890292, "totalOtherIncomeExpensesNet": -2100000, "incomeBeforeTax": 219000000, "incomeBeforeTaxRatio": 0.5761641673, "incomeTaxExpense": 47800000, "netIncome": 171200000, "netIncomeRatio": 0.4504077874, "eps": 3.86, "epsdiluted": 3.84, "weightedAverageShsOut": 44400000, "weightedAverageShsOutDil": 44600000, "link": "https://www.sec.gov/Archives/edgar/data/1082554/000108255420000017/0001082554-20-000017-index.htm", "finalLink": "https://www.sec.gov/Archives/edgar/data/1082554/000108255420000017/uthr-20200930.htm"}, {"date": "2020-06-30", "symbol": "UTHR", "reportedCurrency": "USD", "cik": "0001082554", "fillingDate": "2020-07-29", "acceptedDate": "2020-07-29 06:17:44", "calendarYear": "2020", "period": "Q2", "revenue": 362000000, "costOfRevenue": 25900000, "grossProfit": 336100000, "grossProfitRatio": 0.9284530387, "researchAndDevelopmentExpenses": 89700000, "generalAndAdministrativeExpenses": 93200000, "sellingAndMarketingExpenses": 12700000, "sellingGeneralAndAdministrativeExpenses": 105900000, "otherExpenses": 0, "operatingExpenses": 195600000, "costAndExpenses": 221500000, "interestIncome": 7200000, "interestExpense": 5600000, "depreciationAndAmortization": 12600000, "ebitda": 152100000, "ebitdaratio": 0.4201657459, "operatingIncome": 140500000, "operatingIncomeRatio": 0.388121547, "totalOtherIncomeExpensesNet": -6600000, "incomeBeforeTax": 133900000, "incomeBeforeTaxRatio": 0.3698895028, "incomeTaxExpense": 26800000, "netIncome": 107100000, "netIncomeRatio": 0.2958563536, "eps": 2.43, "epsdiluted": 2.41, "weightedAverageShsOut": 44100000, "weightedAverageShsOutDil": 44400000, "link": "https://www.sec.gov/Archives/edgar/data/1082554/000108255420000010/0001082554-20-000010-index.htm", "finalLink": "https://www.sec.gov/Archives/edgar/data/1082554/000108255420000010/uthr10q06302020.htm"}, {"date": "2020-03-31", "symbol": "UTHR", "reportedCurrency": "USD", "cik": "0001082554", "fillingDate": "2020-04-29", "acceptedDate": "2020-04-29 06:13:35", "calendarYear": "2020", "period": "Q1", "revenue": 356300000, "costOfRevenue": 23400000, "grossProfit": 332900000, "grossProfitRatio": 0.934325007, "researchAndDevelopmentExpenses": 73200000, "generalAndAdministrativeExpenses": 80000000, "sellingAndMarketingExpenses": 13000000, "sellingGeneralAndAdministrativeExpenses": 93000000, "otherExpenses": 0, "operatingExpenses": 166200000, "costAndExpenses": 189600000, "interestIncome": 10000000, "interestExpense": 8200000, "depreciationAndAmortization": 12400000, "ebitda": 179100000, "ebitdaratio": 0.5026662925, "operatingIncome": 166700000, "operatingIncomeRatio": 0.4678641594, "totalOtherIncomeExpensesNet": 4900000, "incomeBeforeTax": 171600000, "incomeBeforeTaxRatio": 0.4816166152, "incomeTaxExpense": 33900000, "netIncome": 137700000, "netIncomeRatio": 0.3864720741, "eps": 3.14, "epsdiluted": 3.12, "weightedAverageShsOut": 43900000, "weightedAverageShsOutDil": 44100000, "link": "https://www.sec.gov/Archives/edgar/data/1082554/000110465920052696/0001104659-20-052696-index.htm", "finalLink": "https://www.sec.gov/Archives/edgar/data/1082554/000110465920052696/uthr-20200331x10q.htm"}, {"date": "2019-12-31", "symbol": "UTHR", "reportedCurrency": "USD", "cik": "0001082554", "fillingDate": "2020-02-26", "acceptedDate": "2020-02-26 06:12:34", "calendarYear": "2019", "period": "Q4", "revenue": 311100000, "costOfRevenue": 28800000, "grossProfit": 282300000, "grossProfitRatio": 0.9074252652, "researchAndDevelopmentExpenses": 113600000, "generalAndAdministrativeExpenses": 86600000, "sellingAndMarketingExpenses": 18600000, "sellingGeneralAndAdministrativeExpenses": 105200000, "otherExpenses": 0, "operatingExpenses": 218800000, "costAndExpenses": 247600000, "interestIncome": 11500000, "interestExpense": 10000000, "depreciationAndAmortization": 12500000, "ebitda": 77200000, "ebitdaratio": 0.2481517197, "operatingIncome": 63500000, "operatingIncomeRatio": 0.2041144327, "totalOtherIncomeExpensesNet": 4800000, "incomeBeforeTax": 68300000, "incomeBeforeTaxRatio": 0.2195435551, "incomeTaxExpense": 15700000, "netIncome": 52600000, "netIncomeRatio": 0.1690774671, "eps": 1.2, "epsdiluted": 1.2, "weightedAverageShsOut": 43900000, "weightedAverageShsOutDil": 44000000, "link": "https://www.sec.gov/Archives/edgar/data/1082554/000110465920025009/0001104659-20-025009-index.htm", "finalLink": "https://www.sec.gov/Archives/edgar/data/1082554/000110465920025009/uthr-20191231x10k0be536.htm"}, {"date": "2019-09-30", "symbol": "UTHR", "reportedCurrency": "USD", "cik": "0001082554", "fillingDate": "2019-10-30", "acceptedDate": "2019-10-30 06:17:54", "calendarYear": "2019", "period": "Q3", "revenue": 401500000, "costOfRevenue": 33000000, "grossProfit": 368500000, "grossProfitRatio": 0.9178082192, "researchAndDevelopmentExpenses": 85700000, "generalAndAdministrativeExpenses": 84600000, "sellingAndMarketingExpenses": 14800000, "sellingGeneralAndAdministrativeExpenses": 99400000, "otherExpenses": 0, "operatingExpenses": 185100000, "costAndExpenses": 218100000, "interestIncome": 12100000, "interestExpense": 11700000, "depreciationAndAmortization": 12700000, "ebitda": 191300000, "ebitdaratio": 0.4764632628, "operatingIncome": 183400000, "operatingIncomeRatio": 0.4567870486, "totalOtherIncomeExpensesNet": -16500000, "incomeBeforeTax": 166900000, "incomeBeforeTaxRatio": 0.4156911582, "incomeTaxExpense": 34500000, "netIncome": 132400000, "netIncomeRatio": 0.3297633873, "eps": 3.02, "epsdiluted": 3.01, "weightedAverageShsOut": 43900000, "weightedAverageShsOutDil": 44000000, "link": "https://www.sec.gov/Archives/edgar/data/1082554/000110465919057472/0001104659-19-057472-index.htm", "finalLink": "https://www.sec.gov/Archives/edgar/data/1082554/000110465919057472/uthr-20190930x10q939d4f.htm"}, {"date": "2019-06-30", "symbol": "UTHR", "reportedCurrency": "USD", "cik": "0001082554", "fillingDate": "2019-07-31", "acceptedDate": "2019-07-31 06:07:08", "calendarYear": "2019", "period": "Q2", "revenue": 373600000, "costOfRevenue": 26700000, "grossProfit": 346900000, "grossProfitRatio": 0.9285331906, "researchAndDevelopmentExpenses": 85900000, "generalAndAdministrativeExpenses": 25900000, "sellingAndMarketingExpenses": 13700000, "sellingGeneralAndAdministrativeExpenses": 39600000, "otherExpenses": 0, "operatingExpenses": 125500000, "costAndExpenses": 152200000, "interestIncome": 10800000, "interestExpense": 12200000, "depreciationAndAmortization": 10400000, "ebitda": 273000000, "ebitdaratio": 0.7307280514, "operatingIncome": 221400000, "operatingIncomeRatio": 0.5926124197, "totalOtherIncomeExpensesNet": 29000000, "incomeBeforeTax": 250400000, "incomeBeforeTaxRatio": 0.670235546, "incomeTaxExpense": 45300000, "netIncome": 205100000, "netIncomeRatio": 0.5489828694, "eps": 4.68, "epsdiluted": 4.66, "weightedAverageShsOut": 43800000, "weightedAverageShsOutDil": 44000000, "link": "https://www.sec.gov/Archives/edgar/data/1082554/000141057819000591/0001410578-19-000591-index.htm", "finalLink": "https://www.sec.gov/Archives/edgar/data/1082554/000141057819000591/uthr-20190630x10q.htm"}, {"date": "2019-03-31", "symbol": "UTHR", "reportedCurrency": "USD", "cik": "0001082554", "fillingDate": "2019-05-01", "acceptedDate": "2019-05-01 06:02:42", "calendarYear": "2019", "period": "Q1", "revenue": 362600000, "costOfRevenue": 29100000, "grossProfit": 333500000, "grossProfitRatio": 0.9197462769, "researchAndDevelopmentExpenses": 897400000, "generalAndAdministrativeExpenses": 78400000, "sellingAndMarketingExpenses": 13600000, "sellingGeneralAndAdministrativeExpenses": 92000000, "otherExpenses": 5800000, "operatingExpenses": 989400000, "costAndExpenses": 1018500000, "interestIncome": 9800000, "interestExpense": 10300000, "depreciationAndAmortization": 10300000, "ebitda": -630000000, "ebitdaratio": -1.7374517375, "operatingIncome": -655900000, "operatingIncomeRatio": -1.8088803089, "totalOtherIncomeExpensesNet": 5300000, "incomeBeforeTax": -650600000, "incomeBeforeTaxRatio": -1.7942636514, "incomeTaxExpense": -156000000, "netIncome": -494600000, "netIncomeRatio": -1.3640375069, "eps": -11.32, "epsdiluted": -11.32, "weightedAverageShsOut": 43692579, "weightedAverageShsOutDil": 43700000, "link": "https://www.sec.gov/Archives/edgar/data/1082554/000110465919025656/0001104659-19-025656-index.htm", "finalLink": "https://www.sec.gov/Archives/edgar/data/1082554/000110465919025656/a19-7386_110q.htm"}, {"date": "2018-12-31", "symbol": "UTHR", "reportedCurrency": "USD", "cik": "0001082554", "fillingDate": "2019-02-27", "acceptedDate": "2019-02-27 06:03:23", "calendarYear": "2018", "period": "Q4", "revenue": 381400000, "costOfRevenue": 31900000, "grossProfit": 349500000, "grossProfitRatio": 0.9163607761, "researchAndDevelopmentExpenses": 138800000, "generalAndAdministrativeExpenses": 47600000, "sellingAndMarketingExpenses": -28900000, "sellingGeneralAndAdministrativeExpenses": 79200000, "otherExpenses": 0, "operatingExpenses": 218000000, "costAndExpenses": 249900000, "interestIncome": 8700000, "interestExpense": 4300000, "depreciationAndAmortization": 10500000, "ebitda": 139100000, "ebitdaratio": 0.364708967, "operatingIncome": 131500000, "operatingIncomeRatio": 0.3447823807, "totalOtherIncomeExpensesNet": -39600000, "incomeBeforeTax": 91900000, "incomeBeforeTaxRatio": 0.2409543786, "incomeTaxExpense": 26600000, "netIncome": 65300000, "netIncomeRatio": 0.1712113267, "eps": 1.5, "epsdiluted": 1.48, "weightedAverageShsOut": 43600000, "weightedAverageShsOutDil": 44000000, "link": "https://www.sec.gov/Archives/edgar/data/1082554/000104746919000724/0001047469-19-000724-index.htm", "finalLink": "https://www.sec.gov/Archives/edgar/data/1082554/000104746919000724/a2237754z10-k.htm"}, {"date": "2018-09-30", "symbol": "UTHR", "reportedCurrency": "USD", "cik": "0001082554", "fillingDate": "2018-10-31", "acceptedDate": "2018-10-31 06:03:41", "calendarYear": "2018", "period": "Q3", "revenue": 412700000, "costOfRevenue": 51900000, "grossProfit": 360800000, "grossProfitRatio": 0.8742427914, "researchAndDevelopmentExpenses": 101100000, "generalAndAdministrativeExpenses": 0, "sellingAndMarketingExpenses": 0, "sellingGeneralAndAdministrativeExpenses": 110100000, "otherExpenses": -900000, "operatingExpenses": 211200000, "costAndExpenses": 263100000, "interestIncome": 7900000, "interestExpense": 4100000, "depreciationAndAmortization": 9400000, "ebitda": 159000000, "ebitdaratio": 0.385267749, "operatingIncome": 149600000, "operatingIncomeRatio": 0.3624909135, "totalOtherIncomeExpensesNet": -9500000, "incomeBeforeTax": 140100000, "incomeBeforeTaxRatio": 0.3394717713, "incomeTaxExpense": 33600000, "netIncome": 106500000, "netIncomeRatio": 0.2580566998, "eps": 2.44, "epsdiluted": 2.42, "weightedAverageShsOut": 43600000, "weightedAverageShsOutDil": 44000000, "link": "https://www.sec.gov/Archives/edgar/data/1082554/000110465918064848/0001104659-18-064848-index.htm", "finalLink": "https://www.sec.gov/Archives/edgar/data/1082554/000110465918064848/a18-19027_110q.htm"}, {"date": "2018-06-30", "symbol": "UTHR", "reportedCurrency": "USD", "cik": "0001082554", "fillingDate": "2018-08-01", "acceptedDate": "2018-08-01 06:03:34", "calendarYear": "2018", "period": "Q2", "revenue": 444500000, "costOfRevenue": 61700000, "grossProfit": 382800000, "grossProfitRatio": 0.861192351, "researchAndDevelopmentExpenses": 82300000, "generalAndAdministrativeExpenses": 67500000, "sellingAndMarketingExpenses": 15600000, "sellingGeneralAndAdministrativeExpenses": 83100000, "otherExpenses": 0, "operatingExpenses": 165400000, "costAndExpenses": 227100000, "interestIncome": 6700000, "interestExpense": 2900000, "depreciationAndAmortization": 8100000, "ebitda": 228900000, "ebitdaratio": 0.5149606299, "operatingIncome": 217400000, "operatingIncomeRatio": 0.4890888639, "totalOtherIncomeExpensesNet": 500000, "incomeBeforeTax": 217900000, "incomeBeforeTaxRatio": 0.4902137233, "incomeTaxExpense": 45000000, "netIncome": 172900000, "netIncomeRatio": 0.388976378, "eps": 4.01, "epsdiluted": 3.98, "weightedAverageShsOut": 43100000, "weightedAverageShsOutDil": 43400000, "link": "https://www.sec.gov/Archives/edgar/data/1082554/000110465918048533/0001104659-18-048533-index.htm", "finalLink": "https://www.sec.gov/Archives/edgar/data/1082554/000110465918048533/a18-14085_110q.htm"}, {"date": "2018-03-31", "symbol": "UTHR", "reportedCurrency": "USD", "cik": "0001082554", "fillingDate": "2018-05-02", "acceptedDate": "2018-05-02 06:03:34", "calendarYear": "2018", "period": "Q1", "revenue": 389200000, "costOfRevenue": 53200000, "grossProfit": 336000000, "grossProfitRatio": 0.8633093525, "researchAndDevelopmentExpenses": 35700000, "generalAndAdministrativeExpenses": -19900000, "sellingAndMarketingExpenses": 13300000, "sellingGeneralAndAdministrativeExpenses": -6600000, "otherExpenses": 0, "operatingExpenses": 29100000, "costAndExpenses": 82300000, "interestIncome": 5300000, "interestExpense": 2600000, "depreciationAndAmortization": 7900000, "ebitda": 319500000, "ebitdaratio": 0.8209146968, "operatingIncome": 306900000, "operatingIncomeRatio": 0.7885405961, "totalOtherIncomeExpensesNet": 2100000, "incomeBeforeTax": 309000000, "incomeBeforeTaxRatio": 0.7939362795, "incomeTaxExpense": 64500000, "netIncome": 244500000, "netIncomeRatio": 0.6282117163, "eps": 5.65, "epsdiluted": 5.57, "weightedAverageShsOut": 43300000, "weightedAverageShsOutDil": 43900000, "link": "https://www.sec.gov/Archives/edgar/data/1082554/000110465918029493/0001104659-18-029493-index.htm", "finalLink": "https://www.sec.gov/Archives/edgar/data/1082554/000110465918029493/a18-8657_110q.htm"}, {"date": "2017-12-31", "symbol": "UTHR", "reportedCurrency": "USD", "cik": "0001082554", "fillingDate": "2018-02-21", "acceptedDate": "2018-02-21 06:04:01", "calendarYear": "2017", "period": "Q4", "revenue": 464700000, "costOfRevenue": 53000000, "grossProfit": 411700000, "grossProfitRatio": 0.8859479234, "researchAndDevelopmentExpenses": 113600000, "generalAndAdministrativeExpenses": 141500000, "sellingAndMarketingExpenses": 17600000, "sellingGeneralAndAdministrativeExpenses": 159100000, "otherExpenses": 0, "operatingExpenses": 272700000, "costAndExpenses": 325700000, "interestIncome": 0, "interestExpense": 3500000, "depreciationAndAmortization": 7700000, "ebitda": 144200000, "ebitdaratio": 0.3103077254, "operatingIncome": 139000000, "operatingIncomeRatio": 0.2991177104, "totalOtherIncomeExpensesNet": 2000000, "incomeBeforeTax": 141000000, "incomeBeforeTaxRatio": 0.3034215623, "incomeTaxExpense": 122000000, "netIncome": 19000000, "netIncomeRatio": 0.0408865935, "eps": 0.44, "epsdiluted": 0.43, "weightedAverageShsOut": 43200000, "weightedAverageShsOutDil": 43800000, "link": "https://www.sec.gov/Archives/edgar/data/1082554/000104746918000911/0001047469-18-000911-index.htm", "finalLink": "https://www.sec.gov/Archives/edgar/data/1082554/000104746918000911/a2234069z10-k.htm"}, {"date": "2017-09-30", "symbol": "UTHR", "reportedCurrency": "USD", "cik": "0001082554", "fillingDate": "2017-10-25", "acceptedDate": "2017-10-25 06:04:00", "calendarYear": "2017", "period": "Q3", "revenue": 445500000, "costOfRevenue": 19500000, "grossProfit": 426000000, "grossProfitRatio": 0.9562289562, "researchAndDevelopmentExpenses": 55000000, "generalAndAdministrativeExpenses": 31400000, "sellingAndMarketingExpenses": 15800000, "sellingGeneralAndAdministrativeExpenses": 47200000, "otherExpenses": 0, "operatingExpenses": 102200000, "costAndExpenses": 121700000, "interestIncome": 2200000, "interestExpense": 3300000, "depreciationAndAmortization": 7700000, "ebitda": 331500000, "ebitdaratio": 0.7441077441, "operatingIncome": 323800000, "operatingIncomeRatio": 0.7268237935, "totalOtherIncomeExpensesNet": -3100000, "incomeBeforeTax": 320700000, "incomeBeforeTaxRatio": 0.7198653199, "incomeTaxExpense": 44400000, "netIncome": 276300000, "netIncomeRatio": 0.6202020202, "eps": 6.37, "epsdiluted": 6.27, "weightedAverageShsOut": 43400000, "weightedAverageShsOutDil": 44100000, "link": "https://www.sec.gov/Archives/edgar/data/1082554/000110465917063618/0001104659-17-063618-index.htm", "finalLink": "https://www.sec.gov/Archives/edgar/data/1082554/000110465917063618/a17-20633_110q.htm"}, {"date": "2017-06-30", "symbol": "UTHR", "reportedCurrency": "USD", "cik": "0001082554", "fillingDate": "2017-07-27", "acceptedDate": "2017-07-27 06:03:05", "calendarYear": "2017", "period": "Q2", "revenue": 444600000, "costOfRevenue": 18900000, "grossProfit": 425700000, "grossProfitRatio": 0.9574898785, "researchAndDevelopmentExpenses": 59800000, "generalAndAdministrativeExpenses": 51900000, "sellingAndMarketingExpenses": 15500000, "sellingGeneralAndAdministrativeExpenses": 67400000, "otherExpenses": 0, "operatingExpenses": 127200000, "costAndExpenses": 146100000, "interestIncome": 0, "interestExpense": 1400000, "depreciationAndAmortization": 7700000, "ebitda": 306200000, "ebitdaratio": 0.6887089519, "operatingIncome": 88500000, "operatingIncomeRatio": 0.1990553306, "totalOtherIncomeExpensesNet": -44300000, "incomeBeforeTax": 44200000, "incomeBeforeTaxRatio": 0.0994152047, "incomeTaxExpense": 100200000, "netIncome": -56000000, "netIncomeRatio": -0.1259559154, "eps": -1.25, "epsdiluted": -1.25, "weightedAverageShsOut": 44800000, "weightedAverageShsOutDil": 44900000, "link": "https://www.sec.gov/Archives/edgar/data/1082554/000110465917047144/0001104659-17-047144-index.htm", "finalLink": "https://www.sec.gov/Archives/edgar/data/1082554/000110465917047144/a17-13352_110q.htm"}, {"date": "2017-03-31", "symbol": "UTHR", "reportedCurrency": "USD", "cik": "0001082554", "fillingDate": "2017-04-26", "acceptedDate": "2017-04-26 06:03:15", "calendarYear": "2017", "period": "Q1", "revenue": 370500000, "costOfRevenue": 14300000, "grossProfit": 356200000, "grossProfitRatio": 0.9614035088, "researchAndDevelopmentExpenses": 36200000, "generalAndAdministrativeExpenses": 41000000, "sellingAndMarketingExpenses": 15400000, "sellingGeneralAndAdministrativeExpenses": 56400000, "otherExpenses": 800000, "operatingExpenses": 92600000, "costAndExpenses": 106900000, "interestIncome": 0, "interestExpense": 800000, "depreciationAndAmortization": 7900000, "ebitda": 272300000, "ebitdaratio": 0.7349527665, "operatingIncome": 263600000, "operatingIncomeRatio": 0.7114709852, "totalOtherIncomeExpensesNet": 0, "incomeBeforeTax": 263600000, "incomeBeforeTaxRatio": 0.7114709852, "incomeTaxExpense": 85000000, "netIncome": 178600000, "netIncomeRatio": 0.4820512821, "eps": 4.01, "epsdiluted": 3.89, "weightedAverageShsOut": 44500000, "weightedAverageShsOutDil": 45900000, "link": "https://www.sec.gov/Archives/edgar/data/1082554/000110465917026049/0001104659-17-026049-index.htm", "finalLink": "https://www.sec.gov/Archives/edgar/data/1082554/000110465917026049/a17-8898_110q.htm"}, {"date": "2016-12-31", "symbol": "UTHR", "reportedCurrency": "USD", "cik": "0001082554", "fillingDate": "2017-02-22", "acceptedDate": "2017-02-22 06:03:04", "calendarYear": "2016", "period": "Q4", "revenue": 409000000, "costOfRevenue": 28400000, "grossProfit": 380600000, "grossProfitRatio": 0.9305623472, "researchAndDevelopmentExpenses": 66900000, "generalAndAdministrativeExpenses": 110200000, "sellingAndMarketingExpenses": -67100000, "sellingGeneralAndAdministrativeExpenses": 139500000, "otherExpenses": -500000, "operatingExpenses": 206400000, "costAndExpenses": 234800000, "interestIncome": 0, "interestExpense": 2200000, "depreciationAndAmortization": 7800000, "ebitda": 182000000, "ebitdaratio": 0.4449877751, "operatingIncome": 174200000, "operatingIncomeRatio": 0.4259168704, "totalOtherIncomeExpensesNet": -2700000, "incomeBeforeTax": 171500000, "incomeBeforeTaxRatio": 0.4193154034, "incomeTaxExpense": 61200000, "netIncome": 110300000, "netIncomeRatio": 0.2696821516, "eps": 2.61, "epsdiluted": 2.43, "weightedAverageShsOut": 42200000, "weightedAverageShsOutDil": 45400000, "link": "https://www.sec.gov/Archives/edgar/data/1082554/000104746917000802/0001047469-17-000802-index.htm", "finalLink": "https://www.sec.gov/Archives/edgar/data/1082554/000104746917000802/a2230931z10-k.htm"}, {"date": "2016-09-30", "symbol": "UTHR", "reportedCurrency": "USD", "cik": "0001082554", "fillingDate": "2016-10-27", "acceptedDate": "2016-10-27 06:02:29", "calendarYear": "2016", "period": "Q3", "revenue": 408200000, "costOfRevenue": 23600000, "grossProfit": 384600000, "grossProfitRatio": 0.9421852033, "researchAndDevelopmentExpenses": 45900000, "generalAndAdministrativeExpenses": 80000000, "sellingAndMarketingExpenses": 20100000, "sellingGeneralAndAdministrativeExpenses": 100100000, "otherExpenses": 1000000, "operatingExpenses": 146000000, "costAndExpenses": 169600000, "interestIncome": 0, "interestExpense": 500000, "depreciationAndAmortization": 8200000, "ebitda": 247800000, "ebitdaratio": 0.607055365, "operatingIncome": 238600000, "operatingIncomeRatio": 0.5845173934, "totalOtherIncomeExpensesNet": 500000, "incomeBeforeTax": 239100000, "incomeBeforeTaxRatio": 0.5857422832, "incomeTaxExpense": 77300000, "netIncome": 161800000, "netIncomeRatio": 0.3963743263, "eps": 3.75, "epsdiluted": 3.5, "weightedAverageShsOut": 43200000, "weightedAverageShsOutDil": 46200000, "link": "https://www.sec.gov/Archives/edgar/data/1082554/000110465916152292/0001104659-16-152292-index.htm", "finalLink": "https://www.sec.gov/Archives/edgar/data/1082554/000110465916152292/a16-17213_110q.htm"}, {"date": "2016-06-30", "symbol": "UTHR", "reportedCurrency": "USD", "cik": "0001082554", "fillingDate": "2016-07-28", "acceptedDate": "2016-07-28 06:01:57", "calendarYear": "2016", "period": "Q2", "revenue": 412600000, "costOfRevenue": 20000000, "grossProfit": 392600000, "grossProfitRatio": 0.9515269026, "researchAndDevelopmentExpenses": 35200000, "generalAndAdministrativeExpenses": 47500000, "sellingAndMarketingExpenses": 24700000, "sellingGeneralAndAdministrativeExpenses": 72200000, "otherExpenses": 0, "operatingExpenses": 107400000, "costAndExpenses": 127400000, "interestIncome": 0, "interestExpense": 600000, "depreciationAndAmortization": 7900000, "ebitda": 293100000, "ebitdaratio": 0.7103732429, "operatingIncome": 285200000, "operatingIncomeRatio": 0.6912263694, "totalOtherIncomeExpensesNet": 500000, "incomeBeforeTax": 285700000, "incomeBeforeTaxRatio": 0.6924381968, "incomeTaxExpense": 79600000, "netIncome": 206100000, "netIncomeRatio": 0.499515269, "eps": 4.65, "epsdiluted": 4.39, "weightedAverageShsOut": 44300000, "weightedAverageShsOutDil": 46900000, "link": "https://www.sec.gov/Archives/edgar/data/1082554/000110465916134703/0001104659-16-134703-index.htm", "finalLink": "https://www.sec.gov/Archives/edgar/data/1082554/000110465916134703/a16-11612_110q.htm"}, {"date": "2016-03-31", "symbol": "UTHR", "reportedCurrency": "USD", "cik": "0001082554", "fillingDate": "2016-04-28", "acceptedDate": "2016-04-28 06:05:40", "calendarYear": "2016", "period": "Q1", "revenue": 369000000, "costOfRevenue": 700000, "grossProfit": 368300000, "grossProfitRatio": 0.998102981, "researchAndDevelopmentExpenses": -400000, "generalAndAdministrativeExpenses": -17300000, "sellingAndMarketingExpenses": 22300000, "sellingGeneralAndAdministrativeExpenses": 5000000, "otherExpenses": 0, "operatingExpenses": 4600000, "costAndExpenses": 5300000, "interestIncome": 0, "interestExpense": 600000, "depreciationAndAmortization": 7700000, "ebitda": 371400000, "ebitdaratio": 1.006504065, "operatingIncome": 363700000, "operatingIncomeRatio": 0.9856368564, "totalOtherIncomeExpensesNet": 200000, "incomeBeforeTax": 363900000, "incomeBeforeTaxRatio": 0.9861788618, "incomeTaxExpense": 128400000, "netIncome": 235500000, "netIncomeRatio": 0.6382113821, "eps": 5.19, "epsdiluted": 4.84, "weightedAverageShsOut": 45400000, "weightedAverageShsOutDil": 48700000, "link": "https://www.sec.gov/Archives/edgar/data/1082554/000110465916114847/0001104659-16-114847-index.htm", "finalLink": "https://www.sec.gov/Archives/edgar/data/1082554/000110465916114847/a16-6516_110q.htm"}, {"date": "2015-12-31", "symbol": "UTHR", "reportedCurrency": "USD", "cik": "0001082554", "fillingDate": "2016-02-25", "acceptedDate": "2016-02-25 06:07:14", "calendarYear": "2015", "period": "Q4", "revenue": 404875000, "costOfRevenue": 25309000, "grossProfit": 379566000, "grossProfitRatio": 0.9374893486, "researchAndDevelopmentExpenses": 75948000, "generalAndAdministrativeExpenses": 0, "sellingAndMarketingExpenses": 0, "sellingGeneralAndAdministrativeExpenses": 148561000, "otherExpenses": 1521000, "operatingExpenses": 224509000, "costAndExpenses": 249818000, "interestIncome": 0, "interestExpense": 546000, "depreciationAndAmortization": 7961000, "ebitda": 164539000, "ebitdaratio": 0.4063945662, "operatingIncome": 155057000, "operatingIncomeRatio": 0.3829749923, "totalOtherIncomeExpensesNet": 975000, "incomeBeforeTax": 156032000, "incomeBeforeTaxRatio": 0.3853831429, "incomeTaxExpense": 51388000, "netIncome": 104644000, "netIncomeRatio": 0.2584600185, "eps": 2.29, "epsdiluted": 2.1, "weightedAverageShsOut": 45687000, "weightedAverageShsOutDil": 49746000, "link": "https://www.sec.gov/Archives/edgar/data/1082554/000104746916010392/0001047469-16-010392-index.htm", "finalLink": "https://www.sec.gov/Archives/edgar/data/1082554/000104746916010392/a2227374z10-k.htm"}, {"date": "2015-09-30", "symbol": "UTHR", "reportedCurrency": "USD", "cik": "0001082554", "fillingDate": "2015-10-27", "acceptedDate": "2015-10-27 06:01:55", "calendarYear": "2015", "period": "Q3", "revenue": 386221000, "costOfRevenue": 6891000, "grossProfit": 379330000, "grossProfitRatio": 0.9821578837, "researchAndDevelopmentExpenses": 9527000, "generalAndAdministrativeExpenses": 0, "sellingAndMarketingExpenses": 0, "sellingGeneralAndAdministrativeExpenses": -17276000, "otherExpenses": 0, "operatingExpenses": -7749000, "costAndExpenses": -858000, "interestIncome": 0, "interestExpense": 834000, "depreciationAndAmortization": 8248000, "ebitda": 395300000, "ebitdaratio": 1.0235072666, "operatingIncome": 387079000, "operatingIncomeRatio": 1.002221526, "totalOtherIncomeExpensesNet": 349784000, "incomeBeforeTax": 736863000, "incomeBeforeTaxRatio": 1.9078791676, "incomeTaxExpense": 272438000, "netIncome": 464425000, "netIncomeRatio": 1.2024851057, "eps": 10.2, "epsdiluted": 9.24, "weightedAverageShsOut": 45500000, "weightedAverageShsOutDil": 50200000, "link": "https://www.sec.gov/Archives/edgar/data/1082554/000110465915072828/0001104659-15-072828-index.htm", "finalLink": "https://www.sec.gov/Archives/edgar/data/1082554/000110465915072828/a15-17842_110q.htm"}, {"date": "2015-06-30", "symbol": "UTHR", "reportedCurrency": "USD", "cik": "0001082554", "fillingDate": "2015-07-28", "acceptedDate": "2015-07-28 06:04:41", "calendarYear": "2015", "period": "Q2", "revenue": 347161000, "costOfRevenue": 16058000, "grossProfit": 331103000, "grossProfitRatio": 0.9537448043, "researchAndDevelopmentExpenses": 49411000, "generalAndAdministrativeExpenses": 0, "sellingAndMarketingExpenses": 0, "sellingGeneralAndAdministrativeExpenses": 109987000, "otherExpenses": 0, "operatingExpenses": 159398000, "costAndExpenses": 175456000, "interestIncome": 0, "interestExpense": 1296000, "depreciationAndAmortization": 8382000, "ebitda": 180200000, "ebitdaratio": 0.519067522, "operatingIncome": 171705000, "operatingIncomeRatio": 0.4945976075, "totalOtherIncomeExpensesNet": -3400000, "incomeBeforeTax": 168334000, "incomeBeforeTaxRatio": 0.4848874153, "incomeTaxExpense": 69123000, "netIncome": 99211000, "netIncomeRatio": 0.2857780684, "eps": 2.15, "epsdiluted": 1.91, "weightedAverageShsOut": 46100000, "weightedAverageShsOutDil": 51900000, "link": "https://www.sec.gov/Archives/edgar/data/1082554/000110465915053566/0001104659-15-053566-index.htm", "finalLink": "https://www.sec.gov/Archives/edgar/data/1082554/000110465915053566/a15-11913_110q.htm"}, {"date": "2015-03-31", "symbol": "UTHR", "reportedCurrency": "USD", "cik": "0001082554", "fillingDate": "2015-04-28", "acceptedDate": "2015-04-28 06:01:07", "calendarYear": "2015", "period": "Q1", "revenue": 327504000, "costOfRevenue": 20778000, "grossProfit": 306726000, "grossProfitRatio": 0.9365565001, "researchAndDevelopmentExpenses": 110212000, "generalAndAdministrativeExpenses": 0, "sellingAndMarketingExpenses": 0, "sellingGeneralAndAdministrativeExpenses": 211340000, "otherExpenses": 93000, "operatingExpenses": 321552000, "costAndExpenses": 342330000, "interestIncome": 0, "interestExpense": 2059000, "depreciationAndAmortization": 8330000, "ebitda": -6400000, "ebitdaratio": -0.0195417461, "operatingIncome": -14826000, "operatingIncomeRatio": -0.0452696761, "totalOtherIncomeExpensesNet": -2000000, "incomeBeforeTax": -16792000, "incomeBeforeTaxRatio": -0.0512726562, "incomeTaxExpense": -151000, "netIncome": -16641000, "netIncomeRatio": -0.0508115931, "eps": -0.36, "epsdiluted": -0.36, "weightedAverageShsOut": 46111111, "weightedAverageShsOutDil": 46707000, "link": "https://www.sec.gov/Archives/edgar/data/1082554/000110465915030681/0001104659-15-030681-index.htm", "finalLink": "https://www.sec.gov/Archives/edgar/data/1082554/000110465915030681/a15-7003_110q.htm"}, {"date": "2014-12-31", "symbol": "UTHR", "reportedCurrency": "USD", "cik": "0001082554", "fillingDate": "2015-02-24", "acceptedDate": "2015-02-24 06:02:43", "calendarYear": "2014", "period": "Q4", "revenue": 346363000, "costOfRevenue": 15771000, "grossProfit": 330592000, "grossProfitRatio": 0.9544668455, "researchAndDevelopmentExpenses": 71482000, "generalAndAdministrativeExpenses": 59222000, "sellingAndMarketingExpenses": 21312000, "sellingGeneralAndAdministrativeExpenses": 80534000, "otherExpenses": -285000, "operatingExpenses": 152016000, "costAndExpenses": 167787000, "interestIncome": 0, "interestExpense": 3527000, "depreciationAndAmortization": 8932000, "ebitda": 187509000, "ebitdaratio": 0.5413655616, "operatingIncome": 178576000, "operatingIncomeRatio": 0.5155747005, "totalOtherIncomeExpensesNet": -3813000, "incomeBeforeTax": 174764000, "incomeBeforeTaxRatio": 0.504568906, "incomeTaxExpense": 58829000, "netIncome": 115935000, "netIncomeRatio": 0.3347210874, "eps": 2.44, "epsdiluted": 2.17, "weightedAverageShsOut": 47431000, "weightedAverageShsOutDil": 53548000, "link": "https://www.sec.gov/Archives/edgar/data/1082554/000104746915001069/0001047469-15-001069-index.htm", "finalLink": "https://www.sec.gov/Archives/edgar/data/1082554/000104746915001069/a2223076z10-k.htm"}, {"date": "2014-09-30", "symbol": "UTHR", "reportedCurrency": "USD", "cik": "0001082554", "fillingDate": "2014-10-28", "acceptedDate": "2014-10-28 06:01:14", "calendarYear": "2014", "period": "Q3", "revenue": 329950000, "costOfRevenue": 40803000, "grossProfit": 289147000, "grossProfitRatio": 0.8763358085, "researchAndDevelopmentExpenses": 118876000, "generalAndAdministrativeExpenses": 182788000, "sellingAndMarketingExpenses": 19719000, "sellingGeneralAndAdministrativeExpenses": 202507000, "otherExpenses": 1112000, "operatingExpenses": 321383000, "costAndExpenses": 362186000, "interestIncome": 0, "interestExpense": 4709000, "depreciationAndAmortization": 8107000, "ebitda": -23017000, "ebitdaratio": -0.0697590544, "operatingIncome": -32236000, "operatingIncomeRatio": -0.0976996515, "totalOtherIncomeExpensesNet": -3597000, "incomeBeforeTax": -35833000, "incomeBeforeTaxRatio": -0.1086013032, "incomeTaxExpense": -10596000, "netIncome": -25237000, "netIncomeRatio": -0.0764873466, "eps": -0.53, "epsdiluted": -0.53, "weightedAverageShsOut": 47297000, "weightedAverageShsOutDil": 47297000, "link": "https://www.sec.gov/Archives/edgar/data/1082554/000110465914074118/0001104659-14-074118-index.htm", "finalLink": "https://www.sec.gov/Archives/edgar/data/1082554/000110465914074118/a14-19785_110q.htm"}, {"date": "2014-06-30", "symbol": "UTHR", "reportedCurrency": "USD", "cik": "0001082554", "fillingDate": "2014-07-29", "acceptedDate": "2014-07-29 06:01:21", "calendarYear": "2014", "period": "Q2", "revenue": 322802000, "costOfRevenue": 38709000, "grossProfit": 284093000, "grossProfitRatio": 0.8800843861, "researchAndDevelopmentExpenses": 39742000, "generalAndAdministrativeExpenses": 0, "sellingAndMarketingExpenses": 0, "sellingGeneralAndAdministrativeExpenses": 68031000, "otherExpenses": 349000, "operatingExpenses": 107773000, "costAndExpenses": 146482000, "interestIncome": 1110000, "interestExpense": 4746000, "depreciationAndAmortization": 7641000, "ebitda": 183961000, "ebitdaratio": 0.5698880428, "operatingIncome": 176320000, "operatingIncomeRatio": 0.5462171858, "totalOtherIncomeExpensesNet": -3287000, "incomeBeforeTax": 173033000, "incomeBeforeTaxRatio": 0.5360344731, "incomeTaxExpense": 61181000, "netIncome": 111852000, "netIncomeRatio": 0.3465034293, "eps": 2.35, "epsdiluted": 2.1, "weightedAverageShsOut": 47617000, "weightedAverageShsOutDil": 53252000, "link": "https://www.sec.gov/Archives/edgar/data/1082554/000110465914054116/0001104659-14-054116-index.htm", "finalLink": "https://www.sec.gov/Archives/edgar/data/1082554/000110465914054116/a14-14069_110q.htm"}, {"date": "2014-03-31", "symbol": "UTHR", "reportedCurrency": "USD", "cik": "0001082554", "fillingDate": "2014-04-29", "acceptedDate": "2014-04-29 06:01:31", "calendarYear": "2014", "period": "Q1", "revenue": 289403000, "costOfRevenue": 30600000, "grossProfit": 258803000, "grossProfitRatio": 0.8942650905, "researchAndDevelopmentExpenses": 12448000, "generalAndAdministrativeExpenses": 11292000, "sellingAndMarketingExpenses": 18923000, "sellingGeneralAndAdministrativeExpenses": 30215000, "otherExpenses": 0, "operatingExpenses": 42663000, "costAndExpenses": 73263000, "interestIncome": 1232000, "interestExpense": 4610000, "depreciationAndAmortization": 7565000, "ebitda": 223705000, "ebitdaratio": 0.7729878405, "operatingIncome": 216140000, "operatingIncomeRatio": 0.7468478212, "totalOtherIncomeExpensesNet": -2924000, "incomeBeforeTax": 213216000, "incomeBeforeTaxRatio": 0.7367442632, "incomeTaxExpense": 75692000, "netIncome": 137524000, "netIncomeRatio": 0.475198944, "eps": 2.73, "epsdiluted": 2.43, "weightedAverageShsOut": 50402000, "weightedAverageShsOutDil": 56657000, "link": "https://www.sec.gov/Archives/edgar/data/1082554/000110465914031463/0001104659-14-031463-index.htm", "finalLink": "https://www.sec.gov/Archives/edgar/data/1082554/000110465914031463/a14-9644_110q.htm"}, {"date": "2013-12-31", "symbol": "UTHR", "reportedCurrency": "USD", "cik": "0001082554", "fillingDate": "2014-02-25", "acceptedDate": "2014-02-25 06:09:36", "calendarYear": "2013", "period": "Q4", "revenue": 289017000, "costOfRevenue": 38778000, "grossProfit": 250239000, "grossProfitRatio": 0.8658279617, "researchAndDevelopmentExpenses": 121552000, "generalAndAdministrativeExpenses": 0, "sellingAndMarketingExpenses": 0, "sellingGeneralAndAdministrativeExpenses": 157178000, "otherExpenses": 312000, "operatingExpenses": 278730000, "costAndExpenses": 317508000, "interestIncome": 1111000, "interestExpense": 4562000, "depreciationAndAmortization": 7753000, "ebitda": -20738000, "ebitdaratio": -0.0717535647, "operatingIncome": -28491000, "operatingIncomeRatio": -0.0985789763, "totalOtherIncomeExpensesNet": -3139000, "incomeBeforeTax": -31630000, "incomeBeforeTaxRatio": -0.1094399291, "incomeTaxExpense": -1316000, "netIncome": -30314000, "netIncomeRatio": -0.1048865638, "eps": -0.61, "epsdiluted": -0.6, "weightedAverageShsOut": 50097090, "weightedAverageShsOutDil": 50281000, "link": "https://www.sec.gov/Archives/edgar/data/1082554/000104746914001267/0001047469-14-001267-index.htm", "finalLink": "https://www.sec.gov/Archives/edgar/data/1082554/000104746914001267/a2218268z10-k.htm"}, {"date": "2013-09-30", "symbol": "UTHR", "reportedCurrency": "USD", "cik": "0001082554", "fillingDate": "2013-10-29", "acceptedDate": "2013-10-29 06:06:35", "calendarYear": "2013", "period": "Q3", "revenue": 302225000, "costOfRevenue": 30716000, "grossProfit": 271509000, "grossProfitRatio": 0.8983671106, "researchAndDevelopmentExpenses": 72749000, "generalAndAdministrativeExpenses": 0, "sellingAndMarketingExpenses": 0, "sellingGeneralAndAdministrativeExpenses": 94111000, "otherExpenses": 202000, "operatingExpenses": 166860000, "costAndExpenses": 197576000, "interestIncome": 868000, "interestExpense": 4540000, "depreciationAndAmortization": 7661000, "ebitda": 112310000, "ebitdaratio": 0.3716105551, "operatingIncome": 104649000, "operatingIncomeRatio": 0.346261891, "totalOtherIncomeExpensesNet": -3470000, "incomeBeforeTax": 101179000, "incomeBeforeTaxRatio": 0.3347803789, "incomeTaxExpense": 38494000, "netIncome": 62685000, "netIncomeRatio": 0.2074116966, "eps": 1.25, "epsdiluted": 1.17, "weightedAverageShsOut": 50014000, "weightedAverageShsOutDil": 53688000, "link": "https://www.sec.gov/Archives/edgar/data/1082554/000110465913078504/0001104659-13-078504-index.htm", "finalLink": "https://www.sec.gov/Archives/edgar/data/1082554/000110465913078504/a13-19630_110q.htm"}, {"date": "2013-06-30", "symbol": "UTHR", "reportedCurrency": "USD", "cik": "0001082554", "fillingDate": "2013-07-25", "acceptedDate": "2013-07-25 06:05:48", "calendarYear": "2013", "period": "Q2", "revenue": 280606000, "costOfRevenue": 32320000, "grossProfit": 248286000, "grossProfitRatio": 0.8848207095, "researchAndDevelopmentExpenses": 54617000, "generalAndAdministrativeExpenses": 0, "sellingAndMarketingExpenses": 0, "sellingGeneralAndAdministrativeExpenses": 71365000, "otherExpenses": -62000, "operatingExpenses": 125982000, "costAndExpenses": 158302000, "interestIncome": 869000, "interestExpense": 4520000, "depreciationAndAmortization": 7680000, "ebitda": 130719000, "ebitdaratio": 0.465845349, "operatingIncome": 122304000, "operatingIncomeRatio": 0.4358566816, "totalOtherIncomeExpensesNet": -3785000, "incomeBeforeTax": 118519000, "incomeBeforeTaxRatio": 0.4223680178, "incomeTaxExpense": 38655000, "netIncome": 79864000, "netIncomeRatio": 0.2846125885, "eps": 1.6, "epsdiluted": 1.52, "weightedAverageShsOut": 49800000, "weightedAverageShsOutDil": 52648000, "link": "https://www.sec.gov/Archives/edgar/data/1082554/000110465913056414/0001104659-13-056414-index.htm", "finalLink": "https://www.sec.gov/Archives/edgar/data/1082554/000110465913056414/a13-13749_110q.htm"}, {"date": "2013-03-31", "symbol": "UTHR", "reportedCurrency": "USD", "cik": "0001082554", "fillingDate": "2013-04-25", "acceptedDate": "2013-04-25 06:05:20", "calendarYear": "2013", "period": "Q1", "revenue": 245136000, "costOfRevenue": 29313000, "grossProfit": 215823000, "grossProfitRatio": 0.8804214803, "researchAndDevelopmentExpenses": 50430000, "generalAndAdministrativeExpenses": 53968000, "sellingAndMarketingExpenses": 17388000, "sellingGeneralAndAdministrativeExpenses": 71356000, "otherExpenses": 302000, "operatingExpenses": 121786000, "costAndExpenses": 151099000, "interestIncome": 979000, "interestExpense": 4436000, "depreciationAndAmortization": 8165000, "ebitda": 103436000, "ebitdaratio": 0.4219535278, "operatingIncome": 94037000, "operatingIncomeRatio": 0.3836115462, "totalOtherIncomeExpensesNet": -3202000, "incomeBeforeTax": 90835000, "incomeBeforeTaxRatio": 0.3705494093, "incomeTaxExpense": 28510000, "netIncome": 62325000, "netIncomeRatio": 0.2542466223, "eps": 1.24, "epsdiluted": 1.19, "weightedAverageShsOut": 50209000, "weightedAverageShsOutDil": 52376000, "link": "https://www.sec.gov/Archives/edgar/data/1082554/000110465913032623/0001104659-13-032623-index.htm", "finalLink": "https://www.sec.gov/Archives/edgar/data/1082554/000110465913032623/a13-8428_110q.htm"}, {"date": "2012-12-31", "symbol": "UTHR", "reportedCurrency": "USD", "cik": "0001082554", "fillingDate": "2013-02-26", "acceptedDate": "2013-02-26 06:15:09", "calendarYear": "2012", "period": "Q4", "revenue": 243817000, "costOfRevenue": 37665000, "grossProfit": 206152000, "grossProfitRatio": 0.8455193854, "researchAndDevelopmentExpenses": 37476000, "generalAndAdministrativeExpenses": 0, "sellingAndMarketingExpenses": 0, "sellingGeneralAndAdministrativeExpenses": 40073000, "otherExpenses": 0, "operatingExpenses": 77549000, "costAndExpenses": 115214000, "interestIncome": 716000, "interestExpense": 4490000, "depreciationAndAmortization": 7290000, "ebitda": 136732000, "ebitdaratio": 0.5607976474, "operatingIncome": 128603000, "operatingIncomeRatio": 0.5274570682, "totalOtherIncomeExpensesNet": -3651000, "incomeBeforeTax": 124952000, "incomeBeforeTaxRatio": 0.5124827227, "incomeTaxExpense": 41697000, "netIncome": 83255000, "netIncomeRatio": 0.3414651152, "eps": 1.66, "epsdiluted": 1.59, "weightedAverageShsOut": 50209000, "weightedAverageShsOutDil": 52376000, "link": "https://www.sec.gov/Archives/edgar/data/1082554/000104746913001660/0001047469-13-001660-index.htm", "finalLink": "https://www.sec.gov/Archives/edgar/data/1082554/000104746913001660/a2213006z10-k.htm"}, {"date": "2012-09-30", "symbol": "UTHR", "reportedCurrency": "USD", "cik": "0001082554", "fillingDate": "2012-11-01", "acceptedDate": "2012-11-01 06:01:41", "calendarYear": "2012", "period": "Q3", "revenue": 242468000, "costOfRevenue": 27968000, "grossProfit": 214500000, "grossProfitRatio": 0.8846528202, "researchAndDevelopmentExpenses": 65155000, "generalAndAdministrativeExpenses": 0, "sellingAndMarketingExpenses": 0, "sellingGeneralAndAdministrativeExpenses": 68626000, "otherExpenses": 0, "operatingExpenses": 133781000, "costAndExpenses": 161749000, "interestIncome": 1138000, "interestExpense": 4384000, "depreciationAndAmortization": 6915000, "ebitda": 119792000, "ebitdaratio": 0.4940528235, "operatingIncome": 80719000, "operatingIncomeRatio": 0.3329057855, "totalOtherIncomeExpensesNet": 27774000, "incomeBeforeTax": 108493000, "incomeBeforeTaxRatio": 0.4474528598, "incomeTaxExpense": 30382000, "netIncome": 78111000, "netIncomeRatio": 0.322149727, "eps": 1.52, "epsdiluted": 1.46, "weightedAverageShsOut": 51514000, "weightedAverageShsOutDil": 53590000, "link": "https://www.sec.gov/Archives/edgar/data/1082554/000110465912072859/0001104659-12-072859-index.htm", "finalLink": "https://www.sec.gov/Archives/edgar/data/1082554/000110465912072859/a12-19899_110q.htm"}, {"date": "2012-06-30", "symbol": "UTHR", "reportedCurrency": "USD", "cik": "0001082554", "fillingDate": "2012-07-26", "acceptedDate": "2012-07-26 06:10:27", "calendarYear": "2012", "period": "Q2", "revenue": 225577000, "costOfRevenue": 29633000, "grossProfit": 195944000, "grossProfitRatio": 0.8686346569, "researchAndDevelopmentExpenses": 37099000, "generalAndAdministrativeExpenses": 0, "sellingAndMarketingExpenses": 0, "sellingGeneralAndAdministrativeExpenses": 53258000, "otherExpenses": 0, "operatingExpenses": 90357000, "costAndExpenses": 119990000, "interestIncome": 1055000, "interestExpense": 3879000, "depreciationAndAmortization": 6292000, "ebitda": 113461000, "ebitdaratio": 0.5029812437, "operatingIncome": 105587000, "operatingIncomeRatio": 0.4680752027, "totalOtherIncomeExpensesNet": -2297000, "incomeBeforeTax": 103290000, "incomeBeforeTaxRatio": 0.457892427, "incomeTaxExpense": 30974000, "netIncome": 72316000, "netIncomeRatio": 0.3205823289, "eps": 1.37, "epsdiluted": 1.34, "weightedAverageShsOut": 52747000, "weightedAverageShsOutDil": 53942000, "link": "https://www.sec.gov/Archives/edgar/data/1082554/000110465912051143/0001104659-12-051143-index.htm", "finalLink": "https://www.sec.gov/Archives/edgar/data/1082554/000110465912051143/a12-13687_110q.htm"}, {"date": "2012-03-31", "symbol": "UTHR", "reportedCurrency": "USD", "cik": "0001082554", "fillingDate": "2012-04-26", "acceptedDate": "2012-04-26 06:11:18", "calendarYear": "2012", "period": "Q1", "revenue": 204214000, "costOfRevenue": 24031000, "grossProfit": 180183000, "grossProfitRatio": 0.8823244244, "researchAndDevelopmentExpenses": 33657000, "generalAndAdministrativeExpenses": 0, "sellingAndMarketingExpenses": 0, "sellingGeneralAndAdministrativeExpenses": 39789000, "otherExpenses": 0, "operatingExpenses": 73446000, "costAndExpenses": 97477000, "interestIncome": 1033000, "interestExpense": 3886000, "depreciationAndAmortization": 6648000, "ebitda": 114470000, "ebitdaratio": 0.5605394341, "operatingIncome": 106737000, "operatingIncomeRatio": 0.5226722947, "totalOtherIncomeExpensesNet": -2801000, "incomeBeforeTax": 103936000, "incomeBeforeTaxRatio": 0.5089562909, "incomeTaxExpense": 33176000, "netIncome": 70760000, "netIncomeRatio": 0.3464992606, "eps": 1.32, "epsdiluted": 1.29, "weightedAverageShsOut": 53631000, "weightedAverageShsOutDil": 55009000, "link": "https://www.sec.gov/Archives/edgar/data/1082554/000110465912028569/0001104659-12-028569-index.htm", "finalLink": "https://www.sec.gov/Archives/edgar/data/1082554/000110465912028569/a12-7256_110q.htm"}, {"date": "2011-12-31", "symbol": "UTHR", "reportedCurrency": "USD", "cik": "0001082554", "fillingDate": "2012-02-28", "acceptedDate": "2012-02-27 20:18:30", "calendarYear": "2011", "period": "Q4", "revenue": 195178000, "costOfRevenue": 25327000, "grossProfit": 169851000, "grossProfitRatio": 0.8702363996, "researchAndDevelopmentExpenses": 48636000, "generalAndAdministrativeExpenses": 0, "sellingAndMarketingExpenses": 0, "sellingGeneralAndAdministrativeExpenses": 57707000, "otherExpenses": 0, "operatingExpenses": 106343000, "costAndExpenses": 131670000, "interestIncome": 930000, "interestExpense": 5111000, "depreciationAndAmortization": 4898000, "ebitda": 69999000, "ebitdaratio": 0.3586418551, "operatingIncome": 63508000, "operatingIncomeRatio": 0.3253850331, "totalOtherIncomeExpensesNet": -3518000, "incomeBeforeTax": 59990000, "incomeBeforeTaxRatio": 0.3073604607, "incomeTaxExpense": 16801000, "netIncome": 43189000, "netIncomeRatio": 0.2212800623, "eps": 0.81, "epsdiluted": 0.79, "weightedAverageShsOut": 53631000, "weightedAverageShsOutDil": 55009000, "link": "https://www.sec.gov/Archives/edgar/data/1082554/000104746912001646/0001047469-12-001646-index.htm", "finalLink": "https://www.sec.gov/Archives/edgar/data/1082554/000104746912001646/a2207475z10-k.htm"}, {"date": "2011-09-30", "symbol": "UTHR", "reportedCurrency": "USD", "cik": "0001082554", "fillingDate": "2011-10-27", "acceptedDate": "2011-10-27 07:01:14", "calendarYear": "2011", "period": "Q3", "revenue": 201742000, "costOfRevenue": 22676000, "grossProfit": 179066000, "grossProfitRatio": 0.8875990126, "researchAndDevelopmentExpenses": 59433000, "generalAndAdministrativeExpenses": 0, "sellingAndMarketingExpenses": 0, "sellingGeneralAndAdministrativeExpenses": 16656000, "otherExpenses": 0, "operatingExpenses": 76089000, "costAndExpenses": 98765000, "interestIncome": 1016000, "interestExpense": 5416000, "depreciationAndAmortization": 4991000, "ebitda": 108663000, "ebitdaratio": 0.5386235885, "operatingIncome": 102977000, "operatingIncomeRatio": 0.5104390757, "totalOtherIncomeExpensesNet": -4721000, "incomeBeforeTax": 98256000, "incomeBeforeTaxRatio": 0.4870378999, "incomeTaxExpense": 17641000, "netIncome": 84398000, "netIncomeRatio": 0.4183462046, "eps": 1.45, "epsdiluted": 1.38, "weightedAverageShsOut": 58321000, "weightedAverageShsOutDil": 61210000, "link": "https://www.sec.gov/Archives/edgar/data/1082554/000110465911058199/0001104659-11-058199-index.htm", "finalLink": "https://www.sec.gov/Archives/edgar/data/1082554/000110465911058199/a11-25655_110q.htm"}, {"date": "2011-06-30", "symbol": "UTHR", "reportedCurrency": "USD", "cik": "0001082554", "fillingDate": "2011-07-28", "acceptedDate": "2011-07-28 07:01:30", "calendarYear": "2011", "period": "Q2", "revenue": 183751000, "costOfRevenue": 21162000, "grossProfit": 162589000, "grossProfitRatio": 0.8848332798, "researchAndDevelopmentExpenses": 24240000, "generalAndAdministrativeExpenses": 0, "sellingAndMarketingExpenses": 0, "sellingGeneralAndAdministrativeExpenses": 23856000, "otherExpenses": 21162000, "operatingExpenses": 26934000, "costAndExpenses": 48096000, "interestIncome": 839000, "interestExpense": 5431000, "depreciationAndAmortization": 4837000, "ebitda": 119882000, "ebitdaratio": 0.6524154971, "operatingIncome": 135655000, "operatingIncomeRatio": 0.7382544857, "totalOtherIncomeExpensesNet": -4879000, "incomeBeforeTax": 109614000, "incomeBeforeTaxRatio": 0.5965355291, "incomeTaxExpense": 35723000, "netIncome": 73891000, "netIncomeRatio": 0.4021257027, "eps": 1.27, "epsdiluted": 1.18, "weightedAverageShsOut": 58180000, "weightedAverageShsOutDil": 62756000, "link": "https://www.sec.gov/Archives/edgar/data/1082554/000110465911041272/0001104659-11-041272-index.htm", "finalLink": "https://www.sec.gov/Archives/edgar/data/1082554/000110465911041272/a11-13843_110q.htm"}, {"date": "2011-03-31", "symbol": "UTHR", "reportedCurrency": "USD", "cik": "0001082554", "fillingDate": "2011-04-28", "acceptedDate": "2011-04-28 07:02:50", "calendarYear": "2011", "period": "Q1", "revenue": 165619000, "costOfRevenue": 21471000, "grossProfit": 144148000, "grossProfitRatio": 0.8703590772, "researchAndDevelopmentExpenses": 48030000, "generalAndAdministrativeExpenses": 0, "sellingAndMarketingExpenses": 0, "sellingGeneralAndAdministrativeExpenses": 59235000, "otherExpenses": 0, "operatingExpenses": 107265000, "costAndExpenses": 128736000, "interestIncome": 666000, "interestExpense": 5413000, "depreciationAndAmortization": 5809000, "ebitda": 43282000, "ebitdaratio": 0.2613347502, "operatingIncome": 36883000, "operatingIncomeRatio": 0.2226978789, "totalOtherIncomeExpensesNet": -4820000, "incomeBeforeTax": 26826000, "incomeBeforeTaxRatio": 0.1619741696, "incomeTaxExpense": 10436000, "netIncome": 16390000, "netIncomeRatio": 0.0989620756, "eps": 0.28, "epsdiluted": 0.26, "weightedAverageShsOut": 57753000, "weightedAverageShsOutDil": 62623000, "link": "https://www.sec.gov/Archives/edgar/data/1082554/000110465911023139/0001104659-11-023139-index.htm", "finalLink": "https://www.sec.gov/Archives/edgar/data/1082554/000110465911023139/a11-8826_110q.htm"}, {"date": "2010-12-31", "symbol": "UTHR", "reportedCurrency": "USD", "cik": "0001082554", "fillingDate": "2011-02-24", "acceptedDate": "2011-02-24 07:03:13", "calendarYear": "2010", "period": "Q4", "revenue": 166477000, "costOfRevenue": 20173000, "grossProfit": 146304000, "grossProfitRatio": 0.8788241018, "researchAndDevelopmentExpenses": 62255000, "generalAndAdministrativeExpenses": 0, "sellingAndMarketingExpenses": 0, "sellingGeneralAndAdministrativeExpenses": 74998000, "otherExpenses": 0, "operatingExpenses": 137253000, "costAndExpenses": 157426000, "interestIncome": 629000, "interestExpense": 5459000, "depreciationAndAmortization": 3739000, "ebitda": 13703000, "ebitdaratio": 0.0823116707, "operatingIncome": 9051000, "operatingIncomeRatio": 0.0543678706, "totalOtherIncomeExpensesNet": -4546000, "incomeBeforeTax": 4505000, "incomeBeforeTaxRatio": 0.0270607952, "incomeTaxExpense": -5039000, "netIncome": 9544000, "netIncomeRatio": 0.0573292407, "eps": 0.17, "epsdiluted": 0.15, "weightedAverageShsOut": 57753000, "weightedAverageShsOutDil": 62623000, "link": "https://www.sec.gov/Archives/edgar/data/1082554/000104746911001229/0001047469-11-001229-index.htm", "finalLink": "https://www.sec.gov/Archives/edgar/data/1082554/000104746911001229/a2202121z10-k.htm"}, {"date": "2010-09-30", "symbol": "UTHR", "reportedCurrency": "USD", "cik": "0001082554", "fillingDate": "2010-10-28", "acceptedDate": "2010-10-28 07:02:57", "calendarYear": "2010", "period": "Q3", "revenue": 170983000, "costOfRevenue": 21722000, "grossProfit": 149261000, "grossProfitRatio": 0.8729581303, "researchAndDevelopmentExpenses": 40691000, "generalAndAdministrativeExpenses": 0, "sellingAndMarketingExpenses": 0, "sellingGeneralAndAdministrativeExpenses": 46689000, "otherExpenses": 0, "operatingExpenses": 87380000, "costAndExpenses": 109102000, "interestIncome": 564000, "interestExpense": 4809000, "depreciationAndAmortization": 5028000, "ebitda": 68180000, "ebitdaratio": 0.3987530924, "operatingIncome": 61881000, "operatingIncomeRatio": 0.3619131727, "totalOtherIncomeExpensesNet": -3538000, "incomeBeforeTax": 57734000, "incomeBeforeTaxRatio": 0.3376592995, "incomeTaxExpense": 17998000, "netIncome": 39736000, "netIncomeRatio": 0.2323973728, "eps": 0.7, "epsdiluted": 0.66, "weightedAverageShsOut": 56536000, "weightedAverageShsOutDil": 60216000, "link": "https://www.sec.gov/Archives/edgar/data/1082554/000110465910054144/0001104659-10-054144-index.htm", "finalLink": "https://www.sec.gov/Archives/edgar/data/1082554/000110465910054144/a10-17308_110q.htm"}]