[{"date": "2025-04-30", "symbol": "DOCU", "reportedCurrency": "USD", "cik": "0001261333", "fillingDate": "2025-06-06", "acceptedDate": "2025-06-06 16:06:36", "calendarYear": "2026", "period": "Q1", "revenue": 763654000, "costOfRevenue": 157269000, "grossProfit": 606385000, "grossProfitRatio": 0.7940572563, "researchAndDevelopmentExpenses": 159447000, "generalAndAdministrativeExpenses": 90270000, "sellingAndMarketingExpenses": 296413000, "sellingGeneralAndAdministrativeExpenses": 386683000, "otherExpenses": 0, "operatingExpenses": 546130000, "costAndExpenses": 703399000, "interestIncome": 14013000, "interestExpense": 478000, "depreciationAndAmortization": 30369000, "ebitda": 104637000, "ebitdaratio": 0.1370214783, "operatingIncome": 60255000, "operatingIncomeRatio": 0.0789035348, "totalOtherIncomeExpensesNet": 13535000, "incomeBeforeTax": 73790000, "incomeBeforeTaxRatio": 0.0966275303, "incomeTaxExpense": 1703000, "netIncome": 72087000, "netIncomeRatio": 0.0943974627, "eps": 0.35, "epsdiluted": 0.34, "weightedAverageShsOut": 203280000, "weightedAverageShsOutDil": 212812000, "link": "https://www.sec.gov/Archives/edgar/data/1261333/000126133325000075/0001261333-25-000075-index.htm", "finalLink": "https://www.sec.gov/Archives/edgar/data/1261333/000126133325000075/docu-20250430.htm"}, {"date": "2025-01-31", "symbol": "DOCU", "reportedCurrency": "USD", "cik": "0001261333", "fillingDate": "2025-03-18", "acceptedDate": "2025-03-18 16:13:20", "calendarYear": "2025", "period": "Q4", "revenue": 776252000, "costOfRevenue": 160211000, "grossProfit": 616041000, "grossProfitRatio": 0.7936095495, "researchAndDevelopmentExpenses": 155463000, "generalAndAdministrativeExpenses": 98821000, "sellingAndMarketingExpenses": 301288000, "sellingGeneralAndAdministrativeExpenses": 400109000, "otherExpenses": 0, "operatingExpenses": 555572000, "costAndExpenses": 715783000, "interestIncome": 7818000, "interestExpense": 400000, "depreciationAndAmortization": 28707000, "ebitda": 96594000, "ebitdaratio": 0.1244363944, "operatingIncome": 60469000, "operatingIncomeRatio": 0.0778986721, "totalOtherIncomeExpensesNet": 7418000, "incomeBeforeTax": 67887000, "incomeBeforeTaxRatio": 0.0874548471, "incomeTaxExpense": -15604000, "netIncome": 83491000, "netIncomeRatio": 0.1075565667, "eps": 0.41, "epsdiluted": 0.39, "weightedAverageShsOut": 203299000, "weightedAverageShsOutDil": 210339000, "link": "https://www.sec.gov/Archives/edgar/data/1261333/000126133325000024/0001261333-25-000024-index.htm", "finalLink": "https://www.sec.gov/Archives/edgar/data/1261333/000126133325000024/docu-20250131.htm"}, {"date": "2024-10-31", "symbol": "DOCU", "reportedCurrency": "USD", "cik": "0001261333", "fillingDate": "2024-12-06", "acceptedDate": "2024-12-06 16:05:52", "calendarYear": "2025", "period": "Q3", "revenue": 754820000, "costOfRevenue": 156537000, "grossProfit": 598283000, "grossProfitRatio": 0.7926167828, "researchAndDevelopmentExpenses": 151101000, "generalAndAdministrativeExpenses": 97555000, "sellingAndMarketingExpenses": 290597000, "sellingGeneralAndAdministrativeExpenses": 388152000, "otherExpenses": 0, "operatingExpenses": 539253000, "costAndExpenses": 695790000, "interestIncome": 13006000, "interestExpense": 462000, "depreciationAndAmortization": 27569000, "ebitda": 99605000, "ebitdaratio": 0.1319586126, "operatingIncome": 59030000, "operatingIncomeRatio": 0.0782040751, "totalOtherIncomeExpensesNet": 12544000, "incomeBeforeTax": 71574000, "incomeBeforeTaxRatio": 0.0948226067, "incomeTaxExpense": 9151000, "netIncome": 62423000, "netIncomeRatio": 0.0826991866, "eps": 0.31, "epsdiluted": 0.3, "weightedAverageShsOut": 203567000, "weightedAverageShsOutDil": 208706000, "link": "https://www.sec.gov/Archives/edgar/data/1261333/000126133324000151/0001261333-24-000151-index.htm", "finalLink": "https://www.sec.gov/Archives/edgar/data/1261333/000126133324000151/docu-20241031.htm"}, {"date": "2024-07-31", "symbol": "DOCU", "reportedCurrency": "USD", "cik": "0001261333", "fillingDate": "2024-09-06", "acceptedDate": "2024-09-06 16:06:21", "calendarYear": "2025", "period": "Q2", "revenue": 736027000, "costOfRevenue": 155465000, "grossProfit": 580562000, "grossProfitRatio": 0.7887781291, "researchAndDevelopmentExpenses": 147571000, "generalAndAdministrativeExpenses": 87129000, "sellingAndMarketingExpenses": 287464000, "sellingGeneralAndAdministrativeExpenses": 374593000, "otherExpenses": 0, "operatingExpenses": 522164000, "costAndExpenses": 677629000, "interestIncome": 14630000, "interestExpense": 544000, "depreciationAndAmortization": 27022000, "ebitda": 99453000, "ebitdaratio": 0.1351214018, "operatingIncome": 57801000, "operatingIncomeRatio": 0.0785310865, "totalOtherIncomeExpensesNet": 14086000, "incomeBeforeTax": 71887000, "incomeBeforeTaxRatio": 0.0976689714, "incomeTaxExpense": -816324000, "netIncome": 888211000, "netIncomeRatio": 1.206764154, "eps": 4.34, "epsdiluted": 4.26, "weightedAverageShsOut": 204604000, "weightedAverageShsOutDil": 208274000, "link": "https://www.sec.gov/Archives/edgar/data/1261333/000126133324000121/0001261333-24-000121-index.htm", "finalLink": "https://www.sec.gov/Archives/edgar/data/1261333/000126133324000121/docu-20240731.htm"}, {"date": "2024-04-30", "symbol": "DOCU", "reportedCurrency": "USD", "cik": "0001261333", "fillingDate": "2024-06-07", "acceptedDate": "2024-06-07 16:37:57", "calendarYear": "2025", "period": "Q1", "revenue": 709640000, "costOfRevenue": 152075000, "grossProfit": 557565000, "grossProfitRatio": 0.7857012006, "researchAndDevelopmentExpenses": 134320000, "generalAndAdministrativeExpenses": 92478000, "sellingAndMarketingExpenses": 281644000, "sellingGeneralAndAdministrativeExpenses": 371493000, "otherExpenses": 0, "operatingExpenses": 505813000, "costAndExpenses": 657888000, "interestIncome": 14109000, "interestExpense": 144000, "depreciationAndAmortization": 24506000, "ebitda": 76258000, "ebitdaratio": 0.1074601206, "operatingIncome": 51752000, "operatingIncomeRatio": 0.072927118, "totalOtherIncomeExpensesNet": 13965000, "incomeBeforeTax": 36593000, "incomeBeforeTaxRatio": 0.0515655825, "incomeTaxExpense": 2833000, "netIncome": 33760000, "netIncomeRatio": 0.0475734175, "eps": 0.16, "epsdiluted": 0.16, "weightedAverageShsOut": 205870000, "weightedAverageShsOutDil": 209896000, "link": "https://www.sec.gov/Archives/edgar/data/1261333/000126133324000087/0001261333-24-000087-index.htm", "finalLink": "https://www.sec.gov/Archives/edgar/data/1261333/000126133324000087/docu-20240430.htm"}, {"date": "2024-01-31", "symbol": "DOCU", "reportedCurrency": "USD", "cik": "0001261333", "fillingDate": "2024-03-21", "acceptedDate": "2024-03-21 16:30:09", "calendarYear": "2024", "period": "Q4", "revenue": 712386000, "costOfRevenue": 147907000, "grossProfit": 564479000, "grossProfitRatio": 0.7923780086, "researchAndDevelopmentExpenses": 151524000, "generalAndAdministrativeExpenses": 102711000, "sellingAndMarketingExpenses": 300221000, "sellingGeneralAndAdministrativeExpenses": 402932000, "otherExpenses": 0, "operatingExpenses": 554456000, "costAndExpenses": 702363000, "interestIncome": 21516000, "interestExpense": 1709000, "depreciationAndAmortization": 23633000, "ebitda": 55084000, "ebitdaratio": 0.0773232489, "operatingIncome": 9935000, "operatingIncomeRatio": 0.013946091, "totalOtherIncomeExpensesNet": 19807000, "incomeBeforeTax": 29742000, "incomeBeforeTaxRatio": 0.0417498379, "incomeTaxExpense": 2501000, "netIncome": 27241000, "netIncomeRatio": 0.0382391007, "eps": 0.13, "epsdiluted": 0.13, "weightedAverageShsOut": 205514000, "weightedAverageShsOutDil": 209581000, "link": "https://www.sec.gov/Archives/edgar/data/1261333/000126133324000045/0001261333-24-000045-index.htm", "finalLink": "https://www.sec.gov/Archives/edgar/data/1261333/000126133324000045/docu-20240131.htm"}, {"date": "2023-10-31", "symbol": "DOCU", "reportedCurrency": "USD", "cik": "0001261333", "fillingDate": "2023-12-08", "acceptedDate": "2023-12-08 17:15:23", "calendarYear": "2024", "period": "Q3", "revenue": 700421000, "costOfRevenue": 142645000, "grossProfit": 557776000, "grossProfitRatio": 0.7963439132, "researchAndDevelopmentExpenses": 136640000, "generalAndAdministrativeExpenses": 108215000, "sellingAndMarketingExpenses": 292473000, "sellingGeneralAndAdministrativeExpenses": 400688000, "otherExpenses": 0, "operatingExpenses": 537328000, "costAndExpenses": 679973000, "interestIncome": 17673000, "interestExpense": 1577000, "depreciationAndAmortization": 23324000, "ebitda": 60735000, "ebitdaratio": 0.0867121346, "operatingIncome": 19738000, "operatingIncomeRatio": 0.0281801945, "totalOtherIncomeExpensesNet": 16096000, "incomeBeforeTax": 35834000, "incomeBeforeTaxRatio": 0.0511606591, "incomeTaxExpense": -2971000, "netIncome": 38805000, "netIncomeRatio": 0.0554023937, "eps": 0.19, "epsdiluted": 0.19, "weightedAverageShsOut": 204456000, "weightedAverageShsOutDil": 208054000, "link": "https://www.sec.gov/Archives/edgar/data/1261333/000126133323000103/0001261333-23-000103-index.htm", "finalLink": "https://www.sec.gov/Archives/edgar/data/1261333/000126133323000103/docu-20231031.htm"}, {"date": "2023-07-31", "symbol": "DOCU", "reportedCurrency": "USD", "cik": "0001261333", "fillingDate": "2023-09-07", "acceptedDate": "2023-09-07 17:21:17", "calendarYear": "2024", "period": "Q2", "revenue": 687687000, "costOfRevenue": 145582000, "grossProfit": 542105000, "grossProfitRatio": 0.7883019455, "researchAndDevelopmentExpenses": 135960000, "generalAndAdministrativeExpenses": 155447000, "sellingAndMarketingExpenses": 243275000, "sellingGeneralAndAdministrativeExpenses": 398722000, "otherExpenses": 0, "operatingExpenses": 534682000, "costAndExpenses": 680264000, "interestIncome": 17455000, "interestExpense": 1592000, "depreciationAndAmortization": 25238000, "ebitda": 49305000, "ebitdaratio": 0.0716968621, "operatingIncome": 6612000, "operatingIncomeRatio": 0.0096148393, "totalOtherIncomeExpensesNet": 15863000, "incomeBeforeTax": 22475000, "incomeBeforeTaxRatio": 0.0326820196, "incomeTaxExpense": 15080000, "netIncome": 7395000, "netIncomeRatio": 0.0107534387, "eps": 0.04, "epsdiluted": 0.04, "weightedAverageShsOut": 203703000, "weightedAverageShsOutDil": 208192000, "link": "https://www.sec.gov/Archives/edgar/data/1261333/000126133323000079/0001261333-23-000079-index.htm", "finalLink": "https://www.sec.gov/Archives/edgar/data/1261333/000126133323000079/docu-20230731.htm"}, {"date": "2023-04-30", "symbol": "DOCU", "reportedCurrency": "USD", "cik": "0001261333", "fillingDate": "2023-06-08", "acceptedDate": "2023-06-08 17:10:43", "calendarYear": "2024", "period": "Q1", "revenue": 661388000, "costOfRevenue": 136487000, "grossProfit": 524901000, "grossProfitRatio": 0.7936355059, "researchAndDevelopmentExpenses": 115364000, "generalAndAdministrativeExpenses": 104811000, "sellingAndMarketingExpenses": 280605000, "sellingGeneralAndAdministrativeExpenses": 385416000, "otherExpenses": 0, "operatingExpenses": 500780000, "costAndExpenses": 637267000, "interestIncome": 12245000, "interestExpense": 1966000, "depreciationAndAmortization": 22867000, "ebitda": 30461000, "ebitdaratio": 0.0460561728, "operatingIncome": -4651000, "operatingIncomeRatio": -0.0070321808, "totalOtherIncomeExpensesNet": 10279000, "incomeBeforeTax": 5628000, "incomeBeforeTaxRatio": 0.0085093772, "incomeTaxExpense": 5089000, "netIncome": 539000, "netIncomeRatio": 0.0008149528, "eps": 0.0044, "epsdiluted": 0.0043, "weightedAverageShsOut": 202631000, "weightedAverageShsOutDil": 208071000, "link": "https://www.sec.gov/Archives/edgar/data/1261333/000126133323000070/0001261333-23-000070-index.htm", "finalLink": "https://www.sec.gov/Archives/edgar/data/1261333/000126133323000070/docu-20230430.htm"}, {"date": "2023-01-31", "symbol": "DOCU", "reportedCurrency": "USD", "cik": "0001261333", "fillingDate": "2023-03-27", "acceptedDate": "2023-03-27 10:45:30", "calendarYear": "2023", "period": "Q4", "revenue": 659576000, "costOfRevenue": 137426000, "grossProfit": 522150000, "grossProfitRatio": 0.7916449355, "researchAndDevelopmentExpenses": 125891000, "generalAndAdministrativeExpenses": 91641000, "sellingAndMarketingExpenses": 304649000, "sellingGeneralAndAdministrativeExpenses": 396290000, "otherExpenses": 0, "operatingExpenses": 522181000, "costAndExpenses": 659607000, "interestIncome": 7366000, "interestExpense": 1652000, "depreciationAndAmortization": 22279000, "ebitda": 29361000, "ebitdaratio": 0.0445149611, "operatingIncome": 7335000, "operatingIncomeRatio": 0.0111207806, "totalOtherIncomeExpensesNet": 5714000, "incomeBeforeTax": 5430000, "incomeBeforeTaxRatio": 0.0082325615, "incomeTaxExpense": 567000, "netIncome": 4863000, "netIncomeRatio": 0.0073729184, "eps": 0.0241, "epsdiluted": 0.0241, "weightedAverageShsOut": 201894000, "weightedAverageShsOutDil": 201894000, "link": "https://www.sec.gov/Archives/edgar/data/1261333/000126133323000050/0001261333-23-000050-index.htm", "finalLink": "https://www.sec.gov/Archives/edgar/data/1261333/000126133323000050/docu-20230131.htm"}, {"date": "2022-10-31", "symbol": "DOCU", "reportedCurrency": "USD", "cik": "0001261333", "fillingDate": "2022-12-08", "acceptedDate": "2022-12-08 17:14:14", "calendarYear": "2023", "period": "Q3", "revenue": 645463000, "costOfRevenue": 129542000, "grossProfit": 515921000, "grossProfitRatio": 0.7993037556, "researchAndDevelopmentExpenses": 115934000, "generalAndAdministrativeExpenses": 85553000, "sellingAndMarketingExpenses": 313783000, "sellingGeneralAndAdministrativeExpenses": 399336000, "otherExpenses": 0, "operatingExpenses": 515270000, "costAndExpenses": 644812000, "interestIncome": 820000, "interestExpense": 1456000, "depreciationAndAmortization": 21532000, "ebitda": -5079000, "ebitdaratio": -0.0078687702, "operatingIncome": 1471000, "operatingIncomeRatio": 0.0022789842, "totalOtherIncomeExpensesNet": -636000, "incomeBeforeTax": -28067000, "incomeBeforeTaxRatio": -0.0434835149, "incomeTaxExpense": 1799000, "netIncome": -29866000, "netIncomeRatio": -0.0462706615, "eps": -0.15, "epsdiluted": -0.15, "weightedAverageShsOut": 201393000, "weightedAverageShsOutDil": 201393000, "link": "https://www.sec.gov/Archives/edgar/data/1261333/000126133322000201/0001261333-22-000201-index.htm", "finalLink": "https://www.sec.gov/Archives/edgar/data/1261333/000126133322000201/docu-20221031.htm"}, {"date": "2022-07-31", "symbol": "DOCU", "reportedCurrency": "USD", "cik": "0001261333", "fillingDate": "2022-09-08", "acceptedDate": "2022-09-08 17:15:58", "calendarYear": "2023", "period": "Q2", "revenue": 622184000, "costOfRevenue": 136704000, "grossProfit": 485480000, "grossProfitRatio": 0.780283646, "researchAndDevelopmentExpenses": 126532000, "generalAndAdministrativeExpenses": 76456000, "sellingAndMarketingExpenses": 323582000, "sellingGeneralAndAdministrativeExpenses": 400038000, "otherExpenses": 0, "operatingExpenses": 526570000, "costAndExpenses": 663274000, "interestIncome": 1003000, "interestExpense": 1632000, "depreciationAndAmortization": 21143000, "ebitda": -18944000, "ebitdaratio": -0.0304475846, "operatingIncome": -41090000, "operatingIncomeRatio": -0.0660415568, "totalOtherIncomeExpensesNet": -629000, "incomeBeforeTax": -41719000, "incomeBeforeTaxRatio": -0.0670525118, "incomeTaxExpense": 3359000, "netIncome": -45078000, "netIncomeRatio": -0.0724512363, "eps": -0.22, "epsdiluted": -0.22, "weightedAverageShsOut": 200618000, "weightedAverageShsOutDil": 200618000, "link": "https://www.sec.gov/Archives/edgar/data/1261333/000126133322000163/0001261333-22-000163-index.htm", "finalLink": "https://www.sec.gov/Archives/edgar/data/1261333/000126133322000163/docu-20220731.htm"}, {"date": "2022-04-30", "symbol": "DOCU", "reportedCurrency": "USD", "cik": "0001261333", "fillingDate": "2022-06-09", "acceptedDate": "2022-06-09 17:09:44", "calendarYear": "2023", "period": "Q1", "revenue": 588692000, "costOfRevenue": 132416000, "grossProfit": 456276000, "grossProfitRatio": 0.7750674376, "researchAndDevelopmentExpenses": 112227000, "generalAndAdministrativeExpenses": 62578000, "sellingAndMarketingExpenses": 300697000, "sellingGeneralAndAdministrativeExpenses": 363275000, "otherExpenses": 0, "operatingExpenses": 475502000, "costAndExpenses": 607918000, "interestIncome": 0, "interestExpense": 6299000, "depreciationAndAmortization": 21301000, "ebitda": 2075000, "ebitdaratio": 0.0035247634, "operatingIncome": -19226000, "operatingIncomeRatio": -0.0326588437, "totalOtherIncomeExpensesNet": -6299000, "incomeBeforeTax": -25525000, "incomeBeforeTaxRatio": -0.0433588362, "incomeTaxExpense": 1848000, "netIncome": -27373000, "netIncomeRatio": -0.046497999, "eps": -0.14, "epsdiluted": -0.14, "weightedAverageShsOut": 195521428, "weightedAverageShsOutDil": 199666000, "link": "https://www.sec.gov/Archives/edgar/data/1261333/000126133322000105/0001261333-22-000105-index.htm", "finalLink": "https://www.sec.gov/Archives/edgar/data/1261333/000126133322000105/docu-20220430.htm"}, {"date": "2022-01-31", "symbol": "DOCU", "reportedCurrency": "USD", "cik": "0001261333", "fillingDate": "2022-03-25", "acceptedDate": "2022-03-25 08:53:58", "calendarYear": "2022", "period": "Q4", "revenue": 580828000, "costOfRevenue": 131454000, "grossProfit": 449374000, "grossProfitRatio": 0.7736782662, "researchAndDevelopmentExpenses": 110692000, "generalAndAdministrativeExpenses": 64443000, "sellingAndMarketingExpenses": 299417000, "sellingGeneralAndAdministrativeExpenses": 363860000, "otherExpenses": 993000, "operatingExpenses": 474552000, "costAndExpenses": 606006000, "interestIncome": 0, "interestExpense": 4238000, "depreciationAndAmortization": 20750000, "ebitda": -7049000, "ebitdaratio": -0.0121361229, "operatingIncome": -25178000, "operatingIncomeRatio": -0.0433484612, "totalOtherIncomeExpensesNet": -4238000, "incomeBeforeTax": -29416000, "incomeBeforeTaxRatio": -0.0506449414, "incomeTaxExpense": 1029000, "netIncome": -30445000, "netIncomeRatio": -0.0524165502, "eps": -0.15, "epsdiluted": -0.15, "weightedAverageShsOut": 198687000, "weightedAverageShsOutDil": 198687000, "link": "https://www.sec.gov/Archives/edgar/data/1261333/000126133322000049/0001261333-22-000049-index.htm", "finalLink": "https://www.sec.gov/Archives/edgar/data/1261333/000126133322000049/docu-20220131.htm"}, {"date": "2021-10-31", "symbol": "DOCU", "reportedCurrency": "USD", "cik": "0001261333", "fillingDate": "2021-12-06", "acceptedDate": "2021-12-06 17:10:02", "calendarYear": "2022", "period": "Q3", "revenue": 545463000, "costOfRevenue": 115975000, "grossProfit": 429488000, "grossProfitRatio": 0.7873824622, "researchAndDevelopmentExpenses": 102603000, "generalAndAdministrativeExpenses": 54624000, "sellingAndMarketingExpenses": 275619000, "sellingGeneralAndAdministrativeExpenses": 330243000, "otherExpenses": 0, "operatingExpenses": 432846000, "costAndExpenses": 548821000, "interestIncome": 0, "interestExpense": 2425000, "depreciationAndAmortization": 20166000, "ebitda": 16808000, "ebitdaratio": 0.030814189, "operatingIncome": -3358000, "operatingIncomeRatio": -0.0061562379, "totalOtherIncomeExpensesNet": -2425000, "incomeBeforeTax": -5783000, "incomeBeforeTaxRatio": -0.0106020023, "incomeTaxExpense": -107000, "netIncome": -5676000, "netIncomeRatio": -0.0104058387, "eps": -0.0287, "epsdiluted": -0.0287, "weightedAverageShsOut": 197597000, "weightedAverageShsOutDil": 197597000, "link": "https://www.sec.gov/Archives/edgar/data/1261333/000126133321000214/0001261333-21-000214-index.htm", "finalLink": "https://www.sec.gov/Archives/edgar/data/1261333/000126133321000214/docu-20211031.htm"}, {"date": "2021-07-31", "symbol": "DOCU", "reportedCurrency": "USD", "cik": "0001261333", "fillingDate": "2021-09-03", "acceptedDate": "2021-09-03 16:09:55", "calendarYear": "2022", "period": "Q2", "revenue": 511844000, "costOfRevenue": 113780000, "grossProfit": 398064000, "grossProfitRatio": 0.7777057072, "researchAndDevelopmentExpenses": 94651000, "generalAndAdministrativeExpenses": 63652000, "sellingAndMarketingExpenses": 262372000, "sellingGeneralAndAdministrativeExpenses": 326024000, "otherExpenses": -519000, "operatingExpenses": 420675000, "costAndExpenses": 534455000, "interestIncome": 1194000, "interestExpense": 1669000, "depreciationAndAmortization": 20960000, "ebitda": -2714000, "ebitdaratio": -0.0053023968, "operatingIncome": -22611000, "operatingIncomeRatio": -0.0441755691, "totalOtherIncomeExpensesNet": -2732000, "incomeBeforeTax": -25343000, "incomeBeforeTaxRatio": -0.0495131329, "incomeTaxExpense": 158000, "netIncome": -25501000, "netIncomeRatio": -0.0498218207, "eps": -0.13, "epsdiluted": -0.13, "weightedAverageShsOut": 195996000, "weightedAverageShsOutDil": 195996000, "link": "https://www.sec.gov/Archives/edgar/data/1261333/000126133321000163/0001261333-21-000163-index.htm", "finalLink": "https://www.sec.gov/Archives/edgar/data/1261333/000126133321000163/docu-20210731.htm"}, {"date": "2021-04-30", "symbol": "DOCU", "reportedCurrency": "USD", "cik": "0001261333", "fillingDate": "2021-06-04", "acceptedDate": "2021-06-04 16:13:42", "calendarYear": "2022", "period": "Q1", "revenue": 469078000, "costOfRevenue": 105242000, "grossProfit": 363836000, "grossProfitRatio": 0.775640725, "researchAndDevelopmentExpenses": 85416000, "generalAndAdministrativeExpenses": 50038000, "sellingAndMarketingExpenses": 239119000, "sellingGeneralAndAdministrativeExpenses": 289157000, "otherExpenses": -474000, "operatingExpenses": 374573000, "costAndExpenses": 479815000, "interestIncome": 6037000, "interestExpense": 1672000, "depreciationAndAmortization": 20037000, "ebitda": 15337000, "ebitdaratio": 0.0326960548, "operatingIncome": -10737000, "operatingIncomeRatio": -0.0228895834, "totalOtherIncomeExpensesNet": 4365000, "incomeBeforeTax": -6372000, "incomeBeforeTaxRatio": -0.0135840948, "incomeTaxExpense": 1982000, "netIncome": -8354000, "netIncomeRatio": -0.0178094048, "eps": -0.043, "epsdiluted": -0.043, "weightedAverageShsOut": 194342000, "weightedAverageShsOutDil": 194342000, "link": "https://www.sec.gov/Archives/edgar/data/1261333/000126133321000108/0001261333-21-000108-index.htm", "finalLink": "https://www.sec.gov/Archives/edgar/data/1261333/000126133321000108/docu-20210430.htm"}, {"date": "2021-01-31", "symbol": "DOCU", "reportedCurrency": "USD", "cik": "0001261333", "fillingDate": "2021-03-31", "acceptedDate": "2021-03-31 17:05:03", "calendarYear": "2021", "period": "Q4", "revenue": 430898000, "costOfRevenue": 101580000, "grossProfit": 329318000, "grossProfitRatio": 0.7642597552, "researchAndDevelopmentExpenses": 80135000, "generalAndAdministrativeExpenses": 52184000, "sellingAndMarketingExpenses": 221896000, "sellingGeneralAndAdministrativeExpenses": 274080000, "otherExpenses": -527000, "operatingExpenses": 354215000, "costAndExpenses": 455795000, "interestIncome": 2882000, "interestExpense": 7786000, "depreciationAndAmortization": 19635000, "ebitda": -36132000, "ebitdaratio": -0.0838527911, "operatingIncome": -24897000, "operatingIncomeRatio": -0.0577793352, "totalOtherIncomeExpensesNet": -38656000, "incomeBeforeTax": -63553000, "incomeBeforeTaxRatio": -0.1474896611, "incomeTaxExpense": 8859000, "netIncome": -72412000, "netIncomeRatio": -0.1680490511, "eps": -0.38, "epsdiluted": -0.38, "weightedAverageShsOut": 188717000, "weightedAverageShsOutDil": 188717000, "link": "https://www.sec.gov/Archives/edgar/data/1261333/000126133321000059/0001261333-21-000059-index.htm", "finalLink": "https://www.sec.gov/Archives/edgar/data/1261333/000126133321000059/docu-20210131.htm"}, {"date": "2020-10-31", "symbol": "DOCU", "reportedCurrency": "USD", "cik": "0001261333", "fillingDate": "2020-12-04", "acceptedDate": "2020-12-04 17:05:09", "calendarYear": "2021", "period": "Q3", "revenue": 382923000, "costOfRevenue": 97831000, "grossProfit": 285092000, "grossProfitRatio": 0.7445152159, "researchAndDevelopmentExpenses": 73362000, "generalAndAdministrativeExpenses": 50256000, "sellingAndMarketingExpenses": 209944000, "sellingGeneralAndAdministrativeExpenses": 260200000, "otherExpenses": -483000, "operatingExpenses": 333562000, "costAndExpenses": 431393000, "interestIncome": 1385000, "interestExpense": 7769000, "depreciationAndAmortization": 19479000, "ebitda": -28991000, "ebitdaratio": -0.075709738, "operatingIncome": -48470000, "operatingIncomeRatio": -0.1265789728, "totalOtherIncomeExpensesNet": -8080000, "incomeBeforeTax": -56550000, "incomeBeforeTaxRatio": -0.1476798207, "incomeTaxExpense": 1941000, "netIncome": -58491000, "netIncomeRatio": -0.1527487249, "eps": -0.31, "epsdiluted": -0.31, "weightedAverageShsOut": 186423000, "weightedAverageShsOutDil": 186423000, "link": "https://www.sec.gov/Archives/edgar/data/1261333/000126133320000260/0001261333-20-000260-index.htm", "finalLink": "https://www.sec.gov/Archives/edgar/data/1261333/000126133320000260/docu-20201031.htm"}, {"date": "2020-07-31", "symbol": "DOCU", "reportedCurrency": "USD", "cik": "0001261333", "fillingDate": "2020-09-04", "acceptedDate": "2020-09-04 16:13:38", "calendarYear": "2021", "period": "Q2", "revenue": 342209000, "costOfRevenue": 90615000, "grossProfit": 251594000, "grossProfitRatio": 0.7352056784, "researchAndDevelopmentExpenses": 63791000, "generalAndAdministrativeExpenses": 51446000, "sellingAndMarketingExpenses": 194992000, "sellingGeneralAndAdministrativeExpenses": 246438000, "otherExpenses": -649000, "operatingExpenses": 310229000, "costAndExpenses": 400844000, "interestIncome": 1825000, "interestExpense": 7684000, "depreciationAndAmortization": 17937000, "ebitda": -38097000, "ebitdaratio": -0.1113267039, "operatingIncome": -58635000, "operatingIncomeRatio": -0.171342659, "totalOtherIncomeExpensesNet": -5083000, "incomeBeforeTax": -63718000, "incomeBeforeTaxRatio": -0.186196155, "incomeTaxExpense": 842000, "netIncome": -64560000, "netIncomeRatio": -0.1886566397, "eps": -0.35, "epsdiluted": -0.35, "weightedAverageShsOut": 184862000, "weightedAverageShsOutDil": 184862000, "link": "https://www.sec.gov/Archives/edgar/data/1261333/000126133320000187/0001261333-20-000187-index.htm", "finalLink": "https://www.sec.gov/Archives/edgar/data/1261333/000126133320000187/docu-20200731.htm"}, {"date": "2020-04-30", "symbol": "DOCU", "reportedCurrency": "USD", "cik": "0001261333", "fillingDate": "2020-06-05", "acceptedDate": "2020-06-05 16:03:56", "calendarYear": "2021", "period": "Q1", "revenue": 297017000, "costOfRevenue": 74032000, "grossProfit": 222985000, "grossProfitRatio": 0.7507482737, "researchAndDevelopmentExpenses": 54234000, "generalAndAdministrativeExpenses": 38811000, "sellingAndMarketingExpenses": 171793000, "sellingGeneralAndAdministrativeExpenses": 210604000, "otherExpenses": 906000, "operatingExpenses": 264838000, "costAndExpenses": 338870000, "interestIncome": 3381000, "interestExpense": 7560000, "depreciationAndAmortization": 14039000, "ebitda": -24072000, "ebitdaratio": -0.0810458661, "operatingIncome": -41853000, "operatingIncomeRatio": -0.1409111263, "totalOtherIncomeExpensesNet": -3818000, "incomeBeforeTax": -45671000, "incomeBeforeTaxRatio": -0.1537656094, "incomeTaxExpense": 2133000, "netIncome": -47804000, "netIncomeRatio": -0.1609470165, "eps": -0.26, "epsdiluted": -0.26, "weightedAverageShsOut": 182978000, "weightedAverageShsOutDil": 182978000, "link": "https://www.sec.gov/Archives/edgar/data/1261333/000126133320000115/0001261333-20-000115-index.htm", "finalLink": "https://www.sec.gov/Archives/edgar/data/1261333/000126133320000115/docu-20200430.htm"}, {"date": "2020-01-31", "symbol": "DOCU", "reportedCurrency": "USD", "cik": "0001261333", "fillingDate": "2020-03-27", "acceptedDate": "2020-03-27 16:14:10", "calendarYear": "2020", "period": "Q4", "revenue": 274895000, "costOfRevenue": 68075000, "grossProfit": 206820000, "grossProfitRatio": 0.752359992, "researchAndDevelopmentExpenses": 52094000, "generalAndAdministrativeExpenses": 35753000, "sellingAndMarketingExpenses": 161326000, "sellingGeneralAndAdministrativeExpenses": 197079000, "otherExpenses": -95000, "operatingExpenses": 249173000, "costAndExpenses": 317248000, "interestIncome": 4175000, "interestExpense": 7461000, "depreciationAndAmortization": 13266000, "ebitda": -25429000, "ebitdaratio": -0.0925044108, "operatingIncome": -42353000, "operatingIncomeRatio": -0.1540697357, "totalOtherIncomeExpensesNet": -3803000, "incomeBeforeTax": -46156000, "incomeBeforeTaxRatio": -0.1679041088, "incomeTaxExpense": 1251000, "netIncome": -47407000, "netIncomeRatio": -0.1724549373, "eps": -0.26, "epsdiluted": -0.26, "weightedAverageShsOut": 180859000, "weightedAverageShsOutDil": 180859000, "link": "https://www.sec.gov/Archives/edgar/data/1261333/000126133320000033/0001261333-20-000033-index.htm", "finalLink": "https://www.sec.gov/Archives/edgar/data/1261333/000126133320000033/docu-20200131.htm"}, {"date": "2019-10-31", "symbol": "DOCU", "reportedCurrency": "USD", "cik": "0001261333", "fillingDate": "2019-12-06", "acceptedDate": "2019-12-06 16:06:15", "calendarYear": "2020", "period": "Q3", "revenue": 249502000, "costOfRevenue": 61964000, "grossProfit": 187538000, "grossProfitRatio": 0.7516492854, "researchAndDevelopmentExpenses": 48758000, "generalAndAdministrativeExpenses": 33546000, "sellingAndMarketingExpenses": 149231000, "sellingGeneralAndAdministrativeExpenses": 182777000, "otherExpenses": 669000, "operatingExpenses": 231535000, "costAndExpenses": 293499000, "interestIncome": 4421000, "interestExpense": 7364000, "depreciationAndAmortization": 12655000, "ebitda": -25541000, "ebitdaratio": -0.1023679169, "operatingIncome": -43997000, "operatingIncomeRatio": -0.1763392678, "totalOtherIncomeExpensesNet": -1563000, "incomeBeforeTax": -45560000, "incomeBeforeTaxRatio": -0.1826037467, "incomeTaxExpense": 1038000, "netIncome": -46598000, "netIncomeRatio": -0.186764034, "eps": -0.26, "epsdiluted": -0.26, "weightedAverageShsOut": 178314000, "weightedAverageShsOutDil": 178314000, "link": "https://www.sec.gov/Archives/edgar/data/1261333/000126133319000108/0001261333-19-000108-index.htm", "finalLink": "https://www.sec.gov/Archives/edgar/data/1261333/000126133319000108/q32010q.htm"}, {"date": "2019-07-31", "symbol": "DOCU", "reportedCurrency": "USD", "cik": "0001261333", "fillingDate": "2019-09-06", "acceptedDate": "2019-09-06 16:23:25", "calendarYear": "2020", "period": "Q2", "revenue": 235612000, "costOfRevenue": 61176000, "grossProfit": 174436000, "grossProfitRatio": 0.7403527834, "researchAndDevelopmentExpenses": 47517000, "generalAndAdministrativeExpenses": 40755000, "sellingAndMarketingExpenses": 150886000, "sellingGeneralAndAdministrativeExpenses": 191641000, "otherExpenses": 1428000, "operatingExpenses": 239158000, "costAndExpenses": 300334000, "interestIncome": 3940000, "interestExpense": 7273000, "depreciationAndAmortization": 12290000, "ebitda": -47901000, "ebitdaratio": -0.2033045855, "operatingIncome": -64722000, "operatingIncomeRatio": -0.2746973838, "totalOtherIncomeExpensesNet": -2742000, "incomeBeforeTax": -67464000, "incomeBeforeTaxRatio": -0.2863351612, "incomeTaxExpense": 1168000, "netIncome": -68632000, "netIncomeRatio": -0.2912924639, "eps": -0.39, "epsdiluted": -0.39, "weightedAverageShsOut": 175389000, "weightedAverageShsOutDil": 175389000, "link": "https://www.sec.gov/Archives/edgar/data/1261333/000126133319000077/0001261333-19-000077-index.htm", "finalLink": "https://www.sec.gov/Archives/edgar/data/1261333/000126133319000077/q22010q.htm"}, {"date": "2019-04-30", "symbol": "DOCU", "reportedCurrency": "USD", "cik": "0001261333", "fillingDate": "2019-06-07", "acceptedDate": "2019-06-07 16:20:56", "calendarYear": "2020", "period": "Q1", "revenue": 213962000, "costOfRevenue": 52019000, "grossProfit": 161943000, "grossProfitRatio": 0.7568773894, "researchAndDevelopmentExpenses": 37183000, "generalAndAdministrativeExpenses": 37261000, "sellingAndMarketingExpenses": 129936000, "sellingGeneralAndAdministrativeExpenses": 167197000, "otherExpenses": 1961000, "operatingExpenses": 204380000, "costAndExpenses": 256399000, "interestIncome": 3679000, "interestExpense": 7156000, "depreciationAndAmortization": 16099000, "ebitda": -25249000, "ebitdaratio": -0.1180069358, "operatingIncome": -42437000, "operatingIncomeRatio": -0.1983389574, "totalOtherIncomeExpensesNet": -1939000, "incomeBeforeTax": -44376000, "incomeBeforeTaxRatio": -0.2074013143, "incomeTaxExpense": 1346000, "netIncome": -45722000, "netIncomeRatio": -0.2136921509, "eps": -0.27, "epsdiluted": -0.27, "weightedAverageShsOut": 172101000, "weightedAverageShsOutDil": 172101000, "link": "https://www.sec.gov/Archives/edgar/data/1261333/000126133319000041/0001261333-19-000041-index.htm", "finalLink": "https://www.sec.gov/Archives/edgar/data/1261333/000126133319000041/q12010q.htm"}, {"date": "2019-01-31", "symbol": "DOCU", "reportedCurrency": "USD", "cik": "0001261333", "fillingDate": "2019-03-26", "acceptedDate": "2019-03-26 17:28:06", "calendarYear": "2019", "period": "Q4", "revenue": 199732000, "costOfRevenue": 52693000, "grossProfit": 147039000, "grossProfitRatio": 0.7361814832, "researchAndDevelopmentExpenses": 42921000, "generalAndAdministrativeExpenses": 39055000, "sellingAndMarketingExpenses": 127691000, "sellingGeneralAndAdministrativeExpenses": 166746000, "otherExpenses": 0, "operatingExpenses": 209667000, "costAndExpenses": 262360000, "interestIncome": 4794000, "interestExpense": 7101000, "depreciationAndAmortization": 12003000, "ebitda": -45831000, "ebitdaratio": -0.2294624797, "operatingIncome": -62628000, "operatingIncomeRatio": -0.3135601706, "totalOtherIncomeExpensesNet": -2307000, "incomeBeforeTax": -64935000, "incomeBeforeTaxRatio": -0.3251106483, "incomeTaxExpense": 1309000, "netIncome": -66244000, "netIncomeRatio": -0.3316644303, "eps": -0.4, "epsdiluted": -0.4, "weightedAverageShsOut": 167269000, "weightedAverageShsOutDil": 167269000, "link": "https://www.sec.gov/Archives/edgar/data/1261333/000126133319000012/0001261333-19-000012-index.htm", "finalLink": "https://www.sec.gov/Archives/edgar/data/1261333/000126133319000012/fy1910k.htm"}, {"date": "2018-10-31", "symbol": "DOCU", "reportedCurrency": "USD", "cik": "0001261333", "fillingDate": "2018-12-07", "acceptedDate": "2018-12-07 16:12:00", "calendarYear": "2019", "period": "Q3", "revenue": 178385000, "costOfRevenue": 45073000, "grossProfit": 133312000, "grossProfitRatio": 0.7473274098, "researchAndDevelopmentExpenses": 38404000, "generalAndAdministrativeExpenses": 36274000, "sellingAndMarketingExpenses": 117051000, "sellingGeneralAndAdministrativeExpenses": 153325000, "otherExpenses": 0, "operatingExpenses": 191729000, "costAndExpenses": 236802000, "interestIncome": 3942000, "interestExpense": 3503000, "depreciationAndAmortization": 10343000, "ebitda": -44679000, "ebitdaratio": -0.2504638843, "operatingIncome": -58417000, "operatingIncomeRatio": -0.3274770861, "totalOtherIncomeExpensesNet": -108000, "incomeBeforeTax": -58525000, "incomeBeforeTaxRatio": -0.3280825181, "incomeTaxExpense": -5712000, "netIncome": -52813000, "netIncomeRatio": -0.2960618886, "eps": -0.31, "epsdiluted": -0.31, "weightedAverageShsOut": 167736000, "weightedAverageShsOutDil": 167736000, "link": "https://www.sec.gov/Archives/edgar/data/1261333/000126133318000027/0001261333-18-000027-index.htm", "finalLink": "https://www.sec.gov/Archives/edgar/data/1261333/000126133318000027/q31910q.htm"}, {"date": "2018-07-31", "symbol": "DOCU", "reportedCurrency": "USD", "cik": "0001261333", "fillingDate": "2018-09-06", "acceptedDate": "2018-09-06 17:05:24", "calendarYear": "2019", "period": "Q2", "revenue": 167044000, "costOfRevenue": 36361000, "grossProfit": 130683000, "grossProfitRatio": 0.7823268121, "researchAndDevelopmentExpenses": 33773000, "generalAndAdministrativeExpenses": 30851000, "sellingAndMarketingExpenses": 103779000, "sellingGeneralAndAdministrativeExpenses": 134630000, "otherExpenses": 0, "operatingExpenses": 168403000, "costAndExpenses": 204764000, "interestIncome": 2936000, "interestExpense": 47000, "depreciationAndAmortization": 7081000, "ebitda": -27641000, "ebitdaratio": -0.1654713728, "operatingIncome": -37720000, "operatingIncomeRatio": -0.2258087689, "totalOtherIncomeExpensesNet": 2951000, "incomeBeforeTax": -34769000, "incomeBeforeTaxRatio": -0.2081427648, "incomeTaxExpense": 1945000, "netIncome": -36714000, "netIncomeRatio": -0.2197864036, "eps": -0.22, "epsdiluted": -0.22, "weightedAverageShsOut": 166083686, "weightedAverageShsOutDil": 166083686, "link": "https://www.sec.gov/Archives/edgar/data/1261333/000126133318000017/0001261333-18-000017-index.htm", "finalLink": "https://www.sec.gov/Archives/edgar/data/1261333/000126133318000017/q21910q.htm"}, {"date": "2018-04-30", "symbol": "DOCU", "reportedCurrency": "USD", "cik": "0001261333", "fillingDate": "2018-06-08", "acceptedDate": "2018-06-08 16:48:39", "calendarYear": "2019", "period": "Q1", "revenue": 155808000, "costOfRevenue": 58294000, "grossProfit": 97514000, "grossProfitRatio": 0.6258600329, "researchAndDevelopmentExpenses": 70870000, "generalAndAdministrativeExpenses": 103117000, "sellingAndMarketingExpenses": 191085000, "sellingGeneralAndAdministrativeExpenses": 294202000, "otherExpenses": 0, "operatingExpenses": 365072000, "costAndExpenses": 423366000, "interestIncome": 448000, "interestExpense": 193000, "depreciationAndAmortization": 8600000, "ebitda": -261186000, "ebitdaratio": -1.6763324091, "operatingIncome": -267558000, "operatingIncomeRatio": -1.7172288971, "totalOtherIncomeExpensesNet": -2421000, "incomeBeforeTax": -269979000, "incomeBeforeTaxRatio": -1.732767252, "incomeTaxExpense": 708000, "netIncome": -270687000, "netIncomeRatio": -1.7373113062, "eps": -7.45, "epsdiluted": -7.45, "weightedAverageShsOut": 36334003, "weightedAverageShsOutDil": 36334395, "link": "https://www.sec.gov/Archives/edgar/data/1261333/000126133318000009/0001261333-18-000009-index.htm", "finalLink": "https://www.sec.gov/Archives/edgar/data/1261333/000126133318000009/q11910q.htm"}, {"date": "2018-01-31", "symbol": "DOCU", "reportedCurrency": "USD", "cik": "0001261333", "fillingDate": "2018-01-31", "acceptedDate": "2018-01-30 19:00:00", "calendarYear": "2018", "period": "Q4", "revenue": 148874000, "costOfRevenue": 31475000, "grossProfit": 117399000, "grossProfitRatio": 0.7885796042, "researchAndDevelopmentExpenses": 23431000, "generalAndAdministrativeExpenses": 25603000, "sellingAndMarketingExpenses": 74630000, "sellingGeneralAndAdministrativeExpenses": 100233000, "otherExpenses": 0, "operatingExpenses": 123664000, "costAndExpenses": 155139000, "interestIncome": 2436000, "interestExpense": 150000, "depreciationAndAmortization": 8017000, "ebitda": 4188000, "ebitdaratio": 0.0281311713, "operatingIncome": -6265000, "operatingIncomeRatio": -0.0420825665, "totalOtherIncomeExpensesNet": 2286000, "incomeBeforeTax": -3979000, "incomeBeforeTaxRatio": -0.0267272996, "incomeTaxExpense": 2373000, "netIncome": -6352000, "netIncomeRatio": -0.0426669533, "eps": -0.2, "epsdiluted": -0.2, "weightedAverageShsOut": 32294000, "weightedAverageShsOutDil": 32294000, "link": "", "finalLink": ""}, {"date": "2017-10-31", "symbol": "DOCU", "reportedCurrency": "USD", "cik": "0001261333", "fillingDate": "2017-10-31", "acceptedDate": "2017-10-30 20:00:00", "calendarYear": "2018", "period": "Q3", "revenue": 130589000, "costOfRevenue": 31216000, "grossProfit": 99373000, "grossProfitRatio": 0.7609599583, "researchAndDevelopmentExpenses": 22522000, "generalAndAdministrativeExpenses": 19528000, "sellingAndMarketingExpenses": 69666000, "sellingGeneralAndAdministrativeExpenses": 89194000, "otherExpenses": 0, "operatingExpenses": 111716000, "costAndExpenses": 142932000, "interestIncome": 0, "interestExpense": 1379000, "depreciationAndAmortization": 8318000, "ebitda": -4025000, "ebitdaratio": -0.0308218916, "operatingIncome": -12343000, "operatingIncomeRatio": -0.094517915, "totalOtherIncomeExpensesNet": -1379000, "incomeBeforeTax": -13722000, "incomeBeforeTaxRatio": -0.1050777631, "incomeTaxExpense": 783000, "netIncome": -14505000, "netIncomeRatio": -0.1110736739, "eps": -0.45, "epsdiluted": -0.45, "weightedAverageShsOut": 32294000, "weightedAverageShsOutDil": 32294000, "link": "", "finalLink": ""}, {"date": "2017-07-31", "symbol": "DOCU", "reportedCurrency": "USD", "cik": "0001261333", "fillingDate": "2017-07-31", "acceptedDate": "2017-07-30 20:00:00", "calendarYear": "2018", "period": "Q2", "revenue": 125543000, "costOfRevenue": 28458000, "grossProfit": 97085000, "grossProfitRatio": 0.7733206949, "researchAndDevelopmentExpenses": 23767000, "generalAndAdministrativeExpenses": 18156000, "sellingAndMarketingExpenses": 68943000, "sellingGeneralAndAdministrativeExpenses": 87099000, "otherExpenses": 0, "operatingExpenses": 110866000, "costAndExpenses": 139324000, "interestIncome": 2034000, "interestExpense": 169000, "depreciationAndAmortization": 7699000, "ebitda": -6082000, "ebitdaratio": -0.0484455525, "operatingIncome": -13781000, "operatingIncomeRatio": -0.1097711541, "totalOtherIncomeExpensesNet": 1865000, "incomeBeforeTax": -11916000, "incomeBeforeTaxRatio": -0.0949156863, "incomeTaxExpense": 121000, "netIncome": -12037000, "netIncomeRatio": -0.0958794995, "eps": -0.38, "epsdiluted": -0.38, "weightedAverageShsOut": 31638340, "weightedAverageShsOutDil": 31638340, "link": "", "finalLink": ""}, {"date": "2017-04-30", "symbol": "DOCU", "reportedCurrency": "USD", "cik": "0001261333", "fillingDate": "2017-04-30", "acceptedDate": "2017-04-30 00:00:00", "calendarYear": "2018", "period": "Q1", "revenue": 113498000, "costOfRevenue": 27124000, "grossProfit": 86374000, "grossProfitRatio": 0.7610178153, "researchAndDevelopmentExpenses": 22708000, "generalAndAdministrativeExpenses": 18239000, "sellingAndMarketingExpenses": 64691000, "sellingGeneralAndAdministrativeExpenses": 82930000, "otherExpenses": 0, "operatingExpenses": 105638000, "costAndExpenses": 132762000, "interestIncome": 0, "interestExpense": 261000, "depreciationAndAmortization": 7686000, "ebitda": -11578000, "ebitdaratio": -0.1020106081, "operatingIncome": -19264000, "operatingIncomeRatio": -0.1697298631, "totalOtherIncomeExpensesNet": -261000, "incomeBeforeTax": -19525000, "incomeBeforeTaxRatio": -0.1720294631, "incomeTaxExpense": -143000, "netIncome": -19382000, "netIncomeRatio": -0.170769529, "eps": -0.6, "epsdiluted": -0.6, "weightedAverageShsOut": 32294000, "weightedAverageShsOutDil": 32294000, "link": "", "finalLink": ""}]