[{"date": "2025-06-30", "symbol": "PI", "reportedCurrency": "USD", "cik": "0001114995", "fillingDate": "2025-07-30", "acceptedDate": "2025-07-30 16:25:24", "calendarYear": "2025", "period": "Q2", "revenue": 97894000, "costOfRevenue": 41281000, "grossProfit": 56613000, "grossProfitRatio": 0.5783091916, "researchAndDevelopmentExpenses": 24652000, "generalAndAdministrativeExpenses": 11828000, "sellingAndMarketingExpenses": 8738000, "sellingGeneralAndAdministrativeExpenses": 20566000, "otherExpenses": 521000, "operatingExpenses": 45739000, "costAndExpenses": 87020000, "interestIncome": 0, "interestExpense": 809000, "depreciationAndAmortization": 3709000, "ebitda": 16220000, "ebitdaratio": 0.1656894192, "operatingIncome": 10874000, "operatingIncomeRatio": 0.1110793307, "totalOtherIncomeExpensesNet": 828000, "incomeBeforeTax": 11702000, "incomeBeforeTaxRatio": 0.1195374589, "incomeTaxExpense": 149000, "netIncome": 11553000, "netIncomeRatio": 0.1180154044, "eps": 0.4, "epsdiluted": 0.39, "weightedAverageShsOut": 29008000, "weightedAverageShsOutDil": 29655000, "link": "https://www.sec.gov/Archives/edgar/data/1114995/000095017025100302/0000950170-25-100302-index.htm", "finalLink": "https://www.sec.gov/Archives/edgar/data/1114995/000095017025100302/pi-20250630.htm"}, {"date": "2025-03-31", "symbol": "PI", "reportedCurrency": "USD", "cik": "0001114995", "fillingDate": "2025-04-23", "acceptedDate": "2025-04-23 16:25:18", "calendarYear": "2025", "period": "Q1", "revenue": 74277000, "costOfRevenue": 37596000, "grossProfit": 36681000, "grossProfitRatio": 0.4938406236, "researchAndDevelopmentExpenses": 25314000, "generalAndAdministrativeExpenses": 12396000, "sellingAndMarketingExpenses": 8055000, "sellingGeneralAndAdministrativeExpenses": 20451000, "otherExpenses": 485000, "operatingExpenses": 46250000, "costAndExpenses": 83361000, "interestIncome": 0, "interestExpense": 1223000, "depreciationAndAmortization": 3521000, "ebitda": -4402000, "ebitdaratio": -0.0592646445, "operatingIncome": -9569000, "operatingIncomeRatio": -0.1288285741, "totalOtherIncomeExpensesNet": 837000, "incomeBeforeTax": -8732000, "incomeBeforeTaxRatio": -0.1175599445, "incomeTaxExpense": -281000, "netIncome": -8451000, "netIncomeRatio": -0.1137768084, "eps": -0.3, "epsdiluted": -0.3, "weightedAverageShsOut": 28639000, "weightedAverageShsOutDil": 28639000, "link": "https://www.sec.gov/Archives/edgar/data/1114995/000095017025057433/0000950170-25-057433-index.htm", "finalLink": "https://www.sec.gov/Archives/edgar/data/1114995/000095017025057433/pi-20250331.htm"}, {"date": "2024-12-31", "symbol": "PI", "reportedCurrency": "USD", "cik": "0001114995", "fillingDate": "2025-02-10", "acceptedDate": "2025-02-10 16:15:29", "calendarYear": "2024", "period": "Q4", "revenue": 91569000, "costOfRevenue": 45347000, "grossProfit": 46222000, "grossProfitRatio": 0.5047778178, "researchAndDevelopmentExpenses": 25894000, "generalAndAdministrativeExpenses": 12762000, "sellingAndMarketingExpenses": 10688000, "sellingGeneralAndAdministrativeExpenses": 23450000, "otherExpenses": 491000, "operatingExpenses": 49835000, "costAndExpenses": 95182000, "interestIncome": -413000, "interestExpense": 808000, "depreciationAndAmortization": 3433000, "ebitda": 1514000, "ebitdaratio": 0.0165339798, "operatingIncome": -3613000, "operatingIncomeRatio": -0.0394565847, "totalOtherIncomeExpensesNet": 886000, "incomeBeforeTax": -2727000, "incomeBeforeTaxRatio": -0.029780821, "incomeTaxExpense": -37000, "netIncome": -2690000, "netIncomeRatio": -0.0293767541, "eps": -0.0947, "epsdiluted": -0.0947, "weightedAverageShsOut": 28398000, "weightedAverageShsOutDil": 28398000, "link": "https://www.sec.gov/Archives/edgar/data/1114995/000095017025017077/0000950170-25-017077-index.htm", "finalLink": "https://www.sec.gov/Archives/edgar/data/1114995/000095017025017077/pi-20241231.htm"}, {"date": "2024-09-30", "symbol": "PI", "reportedCurrency": "USD", "cik": "0001114995", "fillingDate": "2024-10-23", "acceptedDate": "2024-10-23 16:25:21", "calendarYear": "2024", "period": "Q3", "revenue": 95198000, "costOfRevenue": 47629000, "grossProfit": 47569000, "grossProfitRatio": 0.4996848673, "researchAndDevelopmentExpenses": 25492000, "generalAndAdministrativeExpenses": 12452000, "sellingAndMarketingExpenses": 9888000, "sellingGeneralAndAdministrativeExpenses": 22340000, "otherExpenses": 506000, "operatingExpenses": 48338000, "costAndExpenses": 95967000, "interestIncome": 0, "interestExpense": 1219000, "depreciationAndAmortization": 3247000, "ebitda": 4484000, "ebitdaratio": 0.0471018299, "operatingIncome": -769000, "operatingIncomeRatio": -0.0080779008, "totalOtherIncomeExpensesNet": 1197000, "incomeBeforeTax": 428000, "incomeBeforeTaxRatio": 0.0044958928, "incomeTaxExpense": 207000, "netIncome": 221000, "netIncomeRatio": 0.0023214773, "eps": 0.0078, "epsdiluted": 0.0074, "weightedAverageShsOut": 28168000, "weightedAverageShsOutDil": 29727000, "link": "https://www.sec.gov/Archives/edgar/data/1114995/000095017024116665/0000950170-24-116665-index.htm", "finalLink": "https://www.sec.gov/Archives/edgar/data/1114995/000095017024116665/pi-20240930.htm"}, {"date": "2024-06-30", "symbol": "PI", "reportedCurrency": "USD", "cik": "0001114995", "fillingDate": "2024-07-24", "acceptedDate": "2024-07-24 16:25:22", "calendarYear": "2024", "period": "Q2", "revenue": 102495000, "costOfRevenue": 45475000, "grossProfit": 57020000, "grossProfitRatio": 0.5563198205, "researchAndDevelopmentExpenses": 24924000, "generalAndAdministrativeExpenses": 13223000, "sellingAndMarketingExpenses": 9827000, "sellingGeneralAndAdministrativeExpenses": 22971000, "otherExpenses": 0, "operatingExpenses": 47895000, "costAndExpenses": 93370000, "interestIncome": 0, "interestExpense": 808000, "depreciationAndAmortization": 2999000, "ebitda": 12124000, "ebitdaratio": 0.118288697, "operatingIncome": 9125000, "operatingIncomeRatio": 0.0890287331, "totalOtherIncomeExpensesNet": 905000, "incomeBeforeTax": 9951000, "incomeBeforeTaxRatio": 0.0970876628, "incomeTaxExpense": -12000, "netIncome": 9963000, "netIncomeRatio": 0.0972047417, "eps": 0.36, "epsdiluted": 0.34, "weightedAverageShsOut": 27889000, "weightedAverageShsOutDil": 29422000, "link": "https://www.sec.gov/Archives/edgar/data/1114995/000095017024086075/0000950170-24-086075-index.htm", "finalLink": "https://www.sec.gov/Archives/edgar/data/1114995/000095017024086075/pi-20240630.htm"}, {"date": "2024-03-31", "symbol": "PI", "reportedCurrency": "USD", "cik": "0001114995", "fillingDate": "2024-04-24", "acceptedDate": "2024-04-24 16:25:30", "calendarYear": "2024", "period": "Q1", "revenue": 76825000, "costOfRevenue": 39277000, "grossProfit": 37548000, "grossProfitRatio": 0.4887471526, "researchAndDevelopmentExpenses": 22519000, "generalAndAdministrativeExpenses": 13365000, "sellingAndMarketingExpenses": 10176000, "sellingGeneralAndAdministrativeExpenses": 23541000, "otherExpenses": 1292000, "operatingExpenses": 47469000, "costAndExpenses": 86746000, "interestIncome": 0, "interestExpense": 809000, "depreciationAndAmortization": 3909000, "ebitda": -5105000, "ebitdaratio": -0.0664497234, "operatingIncome": -11733000, "operatingIncomeRatio": -0.1527237227, "totalOtherIncomeExpensesNet": 45076000, "incomeBeforeTax": 33343000, "incomeBeforeTaxRatio": 0.4340123658, "incomeTaxExpense": -1000, "netIncome": 33344000, "netIncomeRatio": 0.4340253824, "eps": 1.22, "epsdiluted": 1.1, "weightedAverageShsOut": 27357000, "weightedAverageShsOutDil": 31425000, "link": "https://www.sec.gov/Archives/edgar/data/1114995/000095017024047616/0000950170-24-047616-index.htm", "finalLink": "https://www.sec.gov/Archives/edgar/data/1114995/000095017024047616/pi-20240331.htm"}, {"date": "2023-12-31", "symbol": "PI", "reportedCurrency": "USD", "cik": "0001114995", "fillingDate": "2024-02-12", "acceptedDate": "2024-02-12 16:25:41", "calendarYear": "2023", "period": "Q4", "revenue": 70651000, "costOfRevenue": 36781000, "grossProfit": 33870000, "grossProfitRatio": 0.4793987346, "researchAndDevelopmentExpenses": 21136000, "generalAndAdministrativeExpenses": 15730000, "sellingAndMarketingExpenses": 10445000, "sellingGeneralAndAdministrativeExpenses": 26175000, "otherExpenses": 1024000, "operatingExpenses": 48709000, "costAndExpenses": 85490000, "interestIncome": 0, "interestExpense": 809000, "depreciationAndAmortization": 3889000, "ebitda": -9926000, "ebitdaratio": -0.1404934113, "operatingIncome": -14839000, "operatingIncomeRatio": -0.2100324128, "totalOtherIncomeExpensesNet": -191000, "incomeBeforeTax": -15030000, "incomeBeforeTaxRatio": -0.2127358424, "incomeTaxExpense": 150000, "netIncome": -15180000, "netIncomeRatio": -0.2148589546, "eps": -0.56, "epsdiluted": -0.56, "weightedAverageShsOut": 27089000, "weightedAverageShsOutDil": 27089000, "link": "https://www.sec.gov/Archives/edgar/data/1114995/000095017024013874/0000950170-24-013874-index.htm", "finalLink": "https://www.sec.gov/Archives/edgar/data/1114995/000095017024013874/pi-20231231.htm"}, {"date": "2023-09-30", "symbol": "PI", "reportedCurrency": "USD", "cik": "0001114995", "fillingDate": "2023-10-25", "acceptedDate": "2023-10-25 16:26:15", "calendarYear": "2023", "period": "Q3", "revenue": 65005000, "costOfRevenue": 34237000, "grossProfit": 30768000, "grossProfitRatio": 0.4733174371, "researchAndDevelopmentExpenses": 21588000, "generalAndAdministrativeExpenses": 13532000, "sellingAndMarketingExpenses": 10073000, "sellingGeneralAndAdministrativeExpenses": 23605000, "otherExpenses": 1090000, "operatingExpenses": 46602000, "costAndExpenses": 80839000, "interestIncome": 123000, "interestExpense": 1213000, "depreciationAndAmortization": 3667000, "ebitda": -11077000, "ebitdaratio": -0.1704022767, "operatingIncome": -15834000, "operatingIncomeRatio": -0.243581263, "totalOtherIncomeExpensesNet": -123000, "incomeBeforeTax": -15957000, "incomeBeforeTaxRatio": -0.2454734251, "incomeTaxExpense": -195000, "netIncome": -15762000, "netIncomeRatio": -0.2424736559, "eps": -0.59, "epsdiluted": -0.59, "weightedAverageShsOut": 26920000, "weightedAverageShsOutDil": 26920000, "link": "https://www.sec.gov/Archives/edgar/data/1114995/000095017023055214/0000950170-23-055214-index.htm", "finalLink": "https://www.sec.gov/Archives/edgar/data/1114995/000095017023055214/pi-20230930.htm"}, {"date": "2023-06-30", "symbol": "PI", "reportedCurrency": "USD", "cik": "0001114995", "fillingDate": "2023-07-26", "acceptedDate": "2023-07-26 16:27:18", "calendarYear": "2023", "period": "Q2", "revenue": 85986000, "costOfRevenue": 42172000, "grossProfit": 43814000, "grossProfitRatio": 0.509548066, "researchAndDevelopmentExpenses": 23403000, "generalAndAdministrativeExpenses": 16002000, "sellingAndMarketingExpenses": 10632000, "sellingGeneralAndAdministrativeExpenses": 26634000, "otherExpenses": 1165000, "operatingExpenses": 52183000, "costAndExpenses": 94355000, "interestIncome": 46000, "interestExpense": 809000, "depreciationAndAmortization": 4273000, "ebitda": -2931000, "ebitdaratio": -0.0340869444, "operatingIncome": -8369000, "operatingIncomeRatio": -0.0973297979, "totalOtherIncomeExpensesNet": -46000, "incomeBeforeTax": -8415000, "incomeBeforeTaxRatio": -0.0978647687, "incomeTaxExpense": -349000, "netIncome": -8066000, "netIncomeRatio": -0.0938059684, "eps": -0.3, "epsdiluted": -0.3, "weightedAverageShsOut": 26713000, "weightedAverageShsOutDil": 26713000, "link": "https://www.sec.gov/Archives/edgar/data/1114995/000095017023034747/0000950170-23-034747-index.htm", "finalLink": "https://www.sec.gov/Archives/edgar/data/1114995/000095017023034747/pi-20230630.htm"}, {"date": "2023-03-31", "symbol": "PI", "reportedCurrency": "USD", "cik": "0001114995", "fillingDate": "2023-04-26", "acceptedDate": "2023-04-26 16:31:11", "calendarYear": "2023", "period": "Q1", "revenue": 85897000, "costOfRevenue": 42367000, "grossProfit": 43530000, "grossProfitRatio": 0.5067697358, "researchAndDevelopmentExpenses": 22435000, "generalAndAdministrativeExpenses": 15564000, "sellingAndMarketingExpenses": 9973000, "sellingGeneralAndAdministrativeExpenses": 25537000, "otherExpenses": 0, "operatingExpenses": 47972000, "costAndExpenses": 90339000, "interestIncome": -400000, "interestExpense": 809000, "depreciationAndAmortization": 1793000, "ebitda": -1684000, "ebitdaratio": -0.0196048756, "operatingIncome": -4442000, "operatingIncomeRatio": -0.0517130982, "totalOtherIncomeExpensesNet": 156000, "incomeBeforeTax": -4286000, "incomeBeforeTaxRatio": -0.0498969696, "incomeTaxExpense": 72000, "netIncome": -4358000, "netIncomeRatio": -0.0507351828, "eps": -0.17, "epsdiluted": -0.17, "weightedAverageShsOut": 25635294, "weightedAverageShsOutDil": 26285000, "link": "https://www.sec.gov/Archives/edgar/data/1114995/000095017023014853/0000950170-23-014853-index.htm", "finalLink": "https://www.sec.gov/Archives/edgar/data/1114995/000095017023014853/pi-20230331.htm"}, {"date": "2022-12-31", "symbol": "PI", "reportedCurrency": "USD", "cik": "0001114995", "fillingDate": "2023-02-13", "acceptedDate": "2023-02-13 16:20:11", "calendarYear": "2022", "period": "Q4", "revenue": 76590000, "costOfRevenue": 36422000, "grossProfit": 40168000, "grossProfitRatio": 0.5244548897, "researchAndDevelopmentExpenses": 18982000, "generalAndAdministrativeExpenses": 11577000, "sellingAndMarketingExpenses": 9655000, "sellingGeneralAndAdministrativeExpenses": 21232000, "otherExpenses": 0, "operatingExpenses": 40214000, "costAndExpenses": 76636000, "interestIncome": 57000, "interestExpense": 1207000, "depreciationAndAmortization": 1588000, "ebitda": 1542000, "ebitdaratio": 0.0201331767, "operatingIncome": -484000, "operatingIncomeRatio": -0.0063193628, "totalOtherIncomeExpensesNet": -57000, "incomeBeforeTax": -1000, "incomeBeforeTaxRatio": -1.30565e-05, "incomeTaxExpense": 117000, "netIncome": -118000, "netIncomeRatio": -0.0015406711, "eps": -0.0045, "epsdiluted": -0.0045, "weightedAverageShsOut": 26005000, "weightedAverageShsOutDil": 26005000, "link": "https://www.sec.gov/Archives/edgar/data/1114995/000095017023002614/0000950170-23-002614-index.htm", "finalLink": "https://www.sec.gov/Archives/edgar/data/1114995/000095017023002614/pi-20221231.htm"}, {"date": "2022-09-30", "symbol": "PI", "reportedCurrency": "USD", "cik": "0001114995", "fillingDate": "2022-10-26", "acceptedDate": "2022-10-26 16:26:04", "calendarYear": "2022", "period": "Q3", "revenue": 68270000, "costOfRevenue": 30835000, "grossProfit": 37435000, "grossProfitRatio": 0.5483374835, "researchAndDevelopmentExpenses": 18766000, "generalAndAdministrativeExpenses": 11087000, "sellingAndMarketingExpenses": 9326000, "sellingGeneralAndAdministrativeExpenses": 20413000, "otherExpenses": 0, "operatingExpenses": 39179000, "costAndExpenses": 70014000, "interestIncome": 431000, "interestExpense": 809000, "depreciationAndAmortization": 1483000, "ebitda": 513000, "ebitdaratio": 0.0075142815, "operatingIncome": -1366000, "operatingIncomeRatio": -0.0200087886, "totalOtherIncomeExpensesNet": -431000, "incomeBeforeTax": -2175000, "incomeBeforeTaxRatio": -0.031858796, "incomeTaxExpense": 24000, "netIncome": -2199000, "netIncomeRatio": -0.0322103413, "eps": -0.0854, "epsdiluted": -0.0854, "weightedAverageShsOut": 25743000, "weightedAverageShsOutDil": 25743000, "link": "https://www.sec.gov/Archives/edgar/data/1114995/000095017022020186/0000950170-22-020186-index.htm", "finalLink": "https://www.sec.gov/Archives/edgar/data/1114995/000095017022020186/pi-20220930.htm"}, {"date": "2022-06-30", "symbol": "PI", "reportedCurrency": "USD", "cik": "0001114995", "fillingDate": "2022-07-27", "acceptedDate": "2022-07-27 16:26:22", "calendarYear": "2022", "period": "Q2", "revenue": 59796000, "costOfRevenue": 28294000, "grossProfit": 31502000, "grossProfitRatio": 0.5268245368, "researchAndDevelopmentExpenses": 18369000, "generalAndAdministrativeExpenses": 11995000, "sellingAndMarketingExpenses": 9614000, "sellingGeneralAndAdministrativeExpenses": 21609000, "otherExpenses": 0, "operatingExpenses": 39978000, "costAndExpenses": 68272000, "interestIncome": 0, "interestExpense": 847000, "depreciationAndAmortization": 1465000, "ebitda": -8814000, "ebitdaratio": -0.147401164, "operatingIncome": -8476000, "operatingIncomeRatio": -0.1417486119, "totalOtherIncomeExpensesNet": -3053000, "incomeBeforeTax": -11529000, "incomeBeforeTaxRatio": -0.1928055388, "incomeTaxExpense": -6000, "netIncome": -11523000, "netIncomeRatio": -0.1927051977, "eps": -0.45, "epsdiluted": -0.45, "weightedAverageShsOut": 25429000, "weightedAverageShsOutDil": 25429000, "link": "https://www.sec.gov/Archives/edgar/data/1114995/000095017022013222/0000950170-22-013222-index.htm", "finalLink": "https://www.sec.gov/Archives/edgar/data/1114995/000095017022013222/pi-20220630.htm"}, {"date": "2022-03-31", "symbol": "PI", "reportedCurrency": "USD", "cik": "0001114995", "fillingDate": "2022-04-27", "acceptedDate": "2022-04-27 16:26:18", "calendarYear": "2022", "period": "Q1", "revenue": 53144000, "costOfRevenue": 24365000, "grossProfit": 28779000, "grossProfitRatio": 0.5415286768, "researchAndDevelopmentExpenses": 17989000, "generalAndAdministrativeExpenses": 10806000, "sellingAndMarketingExpenses": 9299000, "sellingGeneralAndAdministrativeExpenses": 20105000, "otherExpenses": 164000, "operatingExpenses": 38094000, "costAndExpenses": 62459000, "interestIncome": 0, "interestExpense": 858000, "depreciationAndAmortization": 1508000, "ebitda": -7807000, "ebitdaratio": -0.1469027548, "operatingIncome": -9315000, "operatingIncomeRatio": -0.1752784886, "totalOtherIncomeExpensesNet": -1097000, "incomeBeforeTax": -10412000, "incomeBeforeTaxRatio": -0.1959205178, "incomeTaxExpense": 49000, "netIncome": -10461000, "netIncomeRatio": -0.196842541, "eps": -0.42, "epsdiluted": -0.42, "weightedAverageShsOut": 24980000, "weightedAverageShsOutDil": 24980000, "link": "https://www.sec.gov/Archives/edgar/data/1114995/000156459022016077/0001564590-22-016077-index.htm", "finalLink": "https://www.sec.gov/Archives/edgar/data/1114995/000156459022016077/pi-10q_20220331.htm"}, {"date": "2021-12-31", "symbol": "PI", "reportedCurrency": "USD", "cik": "0001114995", "fillingDate": "2022-02-14", "acceptedDate": "2022-02-14 16:34:12", "calendarYear": "2021", "period": "Q4", "revenue": 52574000, "costOfRevenue": 23391000, "grossProfit": 29183000, "grossProfitRatio": 0.5550842622, "researchAndDevelopmentExpenses": 17578000, "generalAndAdministrativeExpenses": 9125000, "sellingAndMarketingExpenses": 9710000, "sellingGeneralAndAdministrativeExpenses": 18835000, "otherExpenses": 0, "operatingExpenses": 36413000, "costAndExpenses": 59804000, "interestIncome": 0, "interestExpense": 974000, "depreciationAndAmortization": 1431000, "ebitda": -17586000, "ebitdaratio": -0.3344999429, "operatingIncome": -7688000, "operatingIncomeRatio": -0.1462319778, "totalOtherIncomeExpensesNet": -12303000, "incomeBeforeTax": -19991000, "incomeBeforeTaxRatio": -0.380244988, "incomeTaxExpense": 23000, "netIncome": -20014000, "netIncomeRatio": -0.3806824666, "eps": -0.81, "epsdiluted": -0.81, "weightedAverageShsOut": 24581000, "weightedAverageShsOutDil": 24581000, "link": "https://www.sec.gov/Archives/edgar/data/1114995/000156459022004981/0001564590-22-004981-index.htm", "finalLink": "https://www.sec.gov/Archives/edgar/data/1114995/000156459022004981/pi-10k_20211231.htm"}, {"date": "2021-09-30", "symbol": "PI", "reportedCurrency": "USD", "cik": "0001114995", "fillingDate": "2021-10-27", "acceptedDate": "2021-10-27 16:22:27", "calendarYear": "2021", "period": "Q3", "revenue": 45193000, "costOfRevenue": 22180000, "grossProfit": 23013000, "grossProfitRatio": 0.509216029, "researchAndDevelopmentExpenses": 16789000, "generalAndAdministrativeExpenses": 9860000, "sellingAndMarketingExpenses": 8736000, "sellingGeneralAndAdministrativeExpenses": 18596000, "otherExpenses": 2000, "operatingExpenses": 35385000, "costAndExpenses": 57565000, "interestIncome": 0, "interestExpense": 431000, "depreciationAndAmortization": 1095000, "ebitda": -11275000, "ebitdaratio": -0.2494855398, "operatingIncome": -12372000, "operatingIncomeRatio": -0.2737592105, "totalOtherIncomeExpensesNet": -524000, "incomeBeforeTax": -12896000, "incomeBeforeTaxRatio": -0.2853539265, "incomeTaxExpense": 28000, "netIncome": -12924000, "netIncomeRatio": -0.2859734915, "eps": -0.53, "epsdiluted": -0.53, "weightedAverageShsOut": 24330000, "weightedAverageShsOutDil": 24330000, "link": "https://www.sec.gov/Archives/edgar/data/1114995/000156459021052329/0001564590-21-052329-index.htm", "finalLink": "https://www.sec.gov/Archives/edgar/data/1114995/000156459021052329/pi-10q_20210930.htm"}, {"date": "2021-06-30", "symbol": "PI", "reportedCurrency": "USD", "cik": "0001114995", "fillingDate": "2021-07-28", "acceptedDate": "2021-07-28 16:27:21", "calendarYear": "2021", "period": "Q2", "revenue": 47268000, "costOfRevenue": 22491000, "grossProfit": 24777000, "grossProfitRatio": 0.5241812643, "researchAndDevelopmentExpenses": 15900000, "generalAndAdministrativeExpenses": 8998000, "sellingAndMarketingExpenses": 8196000, "sellingGeneralAndAdministrativeExpenses": 17194000, "otherExpenses": -4000, "operatingExpenses": 33094000, "costAndExpenses": 55585000, "interestIncome": 0, "interestExpense": 432000, "depreciationAndAmortization": 1036000, "ebitda": -7285000, "ebitdaratio": -0.1541211813, "operatingIncome": -8317000, "operatingIncomeRatio": -0.1759541339, "totalOtherIncomeExpensesNet": -529000, "incomeBeforeTax": -8846000, "incomeBeforeTaxRatio": -0.1871456376, "incomeTaxExpense": 60000, "netIncome": -8906000, "netIncomeRatio": -0.1884149953, "eps": -0.37, "epsdiluted": -0.37, "weightedAverageShsOut": 24120000, "weightedAverageShsOutDil": 24120000, "link": "https://www.sec.gov/Archives/edgar/data/1114995/000156459021038640/0001564590-21-038640-index.htm", "finalLink": "https://www.sec.gov/Archives/edgar/data/1114995/000156459021038640/pi-10q_20210630.htm"}, {"date": "2021-03-31", "symbol": "PI", "reportedCurrency": "USD", "cik": "0001114995", "fillingDate": "2021-04-28", "acceptedDate": "2021-04-28 16:24:02", "calendarYear": "2021", "period": "Q1", "revenue": 45248000, "costOfRevenue": 23267000, "grossProfit": 21981000, "grossProfitRatio": 0.4857894272, "researchAndDevelopmentExpenses": 13791000, "generalAndAdministrativeExpenses": 8154000, "sellingAndMarketingExpenses": 7645000, "sellingGeneralAndAdministrativeExpenses": 15799000, "otherExpenses": 23000, "operatingExpenses": 29590000, "costAndExpenses": 52857000, "interestIncome": 0, "interestExpense": 431000, "depreciationAndAmortization": 1040000, "ebitda": -7809000, "ebitdaratio": -0.1725822136, "operatingIncome": -8872000, "operatingIncomeRatio": -0.1960749646, "totalOtherIncomeExpensesNet": -502000, "incomeBeforeTax": -9374000, "incomeBeforeTaxRatio": -0.2071693777, "incomeTaxExpense": 42000, "netIncome": -9416000, "netIncomeRatio": -0.2080975955, "eps": -0.4, "epsdiluted": -0.4, "weightedAverageShsOut": 23671000, "weightedAverageShsOutDil": 23671000, "link": "https://www.sec.gov/Archives/edgar/data/1114995/000156459021021384/0001564590-21-021384-index.htm", "finalLink": "https://www.sec.gov/Archives/edgar/data/1114995/000156459021021384/pi-10q_20210331.htm"}, {"date": "2020-12-31", "symbol": "PI", "reportedCurrency": "USD", "cik": "0001114995", "fillingDate": "2021-02-17", "acceptedDate": "2021-02-17 16:20:09", "calendarYear": "2020", "period": "Q4", "revenue": 36448000, "costOfRevenue": 19034000, "grossProfit": 17414000, "grossProfitRatio": 0.4777765584, "researchAndDevelopmentExpenses": 14971000, "generalAndAdministrativeExpenses": 8743000, "sellingAndMarketingExpenses": 8086000, "sellingGeneralAndAdministrativeExpenses": 16829000, "otherExpenses": 66000, "operatingExpenses": 31800000, "costAndExpenses": 50834000, "interestIncome": 0, "interestExpense": 1326000, "depreciationAndAmortization": 1102000, "ebitda": -13218000, "ebitdaratio": -0.3626536435, "operatingIncome": -14386000, "operatingIncomeRatio": -0.3946992976, "totalOtherIncomeExpensesNet": -1326000, "incomeBeforeTax": -15712000, "incomeBeforeTaxRatio": -0.4310798946, "incomeTaxExpense": 5000, "netIncome": -15717000, "netIncomeRatio": -0.4312170764, "eps": -0.68, "epsdiluted": -0.68, "weightedAverageShsOut": 23218000, "weightedAverageShsOutDil": 23218000, "link": "https://www.sec.gov/Archives/edgar/data/1114995/000156459021006386/0001564590-21-006386-index.htm", "finalLink": "https://www.sec.gov/Archives/edgar/data/1114995/000156459021006386/pi-10k_20201231.htm"}, {"date": "2020-09-30", "symbol": "PI", "reportedCurrency": "USD", "cik": "0001114995", "fillingDate": "2020-10-28", "acceptedDate": "2020-10-28 16:23:32", "calendarYear": "2020", "period": "Q3", "revenue": 28196000, "costOfRevenue": 14824000, "grossProfit": 13372000, "grossProfitRatio": 0.4742516669, "researchAndDevelopmentExpenses": 11901000, "generalAndAdministrativeExpenses": 7527000, "sellingAndMarketingExpenses": 6964000, "sellingGeneralAndAdministrativeExpenses": 14491000, "otherExpenses": 0, "operatingExpenses": 26392000, "costAndExpenses": 41216000, "interestIncome": 49000, "interestExpense": 1330000, "depreciationAndAmortization": 1108000, "ebitda": -11912000, "ebitdaratio": -0.4224712725, "operatingIncome": -13020000, "operatingIncomeRatio": -0.4617676266, "totalOtherIncomeExpensesNet": -1311000, "incomeBeforeTax": -14331000, "incomeBeforeTaxRatio": -0.5082635835, "incomeTaxExpense": 15000, "netIncome": -14346000, "netIncomeRatio": -0.5087955738, "eps": -0.63, "epsdiluted": -0.63, "weightedAverageShsOut": 22931000, "weightedAverageShsOutDil": 22931000, "link": "https://www.sec.gov/Archives/edgar/data/1114995/000156459020048360/0001564590-20-048360-index.htm", "finalLink": "https://www.sec.gov/Archives/edgar/data/1114995/000156459020048360/pi-10q_20200930.htm"}, {"date": "2020-06-30", "symbol": "PI", "reportedCurrency": "USD", "cik": "0001114995", "fillingDate": "2020-07-29", "acceptedDate": "2020-07-29 17:40:42", "calendarYear": "2020", "period": "Q2", "revenue": 26457000, "costOfRevenue": 13497000, "grossProfit": 12960000, "grossProfitRatio": 0.4898514571, "researchAndDevelopmentExpenses": 10661000, "generalAndAdministrativeExpenses": 12446000, "sellingAndMarketingExpenses": 6123000, "sellingGeneralAndAdministrativeExpenses": 18569000, "otherExpenses": 126000, "operatingExpenses": 29230000, "costAndExpenses": 42727000, "interestIncome": 0, "interestExpense": 1322000, "depreciationAndAmortization": 1126000, "ebitda": -15018000, "ebitdaratio": -0.5676380542, "operatingIncome": -16270000, "operatingIncomeRatio": -0.614960124, "totalOtherIncomeExpensesNet": -1223000, "incomeBeforeTax": -17493000, "incomeBeforeTaxRatio": -0.6611860755, "incomeTaxExpense": 41000, "netIncome": -17534000, "netIncomeRatio": -0.6627357599, "eps": -0.77, "epsdiluted": -0.77, "weightedAverageShsOut": 22716000, "weightedAverageShsOutDil": 22716000, "link": "https://www.sec.gov/Archives/edgar/data/1114995/000156459020034365/0001564590-20-034365-index.htm", "finalLink": "https://www.sec.gov/Archives/edgar/data/1114995/000156459020034365/pi-10q_20200630.htm"}, {"date": "2020-03-31", "symbol": "PI", "reportedCurrency": "USD", "cik": "0001114995", "fillingDate": "2020-04-27", "acceptedDate": "2020-04-27 16:30:49", "calendarYear": "2020", "period": "Q1", "revenue": 47822000, "costOfRevenue": 26428000, "grossProfit": 21394000, "grossProfitRatio": 0.4473673205, "researchAndDevelopmentExpenses": 11057000, "generalAndAdministrativeExpenses": 6242000, "sellingAndMarketingExpenses": 7490000, "sellingGeneralAndAdministrativeExpenses": 13732000, "otherExpenses": 0, "operatingExpenses": 24789000, "costAndExpenses": 51217000, "interestIncome": 1000, "interestExpense": 1312000, "depreciationAndAmortization": 1168000, "ebitda": -1818000, "ebitdaratio": -0.0380159759, "operatingIncome": -3395000, "operatingIncomeRatio": -0.0709924303, "totalOtherIncomeExpensesNet": -903000, "incomeBeforeTax": -4298000, "incomeBeforeTaxRatio": -0.089874953, "incomeTaxExpense": 28000, "netIncome": -4326000, "netIncomeRatio": -0.0904604575, "eps": -0.19, "epsdiluted": -0.19, "weightedAverageShsOut": 22412000, "weightedAverageShsOutDil": 22412000, "link": "https://www.sec.gov/Archives/edgar/data/1114995/000156459020018835/0001564590-20-018835-index.htm", "finalLink": "https://www.sec.gov/Archives/edgar/data/1114995/000156459020018835/pi-10q_20200331.htm"}, {"date": "2019-12-31", "symbol": "PI", "reportedCurrency": "USD", "cik": "0001114995", "fillingDate": "2020-03-02", "acceptedDate": "2020-03-02 16:25:23", "calendarYear": "2019", "period": "Q4", "revenue": 40821000, "costOfRevenue": 20889000, "grossProfit": 19932000, "grossProfitRatio": 0.4882780922, "researchAndDevelopmentExpenses": 11202000, "generalAndAdministrativeExpenses": 7488000, "sellingAndMarketingExpenses": 8063000, "sellingGeneralAndAdministrativeExpenses": 15551000, "otherExpenses": 0, "operatingExpenses": 26753000, "costAndExpenses": 47642000, "interestIncome": 0, "interestExpense": 531000, "depreciationAndAmortization": 1172000, "ebitda": -5930000, "ebitdaratio": -0.1452683668, "operatingIncome": -6821000, "operatingIncomeRatio": -0.1670953676, "totalOtherIncomeExpensesNet": -812000, "incomeBeforeTax": -7633000, "incomeBeforeTaxRatio": -0.18698709, "incomeTaxExpense": 47000, "netIncome": -7680000, "netIncomeRatio": -0.1881384581, "eps": -0.35, "epsdiluted": -0.35, "weightedAverageShsOut": 22173000, "weightedAverageShsOutDil": 22173000, "link": "https://www.sec.gov/Archives/edgar/data/1114995/000156459020008171/0001564590-20-008171-index.htm", "finalLink": "https://www.sec.gov/Archives/edgar/data/1114995/000156459020008171/pi-10k_20191231.htm"}, {"date": "2019-09-30", "symbol": "PI", "reportedCurrency": "USD", "cik": "0001114995", "fillingDate": "2019-11-04", "acceptedDate": "2019-11-04 15:27:54", "calendarYear": "2019", "period": "Q3", "revenue": 40762000, "costOfRevenue": 20981000, "grossProfit": 19781000, "grossProfitRatio": 0.4852804082, "researchAndDevelopmentExpenses": 10344000, "generalAndAdministrativeExpenses": 5503000, "sellingAndMarketingExpenses": 7842000, "sellingGeneralAndAdministrativeExpenses": 13345000, "otherExpenses": 0, "operatingExpenses": 23689000, "costAndExpenses": 44670000, "interestIncome": 317000, "interestExpense": 413000, "depreciationAndAmortization": 1220000, "ebitda": -2371000, "ebitdaratio": -0.0581669202, "operatingIncome": -3908000, "operatingIncomeRatio": -0.0958736078, "totalOtherIncomeExpensesNet": -96000, "incomeBeforeTax": -4004000, "incomeBeforeTaxRatio": -0.0982287425, "incomeTaxExpense": 77000, "netIncome": -4081000, "netIncomeRatio": -0.1001177567, "eps": -0.19, "epsdiluted": -0.19, "weightedAverageShsOut": 21961000, "weightedAverageShsOutDil": 21961000, "link": "https://www.sec.gov/Archives/edgar/data/1114995/000156459019039744/0001564590-19-039744-index.htm", "finalLink": "https://www.sec.gov/Archives/edgar/data/1114995/000156459019039744/pi-10q_20190930.htm"}, {"date": "2019-06-30", "symbol": "PI", "reportedCurrency": "USD", "cik": "0001114995", "fillingDate": "2019-07-29", "acceptedDate": "2019-07-29 16:46:31", "calendarYear": "2019", "period": "Q2", "revenue": 38190000, "costOfRevenue": 19774000, "grossProfit": 18416000, "grossProfitRatio": 0.4822204766, "researchAndDevelopmentExpenses": 8773000, "generalAndAdministrativeExpenses": 5455000, "sellingAndMarketingExpenses": 8188000, "sellingGeneralAndAdministrativeExpenses": 13643000, "otherExpenses": 0, "operatingExpenses": 22416000, "costAndExpenses": 42190000, "interestIncome": 0, "interestExpense": 421000, "depreciationAndAmortization": 1262000, "ebitda": -2429000, "ebitdaratio": -0.0636030374, "operatingIncome": -4000000, "operatingIncomeRatio": -0.1047394606, "totalOtherIncomeExpensesNet": -112000, "incomeBeforeTax": -4112000, "incomeBeforeTaxRatio": -0.1076721655, "incomeTaxExpense": 46000, "netIncome": -4158000, "netIncomeRatio": -0.1088766693, "eps": -0.19, "epsdiluted": -0.19, "weightedAverageShsOut": 21709000, "weightedAverageShsOutDil": 21709000, "link": "https://www.sec.gov/Archives/edgar/data/1114995/000156459019026624/0001564590-19-026624-index.htm", "finalLink": "https://www.sec.gov/Archives/edgar/data/1114995/000156459019026624/pi-10q_20190630.htm"}, {"date": "2019-03-31", "symbol": "PI", "reportedCurrency": "USD", "cik": "0001114995", "fillingDate": "2019-04-29", "acceptedDate": "2019-04-29 16:17:37", "calendarYear": "2019", "period": "Q1", "revenue": 33063000, "costOfRevenue": 17190000, "grossProfit": 15873000, "grossProfitRatio": 0.480083477, "researchAndDevelopmentExpenses": 8561000, "generalAndAdministrativeExpenses": 5695000, "sellingAndMarketingExpenses": 8549000, "sellingGeneralAndAdministrativeExpenses": 14244000, "otherExpenses": 0, "operatingExpenses": 22805000, "costAndExpenses": 39995000, "interestIncome": 0, "interestExpense": 429000, "depreciationAndAmortization": 1155000, "ebitda": -5456000, "ebitdaratio": -0.1650182984, "operatingIncome": -6932000, "operatingIncomeRatio": -0.2096603454, "totalOtherIncomeExpensesNet": -108000, "incomeBeforeTax": -7040000, "incomeBeforeTaxRatio": -0.2129268366, "incomeTaxExpense": 28000, "netIncome": -7068000, "netIncomeRatio": -0.2137737047, "eps": -0.33, "epsdiluted": -0.33, "weightedAverageShsOut": 21544000, "weightedAverageShsOutDil": 21544000, "link": "https://www.sec.gov/Archives/edgar/data/1114995/000156459019013733/0001564590-19-013733-index.htm", "finalLink": "https://www.sec.gov/Archives/edgar/data/1114995/000156459019013733/pi-10q_20190331.htm"}, {"date": "2018-12-31", "symbol": "PI", "reportedCurrency": "USD", "cik": "0001114995", "fillingDate": "2019-02-28", "acceptedDate": "2019-02-28 13:39:33", "calendarYear": "2018", "period": "Q4", "revenue": 34618000, "costOfRevenue": 18307000, "grossProfit": 16311000, "grossProfitRatio": 0.4711710671, "researchAndDevelopmentExpenses": 8998000, "generalAndAdministrativeExpenses": 5318000, "sellingAndMarketingExpenses": 8188000, "sellingGeneralAndAdministrativeExpenses": 13506000, "otherExpenses": 0, "operatingExpenses": 22504000, "costAndExpenses": 40811000, "interestIncome": 0, "interestExpense": 433000, "depreciationAndAmortization": 1140000, "ebitda": -4806000, "ebitdaratio": -0.1388295107, "operatingIncome": -6193000, "operatingIncomeRatio": -0.1788953723, "totalOtherIncomeExpensesNet": -186000, "incomeBeforeTax": -6379000, "incomeBeforeTaxRatio": -0.1842682997, "incomeTaxExpense": -392000, "netIncome": -5987000, "netIncomeRatio": -0.1729447108, "eps": -0.28, "epsdiluted": -0.28, "weightedAverageShsOut": 21477000, "weightedAverageShsOutDil": 21477000, "link": "https://www.sec.gov/Archives/edgar/data/1114995/000156459019005341/0001564590-19-005341-index.htm", "finalLink": "https://www.sec.gov/Archives/edgar/data/1114995/000156459019005341/pi-10k_20181231.htm"}, {"date": "2018-09-30", "symbol": "PI", "reportedCurrency": "USD", "cik": "0001114995", "fillingDate": "2018-10-29", "acceptedDate": "2018-10-29 16:32:53", "calendarYear": "2018", "period": "Q3", "revenue": 34405000, "costOfRevenue": 17857000, "grossProfit": 16548000, "grossProfitRatio": 0.4809766022, "researchAndDevelopmentExpenses": 8804000, "generalAndAdministrativeExpenses": 6695000, "sellingAndMarketingExpenses": 7864000, "sellingGeneralAndAdministrativeExpenses": 14559000, "otherExpenses": 204000, "operatingExpenses": 23363000, "costAndExpenses": 41220000, "interestIncome": 0, "interestExpense": 390000, "depreciationAndAmortization": 1136000, "ebitda": -5475000, "ebitdaratio": -0.1591338468, "operatingIncome": -6815000, "operatingIncomeRatio": -0.1980816742, "totalOtherIncomeExpensesNet": -186000, "incomeBeforeTax": -7001000, "incomeBeforeTaxRatio": -0.2034878651, "incomeTaxExpense": 69000, "netIncome": -7070000, "netIncomeRatio": -0.2054933876, "eps": -0.33, "epsdiluted": -0.33, "weightedAverageShsOut": 21403000, "weightedAverageShsOutDil": 21403000, "link": "https://www.sec.gov/Archives/edgar/data/1114995/000156459018025418/0001564590-18-025418-index.htm", "finalLink": "https://www.sec.gov/Archives/edgar/data/1114995/000156459018025418/pi-10q_20180930.htm"}, {"date": "2018-06-30", "symbol": "PI", "reportedCurrency": "USD", "cik": "0001114995", "fillingDate": "2018-09-12", "acceptedDate": "2018-09-12 16:44:41", "calendarYear": "2018", "period": "Q2", "revenue": 28542000, "costOfRevenue": 14882000, "grossProfit": 13660000, "grossProfitRatio": 0.4785929507, "researchAndDevelopmentExpenses": 8363000, "generalAndAdministrativeExpenses": 5061000, "sellingAndMarketingExpenses": 8023000, "sellingGeneralAndAdministrativeExpenses": 13084000, "otherExpenses": 0, "operatingExpenses": 21447000, "costAndExpenses": 36329000, "interestIncome": 0, "interestExpense": 351000, "depreciationAndAmortization": 1138000, "ebitda": -6204000, "ebitdaratio": -0.2173638848, "operatingIncome": -7609000, "operatingIncomeRatio": -0.2665895873, "totalOtherIncomeExpensesNet": -84000, "incomeBeforeTax": -7693000, "incomeBeforeTaxRatio": -0.2695326186, "incomeTaxExpense": 39000, "netIncome": -7732000, "netIncomeRatio": -0.270899026, "eps": -0.36, "epsdiluted": -0.36, "weightedAverageShsOut": 21333000, "weightedAverageShsOutDil": 21333000, "link": "https://www.sec.gov/Archives/edgar/data/1114995/000156459018023035/0001564590-18-023035-index.htm", "finalLink": "https://www.sec.gov/Archives/edgar/data/1114995/000156459018023035/pi-10q_20180630.htm"}, {"date": "2018-03-31", "symbol": "PI", "reportedCurrency": "USD", "cik": "0001114995", "fillingDate": "2018-05-08", "acceptedDate": "2018-05-08 17:01:29", "calendarYear": "2018", "period": "Q1", "revenue": 25068000, "costOfRevenue": 13306000, "grossProfit": 11762000, "grossProfitRatio": 0.4692037658, "researchAndDevelopmentExpenses": 8003000, "generalAndAdministrativeExpenses": 5225000, "sellingAndMarketingExpenses": 8859000, "sellingGeneralAndAdministrativeExpenses": 14084000, "otherExpenses": 90000, "operatingExpenses": 22087000, "costAndExpenses": 35393000, "interestIncome": 0, "interestExpense": 229000, "depreciationAndAmortization": 1120000, "ebitda": -13042000, "ebitdaratio": -0.5202648795, "operatingIncome": -14252000, "operatingIncomeRatio": -0.5685335886, "totalOtherIncomeExpensesNet": -139000, "incomeBeforeTax": -14391000, "incomeBeforeTaxRatio": -0.5740785065, "incomeTaxExpense": 51000, "netIncome": -14442000, "netIncomeRatio": -0.5761129727, "eps": -0.68, "epsdiluted": -0.68, "weightedAverageShsOut": 21125000, "weightedAverageShsOutDil": 21125000, "link": "https://www.sec.gov/Archives/edgar/data/1114995/000156459018011919/0001564590-18-011919-index.htm", "finalLink": "https://www.sec.gov/Archives/edgar/data/1114995/000156459018011919/pi-10q_20180331.htm"}, {"date": "2017-12-31", "symbol": "PI", "reportedCurrency": "USD", "cik": "0001114995", "fillingDate": "2018-03-15", "acceptedDate": "2018-03-15 16:32:24", "calendarYear": "2017", "period": "Q4", "revenue": 26863000, "costOfRevenue": 13854000, "grossProfit": 13009000, "grossProfitRatio": 0.4842720471, "researchAndDevelopmentExpenses": 8912000, "generalAndAdministrativeExpenses": 4529000, "sellingAndMarketingExpenses": 9092000, "sellingGeneralAndAdministrativeExpenses": 13621000, "otherExpenses": 0, "operatingExpenses": 22533000, "costAndExpenses": 36387000, "interestIncome": 0, "interestExpense": 59000, "depreciationAndAmortization": 1082000, "ebitda": -8497000, "ebitdaratio": -0.3163086774, "operatingIncome": -9524000, "operatingIncomeRatio": -0.3545397014, "totalOtherIncomeExpensesNet": -59000, "incomeBeforeTax": -9583000, "incomeBeforeTaxRatio": -0.356736031, "incomeTaxExpense": -249000, "netIncome": -9334000, "netIncomeRatio": -0.3474667759, "eps": -0.45, "epsdiluted": -0.45, "weightedAverageShsOut": 20907000, "weightedAverageShsOutDil": 20907000, "link": "https://www.sec.gov/Archives/edgar/data/1114995/000156459018005846/0001564590-18-005846-index.htm", "finalLink": "https://www.sec.gov/Archives/edgar/data/1114995/000156459018005846/pi-10k_20171231.htm"}, {"date": "2017-09-30", "symbol": "PI", "reportedCurrency": "USD", "cik": "0001114995", "fillingDate": "2017-11-09", "acceptedDate": "2017-11-09 15:49:04", "calendarYear": "2017", "period": "Q3", "revenue": 32599000, "costOfRevenue": 15606000, "grossProfit": 16993000, "grossProfitRatio": 0.5212736587, "researchAndDevelopmentExpenses": 8846000, "generalAndAdministrativeExpenses": 4723000, "sellingAndMarketingExpenses": 8107000, "sellingGeneralAndAdministrativeExpenses": 12830000, "otherExpenses": 0, "operatingExpenses": 21676000, "costAndExpenses": 37282000, "interestIncome": 0, "interestExpense": 223000, "depreciationAndAmortization": 1021000, "ebitda": -3662000, "ebitdaratio": -0.1123347342, "operatingIncome": -4683000, "operatingIncomeRatio": -0.1436547133, "totalOtherIncomeExpensesNet": -118000, "incomeBeforeTax": -4801000, "incomeBeforeTaxRatio": -0.1472744563, "incomeTaxExpense": 50000, "netIncome": -4851000, "netIncomeRatio": -0.1488082457, "eps": -0.23, "epsdiluted": -0.23, "weightedAverageShsOut": 20826000, "weightedAverageShsOutDil": 20826000, "link": "https://www.sec.gov/Archives/edgar/data/1114995/000156459017023200/0001564590-17-023200-index.htm", "finalLink": "https://www.sec.gov/Archives/edgar/data/1114995/000156459017023200/pi-10q_20170930.htm"}, {"date": "2017-06-30", "symbol": "PI", "reportedCurrency": "USD", "cik": "0001114995", "fillingDate": "2017-08-14", "acceptedDate": "2017-08-14 15:59:06", "calendarYear": "2017", "period": "Q2", "revenue": 34111000, "costOfRevenue": 15940000, "grossProfit": 18171000, "grossProfitRatio": 0.5327020609, "researchAndDevelopmentExpenses": 7119000, "generalAndAdministrativeExpenses": 4822000, "sellingAndMarketingExpenses": 7044000, "sellingGeneralAndAdministrativeExpenses": 11866000, "otherExpenses": 0, "operatingExpenses": 18985000, "costAndExpenses": 34925000, "interestIncome": 0, "interestExpense": 307000, "depreciationAndAmortization": 973000, "ebitda": 159000, "ebitdaratio": 0.004661253, "operatingIncome": -814000, "operatingIncomeRatio": -0.0238632699, "totalOtherIncomeExpensesNet": -118000, "incomeBeforeTax": -932000, "incomeBeforeTaxRatio": -0.0273225646, "incomeTaxExpense": 45000, "netIncome": -977000, "netIncomeRatio": -0.0286417871, "eps": -0.0473, "epsdiluted": -0.0473, "weightedAverageShsOut": 20636000, "weightedAverageShsOutDil": 20636000, "link": "https://www.sec.gov/Archives/edgar/data/1114995/000156459017017636/0001564590-17-017636-index.htm", "finalLink": "https://www.sec.gov/Archives/edgar/data/1114995/000156459017017636/pi-10q_20170630.htm"}, {"date": "2017-03-31", "symbol": "PI", "reportedCurrency": "USD", "cik": "0001114995", "fillingDate": "2017-05-11", "acceptedDate": "2017-05-11 16:46:41", "calendarYear": "2017", "period": "Q1", "revenue": 31727000, "costOfRevenue": 14959000, "grossProfit": 16768000, "grossProfitRatio": 0.5285088411, "researchAndDevelopmentExpenses": 7343000, "generalAndAdministrativeExpenses": 4087000, "sellingAndMarketingExpenses": 7336000, "sellingGeneralAndAdministrativeExpenses": 11423000, "otherExpenses": 0, "operatingExpenses": 18766000, "costAndExpenses": 33725000, "interestIncome": 0, "interestExpense": 105000, "depreciationAndAmortization": 874000, "ebitda": -834000, "ebitdaratio": -0.0262867589, "operatingIncome": -1998000, "operatingIncomeRatio": -0.0629747534, "totalOtherIncomeExpensesNet": -105000, "incomeBeforeTax": -2103000, "incomeBeforeTaxRatio": -0.0662842374, "incomeTaxExpense": 57000, "netIncome": -2160000, "netIncomeRatio": -0.0680808144, "eps": -0.11, "epsdiluted": -0.11, "weightedAverageShsOut": 20344000, "weightedAverageShsOutDil": 20344000, "link": "https://www.sec.gov/Archives/edgar/data/1114995/000156459017010565/0001564590-17-010565-index.htm", "finalLink": "https://www.sec.gov/Archives/edgar/data/1114995/000156459017010565/pi-10q_20170331.htm"}, {"date": "2016-12-31", "symbol": "PI", "reportedCurrency": "USD", "cik": "0001114995", "fillingDate": "2017-03-03", "acceptedDate": "2017-03-03 16:20:30", "calendarYear": "2016", "period": "Q4", "revenue": 33655000, "costOfRevenue": 15267000, "grossProfit": 18388000, "grossProfitRatio": 0.5463675531, "researchAndDevelopmentExpenses": 7403000, "generalAndAdministrativeExpenses": 4212000, "sellingAndMarketingExpenses": 6428000, "sellingGeneralAndAdministrativeExpenses": 10640000, "otherExpenses": 0, "operatingExpenses": 18043000, "costAndExpenses": 33310000, "interestIncome": 139000, "interestExpense": 311000, "depreciationAndAmortization": 726000, "ebitda": 1210000, "ebitdaratio": 0.035953053, "operatingIncome": 345000, "operatingIncomeRatio": 0.0102510771, "totalOtherIncomeExpensesNet": -172000, "incomeBeforeTax": 173000, "incomeBeforeTaxRatio": 0.0051403952, "incomeTaxExpense": 70000, "netIncome": 103000, "netIncomeRatio": 0.0030604665, "eps": 0.01, "epsdiluted": 0.01, "weightedAverageShsOut": 19078000, "weightedAverageShsOutDil": 20667000, "link": "https://www.sec.gov/Archives/edgar/data/1114995/000156459017003329/0001564590-17-003329-index.htm", "finalLink": "https://www.sec.gov/Archives/edgar/data/1114995/000156459017003329/pi-10k_20161231.htm"}, {"date": "2016-09-30", "symbol": "PI", "reportedCurrency": "USD", "cik": "0001114995", "fillingDate": "2016-11-07", "acceptedDate": "2016-11-07 16:00:56", "calendarYear": "2016", "period": "Q3", "revenue": 31013000, "costOfRevenue": 14638000, "grossProfit": 16375000, "grossProfitRatio": 0.5280043853, "researchAndDevelopmentExpenses": 6622000, "generalAndAdministrativeExpenses": 3356000, "sellingAndMarketingExpenses": 5584000, "sellingGeneralAndAdministrativeExpenses": 8940000, "otherExpenses": 0, "operatingExpenses": 15562000, "costAndExpenses": 30200000, "interestIncome": 383000, "interestExpense": 345000, "depreciationAndAmortization": 660000, "ebitda": 1856000, "ebitdaratio": 0.0598458711, "operatingIncome": 813000, "operatingIncomeRatio": 0.0262148131, "totalOtherIncomeExpensesNet": 38000, "incomeBeforeTax": 851000, "incomeBeforeTaxRatio": 0.0274401058, "incomeTaxExpense": 43000, "netIncome": 808000, "netIncomeRatio": 0.0260535904, "eps": 0.01, "epsdiluted": 0.01, "weightedAverageShsOut": 15318000, "weightedAverageShsOutDil": 16859000, "link": "https://www.sec.gov/Archives/edgar/data/1114995/000156459016027932/0001564590-16-027932-index.htm", "finalLink": "https://www.sec.gov/Archives/edgar/data/1114995/000156459016027932/pi-10q_20160930.htm"}, {"date": "2016-06-30", "symbol": "PI", "reportedCurrency": "USD", "cik": "0001114995", "fillingDate": "2016-09-02", "acceptedDate": "2016-09-02 16:31:22", "calendarYear": "2016", "period": "Q2", "revenue": 25988000, "costOfRevenue": 12396000, "grossProfit": 13592000, "grossProfitRatio": 0.5230106203, "researchAndDevelopmentExpenses": 5726000, "generalAndAdministrativeExpenses": 2356000, "sellingAndMarketingExpenses": 5288000, "sellingGeneralAndAdministrativeExpenses": 7644000, "otherExpenses": 54000, "operatingExpenses": 13370000, "costAndExpenses": 25766000, "interestIncome": 0, "interestExpense": 490000, "depreciationAndAmortization": 770000, "ebitda": 992000, "ebitdaratio": 0.0381714638, "operatingIncome": 222000, "operatingIncomeRatio": 0.0085424042, "totalOtherIncomeExpensesNet": -436000, "incomeBeforeTax": -214000, "incomeBeforeTaxRatio": -0.0082345698, "incomeTaxExpense": 40000, "netIncome": -254000, "netIncomeRatio": -0.0097737417, "eps": -0.0143, "epsdiluted": -0.0143, "weightedAverageShsOut": 17810000, "weightedAverageShsOutDil": 17810000, "link": "https://www.sec.gov/Archives/edgar/data/1114995/000156459016024912/0001564590-16-024912-index.htm", "finalLink": "https://www.sec.gov/Archives/edgar/data/1114995/000156459016024912/pi-10q_20160630.htm"}, {"date": "2016-03-31", "symbol": "PI", "reportedCurrency": "USD", "cik": "0001114995", "fillingDate": "2016-03-31", "acceptedDate": "2016-03-30 20:00:00", "calendarYear": "2016", "period": "Q1", "revenue": 21631000, "costOfRevenue": 10475000, "grossProfit": 11156000, "grossProfitRatio": 0.5157412972, "researchAndDevelopmentExpenses": 5171000, "generalAndAdministrativeExpenses": 2931000, "sellingAndMarketingExpenses": 4922000, "sellingGeneralAndAdministrativeExpenses": 7853000, "otherExpenses": 40000, "operatingExpenses": 13024000, "costAndExpenses": 23499000, "interestIncome": 0, "interestExpense": 487000, "depreciationAndAmortization": 713000, "ebitda": -1155000, "ebitdaratio": -0.0533955897, "operatingIncome": -1868000, "operatingIncomeRatio": -0.0863575424, "totalOtherIncomeExpensesNet": -447000, "incomeBeforeTax": -2315000, "incomeBeforeTaxRatio": -0.1070223291, "incomeTaxExpense": 15000, "netIncome": -2330000, "netIncomeRatio": -0.1077157783, "eps": -0.18, "epsdiluted": -0.18, "weightedAverageShsOut": 12790000, "weightedAverageShsOutDil": 12790000, "link": "", "finalLink": ""}, {"date": "2015-12-31", "symbol": "PI", "reportedCurrency": "USD", "cik": "0001114995", "fillingDate": "2015-12-31", "acceptedDate": "2015-12-30 19:00:00", "calendarYear": "2015", "period": "Q4", "revenue": 22627000, "costOfRevenue": 10460000, "grossProfit": 12167000, "grossProfitRatio": 0.5377204225, "researchAndDevelopmentExpenses": 4517000, "generalAndAdministrativeExpenses": 2936000, "sellingAndMarketingExpenses": 4192000, "sellingGeneralAndAdministrativeExpenses": 7128000, "otherExpenses": 0, "operatingExpenses": 11645000, "costAndExpenses": 22105000, "interestIncome": 0, "interestExpense": 289000, "depreciationAndAmortization": 690000, "ebitda": 1212000, "ebitdaratio": 0.0535643258, "operatingIncome": 522000, "operatingIncomeRatio": 0.0230697839, "totalOtherIncomeExpensesNet": 384000, "incomeBeforeTax": 906000, "incomeBeforeTaxRatio": 0.0400406594, "incomeTaxExpense": 88000, "netIncome": 818000, "netIncomeRatio": 0.0361515004, "eps": 0.064, "epsdiluted": 0.064, "weightedAverageShsOut": 12790000, "weightedAverageShsOutDil": 12790000, "link": "", "finalLink": ""}, {"date": "2015-09-30", "symbol": "PI", "reportedCurrency": "USD", "cik": "0001114995", "fillingDate": "2015-09-30", "acceptedDate": "2015-09-30 00:00:00", "calendarYear": "2015", "period": "Q3", "revenue": 20664000, "costOfRevenue": 10048000, "grossProfit": 10616000, "grossProfitRatio": 0.5137437089, "researchAndDevelopmentExpenses": 4304000, "generalAndAdministrativeExpenses": 1938000, "sellingAndMarketingExpenses": 3772000, "sellingGeneralAndAdministrativeExpenses": 5710000, "otherExpenses": 0, "operatingExpenses": 10014000, "costAndExpenses": 20062000, "interestIncome": 0, "interestExpense": 560000, "depreciationAndAmortization": 443000, "ebitda": 1045000, "ebitdaratio": 0.0505710414, "operatingIncome": 602000, "operatingIncomeRatio": 0.0291327913, "totalOtherIncomeExpensesNet": -560000, "incomeBeforeTax": 42000, "incomeBeforeTaxRatio": 0.0020325203, "incomeTaxExpense": 29000, "netIncome": 13000, "netIncomeRatio": 0.0006291134, "eps": -0.22, "epsdiluted": -0.22, "weightedAverageShsOut": 12790000, "weightedAverageShsOutDil": 12790000, "link": "", "finalLink": ""}, {"date": "2015-06-30", "symbol": "PI", "reportedCurrency": "USD", "cik": "0001114995", "fillingDate": "2015-06-30", "acceptedDate": "2015-06-30 00:00:00", "calendarYear": "2015", "period": "Q2", "revenue": 19123000, "costOfRevenue": 8960000, "grossProfit": 10163000, "grossProfitRatio": 0.5314542697, "researchAndDevelopmentExpenses": 4023000, "generalAndAdministrativeExpenses": 1597000, "sellingAndMarketingExpenses": 3333000, "sellingGeneralAndAdministrativeExpenses": 4930000, "otherExpenses": 24000, "operatingExpenses": 8953000, "costAndExpenses": 17913000, "interestIncome": 0, "interestExpense": 230000, "depreciationAndAmortization": 425000, "ebitda": 1635000, "ebitdaratio": 0.0854991372, "operatingIncome": 1210000, "operatingIncomeRatio": 0.0632745908, "totalOtherIncomeExpensesNet": -206000, "incomeBeforeTax": 1004000, "incomeBeforeTaxRatio": 0.0525022225, "incomeTaxExpense": 30000, "netIncome": 974000, "netIncomeRatio": 0.0509334309, "eps": -0.14, "epsdiluted": -0.14, "weightedAverageShsOut": 12790000, "weightedAverageShsOutDil": 12790000, "link": "", "finalLink": ""}, {"date": "2015-03-31", "symbol": "PI", "reportedCurrency": "USD", "cik": "0001114995", "fillingDate": "2015-03-31", "acceptedDate": "2015-03-31 00:00:00", "calendarYear": "2015", "period": "Q1", "revenue": 16065000, "costOfRevenue": 8015000, "grossProfit": 8050000, "grossProfitRatio": 0.5010893246, "researchAndDevelopmentExpenses": 4058000, "generalAndAdministrativeExpenses": 1721000, "sellingAndMarketingExpenses": 3004000, "sellingGeneralAndAdministrativeExpenses": 4725000, "otherExpenses": 62000, "operatingExpenses": 8783000, "costAndExpenses": 16798000, "interestIncome": 0, "interestExpense": 215000, "depreciationAndAmortization": 414000, "ebitda": -257000, "ebitdaratio": -0.0159975101, "operatingIncome": -733000, "operatingIncomeRatio": -0.0456271397, "totalOtherIncomeExpensesNet": -153000, "incomeBeforeTax": -886000, "incomeBeforeTaxRatio": -0.0551509493, "incomeTaxExpense": 19000, "netIncome": -905000, "netIncomeRatio": -0.0563336446, "eps": -0.0708, "epsdiluted": -0.0708, "weightedAverageShsOut": 12790000, "weightedAverageShsOutDil": 12790000, "link": "", "finalLink": ""}, {"date": "2014-12-31", "symbol": "PI", "reportedCurrency": "USD", "cik": "0001114995", "fillingDate": "2014-12-31", "acceptedDate": "2014-12-30 19:00:00", "calendarYear": "2014", "period": "Q4", "revenue": 15189000, "costOfRevenue": 7555000, "grossProfit": 7634000, "grossProfitRatio": 0.5026005662, "researchAndDevelopmentExpenses": 3490000, "generalAndAdministrativeExpenses": 1810000, "sellingAndMarketingExpenses": 2769000, "sellingGeneralAndAdministrativeExpenses": 4617000, "otherExpenses": 0, "operatingExpenses": 8544000, "costAndExpenses": 16099000, "interestIncome": 195000, "interestExpense": 0, "depreciationAndAmortization": 374000, "ebitda": -99000, "ebitdaratio": -0.0065178748, "operatingIncome": -473000, "operatingIncomeRatio": -0.0311409573, "totalOtherIncomeExpensesNet": -632000, "incomeBeforeTax": -1105000, "incomeBeforeTaxRatio": -0.0727500165, "incomeTaxExpense": 24000, "netIncome": -3954000, "netIncomeRatio": -0.2603199684, "eps": -0.31, "epsdiluted": -0.31, "weightedAverageShsOut": 12790000, "weightedAverageShsOutDil": 12790000, "link": null, "finalLink": null}, {"date": "2014-09-30", "symbol": "PI", "reportedCurrency": "USD", "cik": "0001114995", "fillingDate": "2014-09-30", "acceptedDate": "2014-09-29 20:00:00", "calendarYear": "2014", "period": "Q3", "revenue": 17198000, "costOfRevenue": 8065000, "grossProfit": 9133000, "grossProfitRatio": 0.5310501221, "researchAndDevelopmentExpenses": 3929000, "generalAndAdministrativeExpenses": 1694000, "sellingAndMarketingExpenses": 2782000, "sellingGeneralAndAdministrativeExpenses": 4476000, "otherExpenses": 0, "operatingExpenses": 8405000, "costAndExpenses": 16470000, "interestIncome": 164000, "interestExpense": 0, "depreciationAndAmortization": 350000, "ebitda": 1078000, "ebitdaratio": 0.0626817072, "operatingIncome": 728000, "operatingIncomeRatio": 0.0423305035, "totalOtherIncomeExpensesNet": -164000, "incomeBeforeTax": 564000, "incomeBeforeTaxRatio": 0.032794511, "incomeTaxExpense": 24000, "netIncome": 540000, "netIncomeRatio": 0.0313989999, "eps": 0.0422, "epsdiluted": 0.0422, "weightedAverageShsOut": 12790000, "weightedAverageShsOutDil": 12790000, "link": null, "finalLink": null}, {"date": "2014-06-30", "symbol": "PI", "reportedCurrency": "USD", "cik": "0001114995", "fillingDate": "2014-06-30", "acceptedDate": "2014-06-29 20:00:00", "calendarYear": "2014", "period": "Q2", "revenue": 15688000, "costOfRevenue": 7206000, "grossProfit": 8482000, "grossProfitRatio": 0.5406680265, "researchAndDevelopmentExpenses": 3235000, "generalAndAdministrativeExpenses": 1630500, "sellingAndMarketingExpenses": 2555500, "sellingGeneralAndAdministrativeExpenses": 4186000, "otherExpenses": 0, "operatingExpenses": 7724499, "costAndExpenses": 14930499, "interestIncome": 291000, "interestExpense": 0, "depreciationAndAmortization": 321000, "ebitda": 1382000, "ebitdaratio": 0.0880928098, "operatingIncome": 1061000, "operatingIncomeRatio": 0.0676313106, "totalOtherIncomeExpensesNet": -594500, "incomeBeforeTax": 466500, "incomeBeforeTaxRatio": 0.029736104, "incomeTaxExpense": 24000, "netIncome": -5208500, "netIncomeRatio": -0.3320053544, "eps": -0.41, "epsdiluted": -0.41, "weightedAverageShsOut": 12790000, "weightedAverageShsOutDil": 12790000, "link": null, "finalLink": null}, {"date": "2014-03-31", "symbol": "PI", "reportedCurrency": "USD", "cik": "0001114995", "fillingDate": "2014-03-31", "acceptedDate": "2014-03-30 20:00:00", "calendarYear": "2014", "period": "Q1", "revenue": 15688000, "costOfRevenue": 7206000, "grossProfit": 8482000, "grossProfitRatio": 0.5406680265, "researchAndDevelopmentExpenses": 3235000, "generalAndAdministrativeExpenses": 1630500, "sellingAndMarketingExpenses": 2555500, "sellingGeneralAndAdministrativeExpenses": 4186000, "otherExpenses": 0, "operatingExpenses": 7763500, "costAndExpenses": 14969500, "interestIncome": 251000, "interestExpense": 0, "depreciationAndAmortization": 321000, "ebitda": 1382000, "ebitdaratio": 0.0880928098, "operatingIncome": 1061000, "operatingIncomeRatio": 0.0676313106, "totalOtherIncomeExpensesNet": -593500, "incomeBeforeTax": 467500, "incomeBeforeTaxRatio": 0.029799847, "incomeTaxExpense": 24000, "netIncome": -2381500, "netIncomeRatio": -0.1518039266, "eps": -0.19, "epsdiluted": -0.19, "weightedAverageShsOut": 12790000, "weightedAverageShsOutDil": 12790000, "link": null, "finalLink": null}, {"date": "2011-03-31", "symbol": "PI", "reportedCurrency": "USD", "cik": "0001114995", "fillingDate": "2011-03-31", "acceptedDate": "2011-03-30 20:00:00", "calendarYear": "2011", "period": "Q1", "revenue": 12265000, "costOfRevenue": 6797000, "grossProfit": 5468000, "grossProfitRatio": 0.4458214431, "researchAndDevelopmentExpenses": 2781000, "generalAndAdministrativeExpenses": 1594000, "sellingAndMarketingExpenses": 2375000, "sellingGeneralAndAdministrativeExpenses": 3969000, "otherExpenses": 0, "operatingExpenses": 6750000, "costAndExpenses": 13547000, "interestIncome": 1000, "interestExpense": 382000, "depreciationAndAmortization": 323000, "ebitda": -958000, "ebitdaratio": -0.0781084386, "operatingIncome": -1282000, "operatingIncomeRatio": -0.1045250713, "totalOtherIncomeExpensesNet": -495000, "incomeBeforeTax": -1777000, "incomeBeforeTaxRatio": -0.1448838157, "incomeTaxExpense": 24000, "netIncome": -1801000, "netIncomeRatio": -0.1468406033, "eps": -0.14, "epsdiluted": -0.14, "weightedAverageShsOut": 12790000, "weightedAverageShsOutDil": 12790000, "link": "", "finalLink": ""}, {"date": "2010-03-31", "symbol": "PI", "reportedCurrency": "USD", "cik": "0001114995", "fillingDate": "2010-03-31", "acceptedDate": "2010-03-30 20:00:00", "calendarYear": "2010", "period": "Q1", "revenue": 5140000, "costOfRevenue": 2566000, "grossProfit": 2574000, "grossProfitRatio": 0.5007782101, "researchAndDevelopmentExpenses": 2389000, "generalAndAdministrativeExpenses": 1241000, "sellingAndMarketingExpenses": 1957000, "sellingGeneralAndAdministrativeExpenses": 3198000, "otherExpenses": 0, "operatingExpenses": 5587000, "costAndExpenses": 8153000, "interestIncome": 3000, "interestExpense": 55000, "depreciationAndAmortization": 338000, "ebitda": -2675000, "ebitdaratio": -0.5204280156, "operatingIncome": -3013000, "operatingIncomeRatio": -0.5861867704, "totalOtherIncomeExpensesNet": -55000, "incomeBeforeTax": -3068000, "incomeBeforeTaxRatio": -0.5968871595, "incomeTaxExpense": 19000, "netIncome": -3087000, "netIncomeRatio": -0.6005836576, "eps": -0.24, "epsdiluted": -0.24, "weightedAverageShsOut": 12790000, "weightedAverageShsOutDil": 12790000, "link": "", "finalLink": ""}]