[{"date": "2025-07-04", "symbol": "ON", "reportedCurrency": "USD", "cik": "0001097864", "fillingDate": "2025-08-04", "acceptedDate": "2025-08-04 11:24:40", "calendarYear": "2025", "period": "Q2", "revenue": 1468700000, "costOfRevenue": 928100000, "grossProfit": 540600000, "grossProfitRatio": 0.3680806155, "researchAndDevelopmentExpenses": 143800000, "generalAndAdministrativeExpenses": 91200000, "sellingAndMarketingExpenses": 63300000, "sellingGeneralAndAdministrativeExpenses": 154500000, "otherExpenses": 0, "operatingExpenses": 298300000, "costAndExpenses": 1226400000, "interestIncome": 25200000, "interestExpense": 17900000, "depreciationAndAmortization": 156400000, "ebitda": 376500000, "ebitdaratio": 0.2563491523, "operatingIncome": 242300000, "operatingIncomeRatio": 0.164975829, "totalOtherIncomeExpensesNet": -40100000, "incomeBeforeTax": 202200000, "incomeBeforeTaxRatio": 0.1376727718, "incomeTaxExpense": 30500000, "netIncome": 170300000, "netIncomeRatio": 0.1159528835, "eps": 0.41, "epsdiluted": 0.41, "weightedAverageShsOut": 414600000, "weightedAverageShsOutDil": 414900000, "link": "https://www.sec.gov/Archives/edgar/data/1097864/000109786425000013/0001097864-25-000013-index.htm", "finalLink": "https://www.sec.gov/Archives/edgar/data/1097864/000109786425000013/on-20250704.htm"}, {"date": "2025-04-04", "symbol": "ON", "reportedCurrency": "USD", "cik": "0001097864", "fillingDate": "2025-05-05", "acceptedDate": "2025-05-05 10:22:41", "calendarYear": "2025", "period": "Q1", "revenue": 1445700000, "costOfRevenue": 1151900000, "grossProfit": 293800000, "grossProfitRatio": 0.203223352, "researchAndDevelopmentExpenses": 164100000, "generalAndAdministrativeExpenses": 84400000, "sellingAndMarketingExpenses": 68300000, "sellingGeneralAndAdministrativeExpenses": 152700000, "otherExpenses": 550700000, "operatingExpenses": 867500000, "costAndExpenses": 2019400000, "interestIncome": 26600000, "interestExpense": 18000000, "depreciationAndAmortization": 168200000, "ebitda": -374800000, "ebitdaratio": -0.2592515736, "operatingIncome": -573700000, "operatingIncomeRatio": -0.3968319845, "totalOtherIncomeExpensesNet": 12700000, "incomeBeforeTax": -561000000, "incomeBeforeTaxRatio": -0.3880473127, "incomeTaxExpense": -75800000, "netIncome": -486100000, "netIncomeRatio": -0.3362385004, "eps": -1.15, "epsdiluted": -1.15, "weightedAverageShsOut": 421300000, "weightedAverageShsOutDil": 421300000, "link": "https://www.sec.gov/Archives/edgar/data/1097864/000162828025022042/0001628280-25-022042-index.htm", "finalLink": "https://www.sec.gov/Archives/edgar/data/1097864/000162828025022042/on-20250404.htm"}, {"date": "2024-12-31", "symbol": "ON", "reportedCurrency": "USD", "cik": "0001097864", "fillingDate": "2025-02-10", "acceptedDate": "2025-02-10 11:50:49", "calendarYear": "2024", "period": "Q4", "revenue": 1722500000, "costOfRevenue": 943400000, "grossProfit": 779100000, "grossProfitRatio": 0.4523076923, "researchAndDevelopmentExpenses": 155200000, "generalAndAdministrativeExpenses": 100500000, "sellingAndMarketingExpenses": 70400000, "sellingGeneralAndAdministrativeExpenses": 170900000, "otherExpenses": 44400000, "operatingExpenses": 370500000, "costAndExpenses": 1313900000, "interestIncome": 27800000, "interestExpense": 15300000, "depreciationAndAmortization": 166600000, "ebitda": 624400000, "ebitdaratio": 0.3624963716, "operatingIncome": 408600000, "operatingIncomeRatio": 0.2372133527, "totalOtherIncomeExpensesNet": 33900000, "incomeBeforeTax": 442500000, "incomeBeforeTaxRatio": 0.2568940493, "incomeTaxExpense": 62700000, "netIncome": 379900000, "netIncomeRatio": 0.2205515239, "eps": 0.89, "epsdiluted": 0.88, "weightedAverageShsOut": 425400000, "weightedAverageShsOutDil": 429600000, "link": "https://www.sec.gov/Archives/edgar/data/1097864/000162828025004557/0001628280-25-004557-index.htm", "finalLink": "https://www.sec.gov/Archives/edgar/data/1097864/000162828025004557/on-20241231.htm"}, {"date": "2024-09-27", "symbol": "ON", "reportedCurrency": "USD", "cik": "0001097864", "fillingDate": "2024-10-28", "acceptedDate": "2024-10-28 10:30:35", "calendarYear": "2024", "period": "Q3", "revenue": 1761900000, "costOfRevenue": 962500000, "grossProfit": 799400000, "grossProfitRatio": 0.4537147398, "researchAndDevelopmentExpenses": 151000000, "generalAndAdministrativeExpenses": 95500000, "sellingAndMarketingExpenses": 65400000, "sellingGeneralAndAdministrativeExpenses": 160900000, "otherExpenses": 42100000, "operatingExpenses": 354000000, "costAndExpenses": 1316500000, "interestIncome": 28600000, "interestExpense": 15700000, "depreciationAndAmortization": 161800000, "ebitda": 632100000, "ebitdaratio": 0.3587604291, "operatingIncome": 445400000, "operatingIncomeRatio": 0.2527952778, "totalOtherIncomeExpensesNet": 9200000, "incomeBeforeTax": 454600000, "incomeBeforeTaxRatio": 0.2580169136, "incomeTaxExpense": 51900000, "netIncome": 401700000, "netIncomeRatio": 0.2279925081, "eps": 0.94, "epsdiluted": 0.93, "weightedAverageShsOut": 427000000, "weightedAverageShsOutDil": 431700000, "link": "https://www.sec.gov/Archives/edgar/data/1097864/000162828024043880/0001628280-24-043880-index.htm", "finalLink": "https://www.sec.gov/Archives/edgar/data/1097864/000162828024043880/on-20240927.htm"}, {"date": "2024-06-28", "symbol": "ON", "reportedCurrency": "USD", "cik": "0001097864", "fillingDate": "2024-07-29", "acceptedDate": "2024-07-29 10:25:17", "calendarYear": "2024", "period": "Q2", "revenue": 1735200000, "costOfRevenue": 951200000, "grossProfit": 784000000, "grossProfitRatio": 0.4518211157, "researchAndDevelopmentExpenses": 156500000, "generalAndAdministrativeExpenses": 85000000, "sellingAndMarketingExpenses": 68600000, "sellingGeneralAndAdministrativeExpenses": 153600000, "otherExpenses": 85400000, "operatingExpenses": 395500000, "costAndExpenses": 1346700000, "interestIncome": 27400000, "interestExpense": 15700000, "depreciationAndAmortization": 159600000, "ebitda": 577400000, "ebitdaratio": 0.3327570309, "operatingIncome": 388500000, "operatingIncomeRatio": 0.2238934993, "totalOtherIncomeExpensesNet": 13600000, "incomeBeforeTax": 402100000, "incomeBeforeTaxRatio": 0.2317312125, "incomeTaxExpense": 63700000, "netIncome": 338200000, "netIncomeRatio": 0.1949054864, "eps": 0.79, "epsdiluted": 0.78, "weightedAverageShsOut": 429100000, "weightedAverageShsOutDil": 433200000, "link": "https://www.sec.gov/Archives/edgar/data/1097864/000162828024033229/0001628280-24-033229-index.htm", "finalLink": "https://www.sec.gov/Archives/edgar/data/1097864/000162828024033229/on-20240628.htm"}, {"date": "2024-03-29", "symbol": "ON", "reportedCurrency": "USD", "cik": "0001097864", "fillingDate": "2024-04-29", "acceptedDate": "2024-04-29 10:18:14", "calendarYear": "2024", "period": "Q1", "revenue": 1862700000, "costOfRevenue": 1009100000, "grossProfit": 853600000, "grossProfitRatio": 0.4582595158, "researchAndDevelopmentExpenses": 150000000, "generalAndAdministrativeExpenses": 95300000, "sellingAndMarketingExpenses": 69100000, "sellingGeneralAndAdministrativeExpenses": 164400000, "otherExpenses": 14000000, "operatingExpenses": 328400000, "costAndExpenses": 1337500000, "interestIncome": 27600000, "interestExpense": 15600000, "depreciationAndAmortization": 154900000, "ebitda": 708700000, "ebitdaratio": 0.3804692114, "operatingIncome": 525200000, "operatingIncomeRatio": 0.2819563, "totalOtherIncomeExpensesNet": 13000000, "incomeBeforeTax": 538200000, "incomeBeforeTaxRatio": 0.2889354163, "incomeTaxExpense": 84500000, "netIncome": 453000000, "netIncomeRatio": 0.2431953616, "eps": 1.06, "epsdiluted": 1.04, "weightedAverageShsOut": 428100000, "weightedAverageShsOutDil": 436500000, "link": "https://www.sec.gov/Archives/edgar/data/1097864/000162828024018814/0001628280-24-018814-index.htm", "finalLink": "https://www.sec.gov/Archives/edgar/data/1097864/000162828024018814/on-20240329.htm"}, {"date": "2023-12-31", "symbol": "ON", "reportedCurrency": "USD", "cik": "0001097864", "fillingDate": "2024-02-05", "acceptedDate": "2024-02-05 11:27:48", "calendarYear": "2023", "period": "Q4", "revenue": 2018100000, "costOfRevenue": 1076200000, "grossProfit": 941900000, "grossProfitRatio": 0.4667261285, "researchAndDevelopmentExpenses": 150200000, "generalAndAdministrativeExpenses": 88600000, "sellingAndMarketingExpenses": 67500000, "sellingGeneralAndAdministrativeExpenses": 156100000, "otherExpenses": 23500000, "operatingExpenses": 329800000, "costAndExpenses": 1406000000, "interestIncome": 26300000, "interestExpense": 15800000, "depreciationAndAmortization": 160300000, "ebitda": 787000000, "ebitdaratio": 0.3899707646, "operatingIncome": 612100000, "operatingIncomeRatio": 0.3033050889, "totalOtherIncomeExpensesNet": -1200000, "incomeBeforeTax": 610900000, "incomeBeforeTaxRatio": 0.3027104702, "incomeTaxExpense": 47500000, "netIncome": 562700000, "netIncomeRatio": 0.2788266191, "eps": 1.31, "epsdiluted": 1.28, "weightedAverageShsOut": 428100000, "weightedAverageShsOutDil": 439500000, "link": "https://www.sec.gov/Archives/edgar/data/1097864/000162828024003201/0001628280-24-003201-index.htm", "finalLink": "https://www.sec.gov/Archives/edgar/data/1097864/000162828024003201/on-20231231.htm"}, {"date": "2023-09-29", "symbol": "ON", "reportedCurrency": "USD", "cik": "0001097864", "fillingDate": "2023-10-30", "acceptedDate": "2023-10-30 10:27:37", "calendarYear": "2023", "period": "Q3", "revenue": 2180800000, "costOfRevenue": 1150100000, "grossProfit": 1030700000, "grossProfitRatio": 0.4726247249, "researchAndDevelopmentExpenses": 143400000, "generalAndAdministrativeExpenses": 110700000, "sellingAndMarketingExpenses": 68200000, "sellingGeneralAndAdministrativeExpenses": 178900000, "otherExpenses": 21400000, "operatingExpenses": 343700000, "costAndExpenses": 1493800000, "interestIncome": 25700000, "interestExpense": 16200000, "depreciationAndAmortization": 155400000, "ebitda": 869100000, "ebitdaratio": 0.3985234776, "operatingIncome": 687000000, "operatingIncomeRatio": 0.3150220103, "totalOtherIncomeExpensesNet": 10500000, "incomeBeforeTax": 697500000, "incomeBeforeTaxRatio": 0.3198367572, "incomeTaxExpense": 114600000, "netIncome": 582700000, "netIncomeRatio": 0.2671955246, "eps": 1.35, "epsdiluted": 1.29, "weightedAverageShsOut": 431200000, "weightedAverageShsOutDil": 450700000, "link": "https://www.sec.gov/Archives/edgar/data/1097864/000162828023035450/0001628280-23-035450-index.htm", "finalLink": "https://www.sec.gov/Archives/edgar/data/1097864/000162828023035450/on-20230929.htm"}, {"date": "2023-06-30", "symbol": "ON", "reportedCurrency": "USD", "cik": "0001097864", "fillingDate": "2023-07-31", "acceptedDate": "2023-07-31 10:41:53", "calendarYear": "2023", "period": "Q2", "revenue": 2094400000, "costOfRevenue": 1101000000, "grossProfit": 993400000, "grossProfitRatio": 0.4743124523, "researchAndDevelopmentExpenses": 145300000, "generalAndAdministrativeExpenses": 87200000, "sellingAndMarketingExpenses": 71600000, "sellingGeneralAndAdministrativeExpenses": 158800000, "otherExpenses": 14600000, "operatingExpenses": 318700000, "costAndExpenses": 1419700000, "interestIncome": 24000000, "interestExpense": 16400000, "depreciationAndAmortization": 148800000, "ebitda": 846700000, "ebitdaratio": 0.4042685256, "operatingIncome": 674700000, "operatingIncomeRatio": 0.322144767, "totalOtherIncomeExpensesNet": 6800000, "incomeBeforeTax": 681500000, "incomeBeforeTaxRatio": 0.3253915202, "incomeTaxExpense": 104400000, "netIncome": 576600000, "netIncomeRatio": 0.2753055768, "eps": 1.34, "epsdiluted": 1.29, "weightedAverageShsOut": 431700000, "weightedAverageShsOutDil": 448700000, "link": "https://www.sec.gov/Archives/edgar/data/1097864/000162828023026196/0001628280-23-026196-index.htm", "finalLink": "https://www.sec.gov/Archives/edgar/data/1097864/000162828023026196/on-20230630.htm"}, {"date": "2023-03-31", "symbol": "ON", "reportedCurrency": "USD", "cik": "0001097864", "fillingDate": "2023-05-01", "acceptedDate": "2023-05-01 10:37:16", "calendarYear": "2023", "period": "Q1", "revenue": 1959700000, "costOfRevenue": 1042200000, "grossProfit": 917500000, "grossProfitRatio": 0.4681839057, "researchAndDevelopmentExpenses": 138400000, "generalAndAdministrativeExpenses": 75900000, "sellingAndMarketingExpenses": 71800000, "sellingGeneralAndAdministrativeExpenses": 147700000, "otherExpenses": 66500000, "operatingExpenses": 352600000, "costAndExpenses": 1394800000, "interestIncome": 17100000, "interestExpense": 26400000, "depreciationAndAmortization": 145000000, "ebitda": 717300000, "ebitdaratio": 0.3660254121, "operatingIncome": 564900000, "operatingIncomeRatio": 0.2882584069, "totalOtherIncomeExpensesNet": -19000000, "incomeBeforeTax": 545900000, "incomeBeforeTaxRatio": 0.2785630454, "incomeTaxExpense": 83700000, "netIncome": 461700000, "netIncomeRatio": 0.2355972853, "eps": 1.07, "epsdiluted": 1.03, "weightedAverageShsOut": 431900000, "weightedAverageShsOutDil": 448500000, "link": "https://www.sec.gov/Archives/edgar/data/1097864/000162828023014387/0001628280-23-014387-index.htm", "finalLink": "https://www.sec.gov/Archives/edgar/data/1097864/000162828023014387/on-20230331.htm"}, {"date": "2022-12-31", "symbol": "ON", "reportedCurrency": "USD", "cik": "0001097864", "fillingDate": "2023-02-06", "acceptedDate": "2023-02-06 10:50:17", "calendarYear": "2022", "period": "Q4", "revenue": 2103600000, "costOfRevenue": 1083100000, "grossProfit": 1020500000, "grossProfitRatio": 0.4851207454, "researchAndDevelopmentExpenses": 136400000, "generalAndAdministrativeExpenses": 97200000, "sellingAndMarketingExpenses": 74200000, "sellingGeneralAndAdministrativeExpenses": 171400000, "otherExpenses": 16100000, "operatingExpenses": 323900000, "costAndExpenses": 1407000000, "interestIncome": 9100000, "interestExpense": 27500000, "depreciationAndAmortization": 133200000, "ebitda": 924000000, "ebitdaratio": 0.4392470051, "operatingIncome": 704300000, "operatingIncomeRatio": 0.3348069975, "totalOtherIncomeExpensesNet": 59000000, "incomeBeforeTax": 763300000, "incomeBeforeTaxRatio": 0.3628541548, "incomeTaxExpense": 159000000, "netIncome": 604300000, "netIncomeRatio": 0.2872694429, "eps": 1.4, "epsdiluted": 1.35, "weightedAverageShsOut": 432200000, "weightedAverageShsOutDil": 447900000, "link": "https://www.sec.gov/Archives/edgar/data/1097864/000162828023002350/0001628280-23-002350-index.htm", "finalLink": "https://www.sec.gov/Archives/edgar/data/1097864/000162828023002350/on-20221231.htm"}, {"date": "2022-09-30", "symbol": "ON", "reportedCurrency": "USD", "cik": "0001097864", "fillingDate": "2022-10-31", "acceptedDate": "2022-10-31 10:23:40", "calendarYear": "2022", "period": "Q3", "revenue": 2192600000, "costOfRevenue": 1134300000, "grossProfit": 1058300000, "grossProfitRatio": 0.4826689775, "researchAndDevelopmentExpenses": 145400000, "generalAndAdministrativeExpenses": 84900000, "sellingAndMarketingExpenses": 69500000, "sellingGeneralAndAdministrativeExpenses": 154400000, "otherExpenses": 21900000, "operatingExpenses": 321700000, "costAndExpenses": 1456000000, "interestIncome": 4900000, "interestExpense": 23700000, "depreciationAndAmortization": 139600000, "ebitda": 570100000, "ebitdaratio": 0.2600109459, "operatingIncome": 424500000, "operatingIncomeRatio": 0.1936057648, "totalOtherIncomeExpensesNet": -17700000, "incomeBeforeTax": 406800000, "incomeBeforeTaxRatio": 0.185533157, "incomeTaxExpense": 94900000, "netIncome": 311900000, "netIncomeRatio": 0.1422512086, "eps": 0.72, "epsdiluted": 0.7, "weightedAverageShsOut": 432900000, "weightedAverageShsOutDil": 448700000, "link": "https://www.sec.gov/Archives/edgar/data/1097864/000162828022027363/0001628280-22-027363-index.htm", "finalLink": "https://www.sec.gov/Archives/edgar/data/1097864/000162828022027363/on-20220930.htm"}, {"date": "2022-07-01", "symbol": "ON", "reportedCurrency": "USD", "cik": "0001097864", "fillingDate": "2022-08-01", "acceptedDate": "2022-08-01 10:16:28", "calendarYear": "2022", "period": "Q2", "revenue": 2085000000, "costOfRevenue": 1047900000, "grossProfit": 1037100000, "grossProfitRatio": 0.4974100719, "researchAndDevelopmentExpenses": 161600000, "generalAndAdministrativeExpenses": 83200000, "sellingAndMarketingExpenses": 73100000, "sellingGeneralAndAdministrativeExpenses": 156300000, "otherExpenses": 21900000, "operatingExpenses": 339800000, "costAndExpenses": 1387700000, "interestIncome": 1100000, "interestExpense": 22100000, "depreciationAndAmortization": 138400000, "ebitda": 724500000, "ebitdaratio": 0.3474820144, "operatingIncome": 584000000, "operatingIncomeRatio": 0.2800959233, "totalOtherIncomeExpensesNet": -20000000, "incomeBeforeTax": 564000000, "incomeBeforeTaxRatio": 0.2705035971, "incomeTaxExpense": 107400000, "netIncome": 455800000, "netIncomeRatio": 0.2186091127, "eps": 1.05, "epsdiluted": 1.02, "weightedAverageShsOut": 434200000, "weightedAverageShsOutDil": 447000000, "link": "https://www.sec.gov/Archives/edgar/data/1097864/000162828022019900/0001628280-22-019900-index.htm", "finalLink": "https://www.sec.gov/Archives/edgar/data/1097864/000162828022019900/on-20220701.htm"}, {"date": "2022-04-01", "symbol": "ON", "reportedCurrency": "USD", "cik": "0001097864", "fillingDate": "2022-05-02", "acceptedDate": "2022-05-02 10:15:55", "calendarYear": "2022", "period": "Q1", "revenue": 1945000000, "costOfRevenue": 983700000, "grossProfit": 961300000, "grossProfitRatio": 0.4942416452, "researchAndDevelopmentExpenses": 156800000, "generalAndAdministrativeExpenses": 77900000, "sellingAndMarketingExpenses": 71100000, "sellingGeneralAndAdministrativeExpenses": 149000000, "otherExpenses": 21300000, "operatingExpenses": 327100000, "costAndExpenses": 1310800000, "interestIncome": 400000, "interestExpense": 21600000, "depreciationAndAmortization": 140600000, "ebitda": 790300000, "ebitdaratio": 0.4063239075, "operatingIncome": 647200000, "operatingIncomeRatio": 0.3327506427, "totalOtherIncomeExpensesNet": -19100000, "incomeBeforeTax": 628100000, "incomeBeforeTaxRatio": 0.3229305913, "incomeTaxExpense": 97100000, "netIncome": 530200000, "netIncomeRatio": 0.272596401, "eps": 1.22, "epsdiluted": 1.18, "weightedAverageShsOut": 433300000, "weightedAverageShsOutDil": 448900000, "link": "https://www.sec.gov/Archives/edgar/data/1097864/000162828022011616/0001628280-22-011616-index.htm", "finalLink": "https://www.sec.gov/Archives/edgar/data/1097864/000162828022011616/on-20220401.htm"}, {"date": "2021-12-31", "symbol": "ON", "reportedCurrency": "USD", "cik": "0001097864", "fillingDate": "2022-02-14", "acceptedDate": "2022-02-14 09:20:06", "calendarYear": "2021", "period": "Q4", "revenue": 1846100000, "costOfRevenue": 1013900000, "grossProfit": 832200000, "grossProfitRatio": 0.450788148, "researchAndDevelopmentExpenses": 160600000, "generalAndAdministrativeExpenses": 83500000, "sellingAndMarketingExpenses": 70200000, "sellingGeneralAndAdministrativeExpenses": 153700000, "otherExpenses": 24500000, "operatingExpenses": 338800000, "costAndExpenses": 1352700000, "interestIncome": 300000, "interestExpense": 32000000, "depreciationAndAmortization": 140300000, "ebitda": 638500000, "ebitdaratio": 0.3458642544, "operatingIncome": 480300000, "operatingIncomeRatio": 0.2601700883, "totalOtherIncomeExpensesNet": -14100000, "incomeBeforeTax": 466200000, "incomeBeforeTaxRatio": 0.2525323655, "incomeTaxExpense": 39800000, "netIncome": 425900000, "netIncomeRatio": 0.2307025622, "eps": 0.99, "epsdiluted": 0.96, "weightedAverageShsOut": 431100000, "weightedAverageShsOutDil": 445300000, "link": "https://www.sec.gov/Archives/edgar/data/1097864/000162828022002416/0001628280-22-002416-index.htm", "finalLink": "https://www.sec.gov/Archives/edgar/data/1097864/000162828022002416/on-20211231.htm"}, {"date": "2021-10-01", "symbol": "ON", "reportedCurrency": "USD", "cik": "0001097864", "fillingDate": "2021-11-01", "acceptedDate": "2021-11-01 11:46:51", "calendarYear": "2021", "period": "Q3", "revenue": 1742100000, "costOfRevenue": 1021300000, "grossProfit": 720800000, "grossProfitRatio": 0.4137535159, "researchAndDevelopmentExpenses": 154500000, "generalAndAdministrativeExpenses": 75700000, "sellingAndMarketingExpenses": 68400000, "sellingGeneralAndAdministrativeExpenses": 144100000, "otherExpenses": 24700000, "operatingExpenses": 323300000, "costAndExpenses": 1344600000, "interestIncome": 500000, "interestExpense": 31900000, "depreciationAndAmortization": 149900000, "ebitda": 554000000, "ebitdaratio": 0.318007003, "operatingIncome": 399200000, "operatingIncomeRatio": 0.2291487285, "totalOtherIncomeExpensesNet": -27000000, "incomeBeforeTax": 372200000, "incomeBeforeTaxRatio": 0.2136501923, "incomeTaxExpense": 61800000, "netIncome": 309700000, "netIncomeRatio": 0.177773951, "eps": 0.72, "epsdiluted": 0.7, "weightedAverageShsOut": 430600000, "weightedAverageShsOutDil": 440700000, "link": "https://www.sec.gov/Archives/edgar/data/1097864/000162828021020929/0001628280-21-020929-index.htm", "finalLink": "https://www.sec.gov/Archives/edgar/data/1097864/000162828021020929/on-20211001.htm"}, {"date": "2021-07-02", "symbol": "ON", "reportedCurrency": "USD", "cik": "0001097864", "fillingDate": "2021-08-02", "acceptedDate": "2021-08-02 11:50:43", "calendarYear": "2021", "period": "Q2", "revenue": 1669900000, "costOfRevenue": 1029800000, "grossProfit": 640100000, "grossProfitRatio": 0.3833163662, "researchAndDevelopmentExpenses": 166300000, "generalAndAdministrativeExpenses": 73200000, "sellingAndMarketingExpenses": 76100000, "sellingGeneralAndAdministrativeExpenses": 149300000, "otherExpenses": 24800000, "operatingExpenses": 340400000, "costAndExpenses": 1370200000, "interestIncome": 200000, "interestExpense": 33100000, "depreciationAndAmortization": 153100000, "ebitda": 408200000, "ebitdaratio": 0.2444457752, "operatingIncome": 282200000, "operatingIncomeRatio": 0.1689921552, "totalOtherIncomeExpensesNet": -60200000, "incomeBeforeTax": 222000000, "incomeBeforeTaxRatio": 0.1329420923, "incomeTaxExpense": 37900000, "netIncome": 184100000, "netIncomeRatio": 0.1102461225, "eps": 0.43, "epsdiluted": 0.42, "weightedAverageShsOut": 427700000, "weightedAverageShsOutDil": 443600000, "link": "https://www.sec.gov/Archives/edgar/data/1097864/000162828021015118/0001628280-21-015118-index.htm", "finalLink": "https://www.sec.gov/Archives/edgar/data/1097864/000162828021015118/on-20210702.htm"}, {"date": "2021-04-02", "symbol": "ON", "reportedCurrency": "USD", "cik": "0001097864", "fillingDate": "2021-05-03", "acceptedDate": "2021-05-03 13:04:28", "calendarYear": "2021", "period": "Q1", "revenue": 1481700000, "costOfRevenue": 960500000, "grossProfit": 521200000, "grossProfitRatio": 0.3517581157, "researchAndDevelopmentExpenses": 173600000, "generalAndAdministrativeExpenses": 72400000, "sellingAndMarketingExpenses": 78900000, "sellingGeneralAndAdministrativeExpenses": 151300000, "otherExpenses": 25000000, "operatingExpenses": 349900000, "costAndExpenses": 1310400000, "interestIncome": 400000, "interestExpense": 33400000, "depreciationAndAmortization": 153400000, "ebitda": 284200000, "ebitdaratio": 0.1918067085, "operatingIncome": 125900000, "operatingIncomeRatio": 0.0849699669, "totalOtherIncomeExpensesNet": -28500000, "incomeBeforeTax": 97400000, "incomeBeforeTaxRatio": 0.065735304, "incomeTaxExpense": 7100000, "netIncome": 89900000, "netIncomeRatio": 0.0606735507, "eps": 0.22, "epsdiluted": 0.2, "weightedAverageShsOut": 413400000, "weightedAverageShsOutDil": 445400000, "link": "https://www.sec.gov/Archives/edgar/data/1097864/000162828021008547/0001628280-21-008547-index.htm", "finalLink": "https://www.sec.gov/Archives/edgar/data/1097864/000162828021008547/on-20210402.htm"}, {"date": "2020-12-31", "symbol": "ON", "reportedCurrency": "USD", "cik": "0001097864", "fillingDate": "2021-02-16", "acceptedDate": "2021-02-16 11:50:24", "calendarYear": "2020", "period": "Q4", "revenue": 1446300000, "costOfRevenue": 948700000, "grossProfit": 497600000, "grossProfitRatio": 0.3440503353, "researchAndDevelopmentExpenses": 159700000, "generalAndAdministrativeExpenses": 62400000, "sellingAndMarketingExpenses": 71000000, "sellingGeneralAndAdministrativeExpenses": 133400000, "otherExpenses": 29300000, "operatingExpenses": 322400000, "costAndExpenses": 1271100000, "interestIncome": 600000, "interestExpense": 41800000, "depreciationAndAmortization": 153800000, "ebitda": 316100000, "ebitdaratio": 0.218557699, "operatingIncome": 168000000, "operatingIncomeRatio": 0.1161584733, "totalOtherIncomeExpensesNet": -47500000, "incomeBeforeTax": 120500000, "incomeBeforeTaxRatio": 0.0833160478, "incomeTaxExpense": 30700000, "netIncome": 89000000, "netIncomeRatio": 0.0615363341, "eps": 0.22, "epsdiluted": 0.21, "weightedAverageShsOut": 411300000, "weightedAverageShsOutDil": 431600000, "link": "https://www.sec.gov/Archives/edgar/data/1097864/000162828021002219/0001628280-21-002219-index.htm", "finalLink": "https://www.sec.gov/Archives/edgar/data/1097864/000162828021002219/on-20201231.htm"}, {"date": "2020-10-02", "symbol": "ON", "reportedCurrency": "USD", "cik": "0001097864", "fillingDate": "2020-11-02", "acceptedDate": "2020-11-02 11:10:52", "calendarYear": "2020", "period": "Q3", "revenue": 1317300000, "costOfRevenue": 876100000, "grossProfit": 441200000, "grossProfitRatio": 0.3349275032, "researchAndDevelopmentExpenses": 156100000, "generalAndAdministrativeExpenses": 62200000, "sellingAndMarketingExpenses": 65300000, "sellingGeneralAndAdministrativeExpenses": 127500000, "otherExpenses": 29600000, "operatingExpenses": 313200000, "costAndExpenses": 1189300000, "interestIncome": 900000, "interestExpense": 42200000, "depreciationAndAmortization": 156200000, "ebitda": 276500000, "ebitdaratio": 0.2098990359, "operatingIncome": 119000000, "operatingIncomeRatio": 0.0903362939, "totalOtherIncomeExpensesNet": -40900000, "incomeBeforeTax": 78100000, "incomeBeforeTaxRatio": 0.0592879374, "incomeTaxExpense": -83100000, "netIncome": 160600000, "netIncomeRatio": 0.1219160404, "eps": 0.39, "epsdiluted": 0.38, "weightedAverageShsOut": 410800000, "weightedAverageShsOutDil": 418300000, "link": "https://www.sec.gov/Archives/edgar/data/1097864/000162828020015208/0001628280-20-015208-index.htm", "finalLink": "https://www.sec.gov/Archives/edgar/data/1097864/000162828020015208/on-20201002.htm"}, {"date": "2020-07-03", "symbol": "ON", "reportedCurrency": "USD", "cik": "0001097864", "fillingDate": "2020-08-10", "acceptedDate": "2020-08-10 11:52:42", "calendarYear": "2020", "period": "Q2", "revenue": 1213500000, "costOfRevenue": 839200000, "grossProfit": 374300000, "grossProfitRatio": 0.3084466419, "researchAndDevelopmentExpenses": 156100000, "generalAndAdministrativeExpenses": 62900000, "sellingAndMarketingExpenses": 65600000, "sellingGeneralAndAdministrativeExpenses": 128500000, "otherExpenses": 29100000, "operatingExpenses": 313700000, "costAndExpenses": 1152900000, "interestIncome": 1500000, "interestExpense": 41900000, "depreciationAndAmortization": 153900000, "ebitda": 195700000, "ebitdaratio": 0.1612690564, "operatingIncome": 43100000, "operatingIncomeRatio": 0.0355170993, "totalOtherIncomeExpensesNet": -43200000, "incomeBeforeTax": -100000, "incomeBeforeTaxRatio": -8.24063e-05, "incomeTaxExpense": 800000, "netIncome": -1400000, "netIncomeRatio": -0.0011536877, "eps": -0.0034, "epsdiluted": -0.0034, "weightedAverageShsOut": 410100000, "weightedAverageShsOutDil": 410100000, "link": "https://www.sec.gov/Archives/edgar/data/1097864/000162828020012282/0001628280-20-012282-index.htm", "finalLink": "https://www.sec.gov/Archives/edgar/data/1097864/000162828020012282/on-20200703.htm"}, {"date": "2020-04-03", "symbol": "ON", "reportedCurrency": "USD", "cik": "0001097864", "fillingDate": "2020-05-11", "acceptedDate": "2020-05-11 12:19:34", "calendarYear": "2020", "period": "Q1", "revenue": 1277900000, "costOfRevenue": 875200000, "grossProfit": 402700000, "grossProfitRatio": 0.3151263792, "researchAndDevelopmentExpenses": 171000000, "generalAndAdministrativeExpenses": 71200000, "sellingAndMarketingExpenses": 76800000, "sellingGeneralAndAdministrativeExpenses": 148000000, "otherExpenses": 32300000, "operatingExpenses": 351300000, "costAndExpenses": 1226500000, "interestIncome": 1900000, "interestExpense": 42500000, "depreciationAndAmortization": 161200000, "ebitda": 181800000, "ebitdaratio": 0.1422646529, "operatingIncome": 18600000, "operatingIncomeRatio": 0.0145551295, "totalOtherIncomeExpensesNet": -40500000, "incomeBeforeTax": -21900000, "incomeBeforeTaxRatio": -0.0171374912, "incomeTaxExpense": -8200000, "netIncome": -14000000, "netIncomeRatio": -0.0109554738, "eps": -0.0341, "epsdiluted": -0.0341, "weightedAverageShsOut": 410600000, "weightedAverageShsOutDil": 410600000, "link": "https://www.sec.gov/Archives/edgar/data/1097864/000162828020007369/0001628280-20-007369-index.htm", "finalLink": "https://www.sec.gov/Archives/edgar/data/1097864/000162828020007369/on-20200403.htm"}, {"date": "2019-12-31", "symbol": "ON", "reportedCurrency": "USD", "cik": "0001097864", "fillingDate": "2020-02-19", "acceptedDate": "2020-02-19 14:25:39", "calendarYear": "2019", "period": "Q4", "revenue": 1401800000, "costOfRevenue": 916100000, "grossProfit": 485700000, "grossProfitRatio": 0.3464830932, "researchAndDevelopmentExpenses": 169300000, "generalAndAdministrativeExpenses": 69200000, "sellingAndMarketingExpenses": 75600000, "sellingGeneralAndAdministrativeExpenses": 144800000, "otherExpenses": 32100000, "operatingExpenses": 346200000, "costAndExpenses": 1262300000, "interestIncome": 2400000, "interestExpense": 42200000, "depreciationAndAmortization": 162000000, "ebitda": 286900000, "ebitdaratio": 0.2046654302, "operatingIncome": 138900000, "operatingIncomeRatio": 0.0990868883, "totalOtherIncomeExpensesNet": -56200000, "incomeBeforeTax": 82700000, "incomeBeforeTaxRatio": 0.0589955771, "incomeTaxExpense": 25800000, "netIncome": 56500000, "netIncomeRatio": 0.0403053217, "eps": 0.14, "epsdiluted": 0.14, "weightedAverageShsOut": 410800000, "weightedAverageShsOutDil": 418200000, "link": "https://www.sec.gov/Archives/edgar/data/1097864/000119312520041751/0001193125-20-041751-index.htm", "finalLink": "https://www.sec.gov/Archives/edgar/data/1097864/000119312520041751/d864442d10k.htm"}, {"date": "2019-09-27", "symbol": "ON", "reportedCurrency": "USD", "cik": "0001097864", "fillingDate": "2019-10-28", "acceptedDate": "2019-10-28 12:21:56", "calendarYear": "2019", "period": "Q3", "revenue": 1381800000, "costOfRevenue": 906600000, "grossProfit": 475200000, "grossProfitRatio": 0.3438992618, "researchAndDevelopmentExpenses": 172800000, "generalAndAdministrativeExpenses": 67800000, "sellingAndMarketingExpenses": 74700000, "sellingGeneralAndAdministrativeExpenses": 142500000, "otherExpenses": 29900000, "operatingExpenses": 345200000, "costAndExpenses": 1251800000, "interestIncome": 2300000, "interestExpense": 40700000, "depreciationAndAmortization": 151300000, "ebitda": 107400000, "ebitdaratio": 0.0777247069, "operatingIncome": -43900000, "operatingIncomeRatio": -0.0317701549, "totalOtherIncomeExpensesNet": -40700000, "incomeBeforeTax": -84600000, "incomeBeforeTaxRatio": -0.0612244898, "incomeTaxExpense": -24600000, "netIncome": -60700000, "netIncomeRatio": -0.0439282096, "eps": -0.15, "epsdiluted": -0.15, "weightedAverageShsOut": 404666666, "weightedAverageShsOutDil": 410400000, "link": "https://www.sec.gov/Archives/edgar/data/1097864/000119312519275863/0001193125-19-275863-index.htm", "finalLink": "https://www.sec.gov/Archives/edgar/data/1097864/000119312519275863/d820042d10q.htm"}, {"date": "2019-06-28", "symbol": "ON", "reportedCurrency": "USD", "cik": "0001097864", "fillingDate": "2019-08-05", "acceptedDate": "2019-08-05 14:14:32", "calendarYear": "2019", "period": "Q2", "revenue": 1347700000, "costOfRevenue": 848700000, "grossProfit": 499000000, "grossProfitRatio": 0.3702604437, "researchAndDevelopmentExpenses": 147000000, "generalAndAdministrativeExpenses": 74100000, "sellingAndMarketingExpenses": 73600000, "sellingGeneralAndAdministrativeExpenses": 147700000, "otherExpenses": 27500000, "operatingExpenses": 322200000, "costAndExpenses": 1170900000, "interestIncome": 3000000, "interestExpense": 33700000, "depreciationAndAmortization": 144000000, "ebitda": 303900000, "ebitdaratio": 0.2254952883, "operatingIncome": 158300000, "operatingIncomeRatio": 0.1174593752, "totalOtherIncomeExpensesNet": -32100000, "incomeBeforeTax": 126200000, "incomeBeforeTaxRatio": 0.093641018, "incomeTaxExpense": 23300000, "netIncome": 101800000, "netIncomeRatio": 0.0755360985, "eps": 0.25, "epsdiluted": 0.24, "weightedAverageShsOut": 411900000, "weightedAverageShsOutDil": 417700000, "link": "https://www.sec.gov/Archives/edgar/data/1097864/000119312519212847/0001193125-19-212847-index.htm", "finalLink": "https://www.sec.gov/Archives/edgar/data/1097864/000119312519212847/d781739d10q.htm"}, {"date": "2019-03-29", "symbol": "ON", "reportedCurrency": "USD", "cik": "0001097864", "fillingDate": "2019-04-29", "acceptedDate": "2019-04-29 11:57:21", "calendarYear": "2019", "period": "Q1", "revenue": 1386600000, "costOfRevenue": 872900000, "grossProfit": 513700000, "grossProfitRatio": 0.370474542, "researchAndDevelopmentExpenses": 151800000, "generalAndAdministrativeExpenses": 72900000, "sellingAndMarketingExpenses": 77100000, "sellingGeneralAndAdministrativeExpenses": 150000000, "otherExpenses": 25700000, "operatingExpenses": 327500000, "costAndExpenses": 1200400000, "interestIncome": 2500000, "interestExpense": 31700000, "depreciationAndAmortization": 135800000, "ebitda": 319800000, "ebitdaratio": 0.2306360883, "operatingIncome": 179400000, "operatingIncomeRatio": 0.1293812203, "totalOtherIncomeExpensesNet": -27100000, "incomeBeforeTax": 152300000, "incomeBeforeTaxRatio": 0.1098370114, "incomeTaxExpense": 38200000, "netIncome": 114100000, "netIncomeRatio": 0.08228761, "eps": 0.28, "epsdiluted": 0.27, "weightedAverageShsOut": 410600000, "weightedAverageShsOutDil": 417700000, "link": "https://www.sec.gov/Archives/edgar/data/1097864/000119312519124388/0001193125-19-124388-index.htm", "finalLink": "https://www.sec.gov/Archives/edgar/data/1097864/000119312519124388/d738002d10q.htm"}, {"date": "2018-12-31", "symbol": "ON", "reportedCurrency": "USD", "cik": "0001097864", "fillingDate": "2019-02-20", "acceptedDate": "2019-02-20 11:58:50", "calendarYear": "2018", "period": "Q4", "revenue": 1503100000, "costOfRevenue": 933400000, "grossProfit": 569700000, "grossProfitRatio": 0.3790166988, "researchAndDevelopmentExpenses": 162200000, "generalAndAdministrativeExpenses": 74500000, "sellingAndMarketingExpenses": 82100000, "sellingGeneralAndAdministrativeExpenses": 156600000, "otherExpenses": 28400000, "operatingExpenses": 347200000, "costAndExpenses": 1280600000, "interestIncome": 2800000, "interestExpense": 32900000, "depreciationAndAmortization": 136200000, "ebitda": 357800000, "ebitdaratio": 0.2380413811, "operatingIncome": 222700000, "operatingIncomeRatio": 0.1481604684, "totalOtherIncomeExpensesNet": -34000000, "incomeBeforeTax": 188700000, "incomeBeforeTaxRatio": 0.1255405495, "incomeTaxExpense": 22700000, "netIncome": 165600000, "netIncomeRatio": 0.1101723106, "eps": 0.4, "epsdiluted": 0.39, "weightedAverageShsOut": 416900000, "weightedAverageShsOutDil": 420000000, "link": "https://www.sec.gov/Archives/edgar/data/1097864/000119312519045025/0001193125-19-045025-index.htm", "finalLink": "https://www.sec.gov/Archives/edgar/data/1097864/000119312519045025/d664850d10k.htm"}, {"date": "2018-09-28", "symbol": "ON", "reportedCurrency": "USD", "cik": "0001097864", "fillingDate": "2018-10-29", "acceptedDate": "2018-10-29 11:55:16", "calendarYear": "2018", "period": "Q3", "revenue": 1541700000, "costOfRevenue": 945100000, "grossProfit": 596600000, "grossProfitRatio": 0.3869754167, "researchAndDevelopmentExpenses": 166200000, "generalAndAdministrativeExpenses": 73300000, "sellingAndMarketingExpenses": 83100000, "sellingGeneralAndAdministrativeExpenses": 156400000, "otherExpenses": 28000000, "operatingExpenses": 350600000, "costAndExpenses": 1295700000, "interestIncome": 1300000, "interestExpense": 31200000, "depreciationAndAmortization": 127100000, "ebitda": 374300000, "ebitdaratio": 0.2427839398, "operatingIncome": 241600000, "operatingIncomeRatio": 0.1567101252, "totalOtherIncomeExpensesNet": -25600000, "incomeBeforeTax": 216000000, "incomeBeforeTaxRatio": 0.1401050788, "incomeTaxExpense": 48900000, "netIncome": 166900000, "netIncomeRatio": 0.1082571188, "eps": 0.39, "epsdiluted": 0.38, "weightedAverageShsOut": 425500000, "weightedAverageShsOutDil": 435300000, "link": "https://www.sec.gov/Archives/edgar/data/1097864/000119312518310159/0001193125-18-310159-index.htm", "finalLink": "https://www.sec.gov/Archives/edgar/data/1097864/000119312518310159/d643833d10q.htm"}, {"date": "2018-06-29", "symbol": "ON", "reportedCurrency": "USD", "cik": "0001097864", "fillingDate": "2018-07-30", "acceptedDate": "2018-07-30 12:06:23", "calendarYear": "2018", "period": "Q2", "revenue": 1455900000, "costOfRevenue": 900900000, "grossProfit": 555000000, "grossProfitRatio": 0.3812075005, "researchAndDevelopmentExpenses": 167100000, "generalAndAdministrativeExpenses": 74600000, "sellingAndMarketingExpenses": 81700000, "sellingGeneralAndAdministrativeExpenses": 156300000, "otherExpenses": 27900000, "operatingExpenses": 351300000, "costAndExpenses": 1252200000, "interestIncome": 1100000, "interestExpense": 32600000, "depreciationAndAmortization": 125500000, "ebitda": 351500000, "ebitdaratio": 0.241431417, "operatingIncome": 197200000, "operatingIncomeRatio": 0.1354488632, "totalOtherIncomeExpensesNet": -3800000, "incomeBeforeTax": 193400000, "incomeBeforeTaxRatio": 0.1328387939, "incomeTaxExpense": 37100000, "netIncome": 155300000, "netIncomeRatio": 0.1066694141, "eps": 0.36, "epsdiluted": 0.35, "weightedAverageShsOut": 427000000, "weightedAverageShsOutDil": 444300000, "link": "https://www.sec.gov/Archives/edgar/data/1097864/000119312518230892/0001193125-18-230892-index.htm", "finalLink": "https://www.sec.gov/Archives/edgar/data/1097864/000119312518230892/d550734d10q.htm"}, {"date": "2018-03-30", "symbol": "ON", "reportedCurrency": "USD", "cik": "0001097864", "fillingDate": "2018-04-30", "acceptedDate": "2018-04-30 12:11:12", "calendarYear": "2018", "period": "Q1", "revenue": 1377600000, "costOfRevenue": 860200000, "grossProfit": 517400000, "grossProfitRatio": 0.3755807201, "researchAndDevelopmentExpenses": 155200000, "generalAndAdministrativeExpenses": 70900000, "sellingAndMarketingExpenses": 77800000, "sellingGeneralAndAdministrativeExpenses": 148700000, "otherExpenses": 27400000, "operatingExpenses": 331300000, "costAndExpenses": 1191500000, "interestIncome": 900000, "interestExpense": 31500000, "depreciationAndAmortization": 119900000, "ebitda": 308300000, "ebitdaratio": 0.2237950058, "operatingIncome": 185700000, "operatingIncomeRatio": 0.1347996516, "totalOtherIncomeExpensesNet": -28800000, "incomeBeforeTax": 156900000, "incomeBeforeTaxRatio": 0.1138937282, "incomeTaxExpense": 16400000, "netIncome": 139600000, "netIncomeRatio": 0.1013356562, "eps": 0.33, "epsdiluted": 0.31, "weightedAverageShsOut": 425900000, "weightedAverageShsOutDil": 444200000, "link": "https://www.sec.gov/Archives/edgar/data/1097864/000119312518141784/0001193125-18-141784-index.htm", "finalLink": "https://www.sec.gov/Archives/edgar/data/1097864/000119312518141784/d570004d10q.htm"}, {"date": "2017-12-31", "symbol": "ON", "reportedCurrency": "USD", "cik": "0001097864", "fillingDate": "2018-02-21", "acceptedDate": "2018-02-21 11:26:44", "calendarYear": "2017", "period": "Q4", "revenue": 1377500000, "costOfRevenue": 863300000, "grossProfit": 514200000, "grossProfitRatio": 0.3732849365, "researchAndDevelopmentExpenses": 158000000, "generalAndAdministrativeExpenses": 71000000, "sellingAndMarketingExpenses": 80300000, "sellingGeneralAndAdministrativeExpenses": 151300000, "otherExpenses": 28800000, "operatingExpenses": 338100000, "costAndExpenses": 1201400000, "interestIncome": 1200000, "interestExpense": 33200000, "depreciationAndAmortization": 123400000, "ebitda": 277600000, "ebitdaratio": 0.2015245009, "operatingIncome": 166000000, "operatingIncomeRatio": 0.120508167, "totalOtherIncomeExpensesNet": -45000000, "incomeBeforeTax": 121000000, "incomeBeforeTaxRatio": 0.0878402904, "incomeTaxExpense": -410000000, "netIncome": 529900000, "netIncomeRatio": 0.3846823956, "eps": 1.25, "epsdiluted": 1.22, "weightedAverageShsOut": 424300000, "weightedAverageShsOutDil": 433300000, "link": "https://www.sec.gov/Archives/edgar/data/1097864/000119312518051397/0001193125-18-051397-index.htm", "finalLink": "https://www.sec.gov/Archives/edgar/data/1097864/000119312518051397/d508456d10k.htm"}, {"date": "2017-09-29", "symbol": "ON", "reportedCurrency": "USD", "cik": "0001097864", "fillingDate": "2017-11-06", "acceptedDate": "2017-11-06 11:09:15", "calendarYear": "2017", "period": "Q3", "revenue": 1390900000, "costOfRevenue": 866900000, "grossProfit": 524000000, "grossProfitRatio": 0.3767344885, "researchAndDevelopmentExpenses": 151000000, "generalAndAdministrativeExpenses": 68900000, "sellingAndMarketingExpenses": 78600000, "sellingGeneralAndAdministrativeExpenses": 147500000, "otherExpenses": 37300000, "operatingExpenses": 335800000, "costAndExpenses": 1202700000, "interestIncome": 700000, "interestExpense": 34900000, "depreciationAndAmortization": 127700000, "ebitda": 330900000, "ebitdaratio": 0.2379035157, "operatingIncome": 177000000, "operatingIncomeRatio": 0.1272557337, "totalOtherIncomeExpensesNet": -8700000, "incomeBeforeTax": 168300000, "incomeBeforeTaxRatio": 0.1210007909, "incomeTaxExpense": 59400000, "netIncome": 108700000, "netIncomeRatio": 0.0781508376, "eps": 0.26, "epsdiluted": 0.25, "weightedAverageShsOut": 422200000, "weightedAverageShsOutDil": 427500000, "link": "https://www.sec.gov/Archives/edgar/data/1097864/000119312517333825/0001193125-17-333825-index.htm", "finalLink": "https://www.sec.gov/Archives/edgar/data/1097864/000119312517333825/d487563d10q.htm"}, {"date": "2017-06-30", "symbol": "ON", "reportedCurrency": "USD", "cik": "0001097864", "fillingDate": "2017-08-07", "acceptedDate": "2017-08-07 11:56:52", "calendarYear": "2017", "period": "Q2", "revenue": 1338000000, "costOfRevenue": 846000000, "grossProfit": 492000000, "grossProfitRatio": 0.3677130045, "researchAndDevelopmentExpenses": 145600000, "generalAndAdministrativeExpenses": 76600000, "sellingAndMarketingExpenses": 79500000, "sellingGeneralAndAdministrativeExpenses": 156100000, "otherExpenses": 28600000, "operatingExpenses": 330300000, "costAndExpenses": 1176300000, "interestIncome": 500000, "interestExpense": 34700000, "depreciationAndAmortization": 116500000, "ebitda": 294400000, "ebitdaratio": 0.2200298954, "operatingIncome": 154000000, "operatingIncomeRatio": 0.1150971599, "totalOtherIncomeExpensesNet": -10800000, "incomeBeforeTax": 143200000, "incomeBeforeTaxRatio": 0.1070254111, "incomeTaxExpense": 48800000, "netIncome": 93900000, "netIncomeRatio": 0.0701793722, "eps": 0.22, "epsdiluted": 0.22, "weightedAverageShsOut": 420800000, "weightedAverageShsOutDil": 425900000, "link": "https://www.sec.gov/Archives/edgar/data/1097864/000119312517249592/0001193125-17-249592-index.htm", "finalLink": "https://www.sec.gov/Archives/edgar/data/1097864/000119312517249592/d428805d10q.htm"}, {"date": "2017-03-31", "symbol": "ON", "reportedCurrency": "USD", "cik": "0001097864", "fillingDate": "2017-05-08", "acceptedDate": "2017-05-08 12:21:20", "calendarYear": "2017", "period": "Q1", "revenue": 1436700000, "costOfRevenue": 933600000, "grossProfit": 503100000, "grossProfitRatio": 0.3501774901, "researchAndDevelopmentExpenses": 140100000, "generalAndAdministrativeExpenses": 68400000, "sellingAndMarketingExpenses": 77500000, "sellingGeneralAndAdministrativeExpenses": 145900000, "otherExpenses": 29100000, "operatingExpenses": 315100000, "costAndExpenses": 1248700000, "interestIncome": 600000, "interestExpense": 38400000, "depreciationAndAmortization": 114300000, "ebitda": 267700000, "ebitdaratio": 0.1863297835, "operatingIncome": 183100000, "operatingIncomeRatio": 0.1274448389, "totalOtherIncomeExpensesNet": -68100000, "incomeBeforeTax": 115000000, "incomeBeforeTaxRatio": 0.0800445465, "incomeTaxExpense": 36300000, "netIncome": 78200000, "netIncomeRatio": 0.0544302916, "eps": 0.19, "epsdiluted": 0.18, "weightedAverageShsOut": 419800000, "weightedAverageShsOutDil": 425800000, "link": "https://www.sec.gov/Archives/edgar/data/1097864/000119312517162150/0001193125-17-162150-index.htm", "finalLink": "https://www.sec.gov/Archives/edgar/data/1097864/000119312517162150/d387227d10q.htm"}, {"date": "2016-12-31", "symbol": "ON", "reportedCurrency": "USD", "cik": "0001097864", "fillingDate": "2017-02-28", "acceptedDate": "2017-02-28 15:57:57", "calendarYear": "2016", "period": "Q4", "revenue": 1261000000, "costOfRevenue": 876500000, "grossProfit": 384500000, "grossProfitRatio": 0.3049167328, "researchAndDevelopmentExpenses": 139800000, "generalAndAdministrativeExpenses": 72200000, "sellingAndMarketingExpenses": 79400000, "sellingGeneralAndAdministrativeExpenses": 151600000, "otherExpenses": 32900000, "operatingExpenses": 324300000, "costAndExpenses": 1200800000, "interestIncome": 700000, "interestExpense": 40900000, "depreciationAndAmortization": 120000000, "ebitda": 179100000, "ebitdaratio": 0.1420301348, "operatingIncome": 55700000, "operatingIncomeRatio": 0.0441712926, "totalOtherIncomeExpensesNet": -37500000, "incomeBeforeTax": 18200000, "incomeBeforeTaxRatio": 0.0144329897, "incomeTaxExpense": -93500000, "netIncome": 110900000, "netIncomeRatio": 0.0879460745, "eps": 0.27, "epsdiluted": 0.26, "weightedAverageShsOut": 417300000, "weightedAverageShsOutDil": 426900000, "link": "https://www.sec.gov/Archives/edgar/data/1097864/000119312517062207/0001193125-17-062207-index.htm", "finalLink": "https://www.sec.gov/Archives/edgar/data/1097864/000119312517062207/d332046d10k.htm"}, {"date": "2016-09-30", "symbol": "ON", "reportedCurrency": "USD", "cik": "0001097864", "fillingDate": "2016-11-07", "acceptedDate": "2016-11-07 12:24:22", "calendarYear": "2016", "period": "Q3", "revenue": 950900000, "costOfRevenue": 621900000, "grossProfit": 329000000, "grossProfitRatio": 0.3459880114, "researchAndDevelopmentExpenses": 111500000, "generalAndAdministrativeExpenses": 67600000, "sellingAndMarketingExpenses": 56700000, "sellingGeneralAndAdministrativeExpenses": 124300000, "otherExpenses": 24700000, "operatingExpenses": 260500000, "costAndExpenses": 882400000, "interestIncome": 1400000, "interestExpense": 46700000, "depreciationAndAmortization": 83800000, "ebitda": 217800000, "ebitdaratio": 0.2290461668, "operatingIncome": 46700000, "operatingIncomeRatio": 0.0491113682, "totalOtherIncomeExpensesNet": 40600000, "incomeBeforeTax": 87300000, "incomeBeforeTaxRatio": 0.0918077611, "incomeTaxExpense": 76700000, "netIncome": 10100000, "netIncomeRatio": 0.0106215165, "eps": 0.02, "epsdiluted": 0.02, "weightedAverageShsOut": 415800000, "weightedAverageShsOutDil": 419800000, "link": "https://www.sec.gov/Archives/edgar/data/1097864/000119312516761289/0001193125-16-761289-index.htm", "finalLink": "https://www.sec.gov/Archives/edgar/data/1097864/000119312516761289/d217509d10q.htm"}, {"date": "2016-07-01", "symbol": "ON", "reportedCurrency": "USD", "cik": "0001097864", "fillingDate": "2016-08-08", "acceptedDate": "2016-08-08 09:02:10", "calendarYear": "2016", "period": "Q2", "revenue": 877800000, "costOfRevenue": 569900000, "grossProfit": 307900000, "grossProfitRatio": 0.3507632718, "researchAndDevelopmentExpenses": 103000000, "generalAndAdministrativeExpenses": 46000000, "sellingAndMarketingExpenses": 52700000, "sellingGeneralAndAdministrativeExpenses": 98700000, "otherExpenses": 23500000, "operatingExpenses": 225200000, "costAndExpenses": 795100000, "interestIncome": 2100000, "interestExpense": 42100000, "depreciationAndAmortization": 79600000, "ebitda": 155100000, "ebitdaratio": 0.1766917293, "operatingIncome": 75300000, "operatingIncomeRatio": 0.0857826384, "totalOtherIncomeExpensesNet": -41900000, "incomeBeforeTax": 33400000, "incomeBeforeTaxRatio": 0.0380496696, "incomeTaxExpense": 7600000, "netIncome": 25100000, "netIncomeRatio": 0.0285942128, "eps": 0.06, "epsdiluted": 0.06, "weightedAverageShsOut": 414900000, "weightedAverageShsOutDil": 417600000, "link": "https://www.sec.gov/Archives/edgar/data/1097864/000119312516674368/0001193125-16-674368-index.htm", "finalLink": "https://www.sec.gov/Archives/edgar/data/1097864/000119312516674368/d398426d10q.htm"}, {"date": "2016-04-01", "symbol": "ON", "reportedCurrency": "USD", "cik": "0001097864", "fillingDate": "2016-05-09", "acceptedDate": "2016-05-09 11:27:13", "calendarYear": "2016", "period": "Q1", "revenue": 817200000, "costOfRevenue": 541700000, "grossProfit": 275500000, "grossProfitRatio": 0.3371267744, "researchAndDevelopmentExpenses": 98000000, "generalAndAdministrativeExpenses": 44500000, "sellingAndMarketingExpenses": 49200000, "sellingGeneralAndAdministrativeExpenses": 93700000, "otherExpenses": 23700000, "operatingExpenses": 215400000, "costAndExpenses": 757100000, "interestIncome": 300000, "interestExpense": 15600000, "depreciationAndAmortization": 80700000, "ebitda": 138000000, "ebitdaratio": 0.1688693098, "operatingIncome": 58400000, "operatingIncomeRatio": 0.071463534, "totalOtherIncomeExpensesNet": -16700000, "incomeBeforeTax": 41700000, "incomeBeforeTaxRatio": 0.0510279001, "incomeTaxExpense": 5300000, "netIncome": 36000000, "netIncomeRatio": 0.0440528634, "eps": 0.09, "epsdiluted": 0.09, "weightedAverageShsOut": 412600000, "weightedAverageShsOutDil": 415500000, "link": "https://www.sec.gov/Archives/edgar/data/1097864/000119312516583131/0001193125-16-583131-index.htm", "finalLink": "https://www.sec.gov/Archives/edgar/data/1097864/000119312516583131/d189772d10q.htm"}, {"date": "2015-12-31", "symbol": "ON", "reportedCurrency": "USD", "cik": "0001097864", "fillingDate": "2016-02-24", "acceptedDate": "2016-02-24 11:25:49", "calendarYear": "2015", "period": "Q4", "revenue": 840300000, "costOfRevenue": 560400000, "grossProfit": 279900000, "grossProfitRatio": 0.3330953231, "researchAndDevelopmentExpenses": 91000000, "generalAndAdministrativeExpenses": 45700000, "sellingAndMarketingExpenses": 48300000, "sellingGeneralAndAdministrativeExpenses": 94000000, "otherExpenses": 34600000, "operatingExpenses": 219600000, "costAndExpenses": 780000000, "interestIncome": 300000, "interestExpense": 14900000, "depreciationAndAmortization": 89800000, "ebitda": 145400000, "ebitdaratio": 0.1730334404, "operatingIncome": 55500000, "operatingIncomeRatio": 0.0660478401, "totalOtherIncomeExpensesNet": -14800000, "incomeBeforeTax": 40700000, "incomeBeforeTaxRatio": 0.0484350827, "incomeTaxExpense": -14300000, "netIncome": 54100000, "netIncomeRatio": 0.0643817684, "eps": 0.13, "epsdiluted": 0.13, "weightedAverageShsOut": 412500000, "weightedAverageShsOutDil": 416900000, "link": "https://www.sec.gov/Archives/edgar/data/1097864/000119312516475009/0001193125-16-475009-index.htm", "finalLink": "https://www.sec.gov/Archives/edgar/data/1097864/000119312516475009/d138223d10k.htm"}, {"date": "2015-10-02", "symbol": "ON", "reportedCurrency": "USD", "cik": "0001097864", "fillingDate": "2015-10-30", "acceptedDate": "2015-10-30 16:14:58", "calendarYear": "2015", "period": "Q3", "revenue": 904200000, "costOfRevenue": 595700000, "grossProfit": 308500000, "grossProfitRatio": 0.3411855784, "researchAndDevelopmentExpenses": 104900000, "generalAndAdministrativeExpenses": 44900000, "sellingAndMarketingExpenses": 52300000, "sellingGeneralAndAdministrativeExpenses": 97200000, "otherExpenses": 33600000, "operatingExpenses": 235700000, "costAndExpenses": 831400000, "interestIncome": 200000, "interestExpense": 14900000, "depreciationAndAmortization": 89200000, "ebitda": 160900000, "ebitdaratio": 0.1779473568, "operatingIncome": 69400000, "operatingIncomeRatio": 0.0767529308, "totalOtherIncomeExpensesNet": -12600000, "incomeBeforeTax": 56800000, "incomeBeforeTaxRatio": 0.0628179606, "incomeTaxExpense": 10000000, "netIncome": 46300000, "netIncomeRatio": 0.0512054855, "eps": 0.11, "epsdiluted": 0.11, "weightedAverageShsOut": 413700000, "weightedAverageShsOutDil": 417500000, "link": "https://www.sec.gov/Archives/edgar/data/1097864/000119312515360299/0001193125-15-360299-index.htm", "finalLink": "https://www.sec.gov/Archives/edgar/data/1097864/000119312515360299/d22667d10q.htm"}, {"date": "2015-07-03", "symbol": "ON", "reportedCurrency": "USD", "cik": "0001097864", "fillingDate": "2015-08-03", "acceptedDate": "2015-08-03 11:29:44", "calendarYear": "2015", "period": "Q2", "revenue": 880500000, "costOfRevenue": 576100000, "grossProfit": 304400000, "grossProfitRatio": 0.3457126633, "researchAndDevelopmentExpenses": 100400000, "generalAndAdministrativeExpenses": 45000000, "sellingAndMarketingExpenses": 50400000, "sellingGeneralAndAdministrativeExpenses": 95400000, "otherExpenses": 33600000, "operatingExpenses": 229400000, "costAndExpenses": 805500000, "interestIncome": 300000, "interestExpense": 10700000, "depreciationAndAmortization": 88400000, "ebitda": 158200000, "ebitdaratio": 0.1796706417, "operatingIncome": 67800000, "operatingIncomeRatio": 0.0770017036, "totalOtherIncomeExpensesNet": -8700000, "incomeBeforeTax": 59100000, "incomeBeforeTaxRatio": 0.067120954, "incomeTaxExpense": 7700000, "netIncome": 50700000, "netIncomeRatio": 0.0575809199, "eps": 0.12, "epsdiluted": 0.12, "weightedAverageShsOut": 426900000, "weightedAverageShsOutDil": 436300000, "link": "https://www.sec.gov/Archives/edgar/data/1097864/000119312515274289/0001193125-15-274289-index.htm", "finalLink": "https://www.sec.gov/Archives/edgar/data/1097864/000119312515274289/d63451d10q.htm"}, {"date": "2015-04-03", "symbol": "ON", "reportedCurrency": "USD", "cik": "0001097864", "fillingDate": "2015-05-04", "acceptedDate": "2015-05-04 13:05:22", "calendarYear": "2015", "period": "Q1", "revenue": 870800000, "costOfRevenue": 570400000, "grossProfit": 300400000, "grossProfitRatio": 0.3449701424, "researchAndDevelopmentExpenses": 100400000, "generalAndAdministrativeExpenses": 46700000, "sellingAndMarketingExpenses": 53300000, "sellingGeneralAndAdministrativeExpenses": 100000000, "otherExpenses": 33900000, "operatingExpenses": 234300000, "costAndExpenses": 804700000, "interestIncome": 300000, "interestExpense": 9200000, "depreciationAndAmortization": 90200000, "ebitda": 162600000, "ebitdaratio": 0.1867248507, "operatingIncome": 68400000, "operatingIncomeRatio": 0.0785484612, "totalOtherIncomeExpensesNet": -5200000, "incomeBeforeTax": 63200000, "incomeBeforeTaxRatio": 0.0725769407, "incomeTaxExpense": 7400000, "netIncome": 55100000, "netIncomeRatio": 0.0632751493, "eps": 0.13, "epsdiluted": 0.13, "weightedAverageShsOut": 431400000, "weightedAverageShsOutDil": 439900000, "link": "https://www.sec.gov/Archives/edgar/data/1097864/000119312515168384/0001193125-15-168384-index.htm", "finalLink": "https://www.sec.gov/Archives/edgar/data/1097864/000119312515168384/d914942d10q.htm"}, {"date": "2014-12-31", "symbol": "ON", "reportedCurrency": "USD", "cik": "0001097864", "fillingDate": "2015-02-27", "acceptedDate": "2015-02-27 15:21:16", "calendarYear": "2014", "period": "Q4", "revenue": 864200000, "costOfRevenue": 587200000, "grossProfit": 277000000, "grossProfitRatio": 0.3205276556, "researchAndDevelopmentExpenses": 110900000, "generalAndAdministrativeExpenses": 46700000, "sellingAndMarketingExpenses": 56600000, "sellingGeneralAndAdministrativeExpenses": 103300000, "otherExpenses": 26400000, "operatingExpenses": 240600000, "costAndExpenses": 827800000, "interestIncome": 900000, "interestExpense": 9500000, "depreciationAndAmortization": 84000000, "ebitda": 99500000, "ebitdaratio": 0.1151353853, "operatingIncome": 16300000, "operatingIncomeRatio": 0.0188613747, "totalOtherIncomeExpensesNet": -10300000, "incomeBeforeTax": 6000000, "incomeBeforeTaxRatio": 0.0069428373, "incomeTaxExpense": 3500000, "netIncome": 4900000, "netIncomeRatio": 0.0056699838, "eps": 0.0112, "epsdiluted": 0.0111, "weightedAverageShsOut": 435900000, "weightedAverageShsOutDil": 440200000, "link": "https://www.sec.gov/Archives/edgar/data/1097864/000119312515069358/0001193125-15-069358-index.htm", "finalLink": "https://www.sec.gov/Archives/edgar/data/1097864/000119312515069358/d875301d10k.htm"}, {"date": "2014-09-26", "symbol": "ON", "reportedCurrency": "USD", "cik": "0001097864", "fillingDate": "2014-10-31", "acceptedDate": "2014-10-30 21:04:52", "calendarYear": "2014", "period": "Q3", "revenue": 833500000, "costOfRevenue": 552600000, "grossProfit": 280900000, "grossProfitRatio": 0.3370125975, "researchAndDevelopmentExpenses": 93400000, "generalAndAdministrativeExpenses": 48500000, "sellingAndMarketingExpenses": 51100000, "sellingGeneralAndAdministrativeExpenses": 99600000, "otherExpenses": 21000000, "operatingExpenses": 214000000, "costAndExpenses": 766600000, "interestIncome": 200000, "interestExpense": 8600000, "depreciationAndAmortization": 72100000, "ebitda": 127900000, "ebitdaratio": 0.1534493101, "operatingIncome": 56800000, "operatingIncomeRatio": 0.0681463707, "totalOtherIncomeExpensesNet": -9600000, "incomeBeforeTax": 47200000, "incomeBeforeTaxRatio": 0.0566286743, "incomeTaxExpense": 6300000, "netIncome": 40500000, "netIncomeRatio": 0.0485902819, "eps": 0.09, "epsdiluted": 0.09, "weightedAverageShsOut": 440700000, "weightedAverageShsOutDil": 444900000, "link": "https://www.sec.gov/Archives/edgar/data/1097864/000119312514390326/0001193125-14-390326-index.htm", "finalLink": "https://www.sec.gov/Archives/edgar/data/1097864/000119312514390326/d807651d10q.htm"}, {"date": "2014-06-27", "symbol": "ON", "reportedCurrency": "USD", "cik": "0001097864", "fillingDate": "2014-08-01", "acceptedDate": "2014-07-31 18:05:46", "calendarYear": "2014", "period": "Q2", "revenue": 757600000, "costOfRevenue": 479500000, "grossProfit": 278100000, "grossProfitRatio": 0.3670802534, "researchAndDevelopmentExpenses": 84200000, "generalAndAdministrativeExpenses": 44700000, "sellingAndMarketingExpenses": 47900000, "sellingGeneralAndAdministrativeExpenses": 92600000, "otherExpenses": 10400000, "operatingExpenses": 187200000, "costAndExpenses": 666700000, "interestIncome": 200000, "interestExpense": 7900000, "depreciationAndAmortization": 57900000, "ebitda": 144700000, "ebitdaratio": 0.1909978881, "operatingIncome": 86800000, "operatingIncomeRatio": 0.1145723337, "totalOtherIncomeExpensesNet": -7900000, "incomeBeforeTax": 78900000, "incomeBeforeTaxRatio": 0.1041446674, "incomeTaxExpense": -16200000, "netIncome": 94100000, "netIncomeRatio": 0.1242080253, "eps": 0.2, "epsdiluted": 0.2, "weightedAverageShsOut": 441100000, "weightedAverageShsOutDil": 444500000, "link": "https://www.sec.gov/Archives/edgar/data/1097864/000119312514290065/0001193125-14-290065-index.htm", "finalLink": "https://www.sec.gov/Archives/edgar/data/1097864/000119312514290065/d760205d10q.htm"}, {"date": "2014-03-28", "symbol": "ON", "reportedCurrency": "USD", "cik": "0001097864", "fillingDate": "2014-05-02", "acceptedDate": "2014-05-01 18:12:17", "calendarYear": "2014", "period": "Q1", "revenue": 706500000, "costOfRevenue": 458300000, "grossProfit": 248200000, "grossProfitRatio": 0.3513092711, "researchAndDevelopmentExpenses": 78100000, "generalAndAdministrativeExpenses": 41000000, "sellingAndMarketingExpenses": 44400000, "sellingGeneralAndAdministrativeExpenses": 85400000, "otherExpenses": 8200000, "operatingExpenses": 171700000, "costAndExpenses": 630000000, "interestIncome": 200000, "interestExpense": 8100000, "depreciationAndAmortization": 52400000, "ebitda": 122600000, "ebitdaratio": 0.1735314933, "operatingIncome": 70700000, "operatingIncomeRatio": 0.1000707714, "totalOtherIncomeExpensesNet": -8600000, "incomeBeforeTax": 62100000, "incomeBeforeTaxRatio": 0.0878980892, "incomeTaxExpense": 6200000, "netIncome": 55700000, "netIncomeRatio": 0.0788393489, "eps": 0.13, "epsdiluted": 0.13, "weightedAverageShsOut": 440400000, "weightedAverageShsOutDil": 444500000, "link": "https://www.sec.gov/Archives/edgar/data/1097864/000119312514177680/0001193125-14-177680-index.htm", "finalLink": "https://www.sec.gov/Archives/edgar/data/1097864/000119312514177680/d715527d10q.htm"}, {"date": "2013-12-31", "symbol": "ON", "reportedCurrency": "USD", "cik": "0001097864", "fillingDate": "2014-02-21", "acceptedDate": "2014-02-21 13:14:42", "calendarYear": "2013", "period": "Q4", "revenue": 718000000, "costOfRevenue": 465100000, "grossProfit": 252900000, "grossProfitRatio": 0.3522284123, "researchAndDevelopmentExpenses": 78700000, "generalAndAdministrativeExpenses": 37600000, "sellingAndMarketingExpenses": 43900000, "sellingGeneralAndAdministrativeExpenses": 81500000, "otherExpenses": 8300000, "operatingExpenses": 168500000, "costAndExpenses": 633600000, "interestIncome": 300000, "interestExpense": 10000000, "depreciationAndAmortization": 55300000, "ebitda": 117400000, "ebitdaratio": 0.1635097493, "operatingIncome": 62300000, "operatingIncomeRatio": 0.0867688022, "totalOtherIncomeExpensesNet": -10200000, "incomeBeforeTax": 52100000, "incomeBeforeTaxRatio": 0.0725626741, "incomeTaxExpense": 9700000, "netIncome": 41900000, "netIncomeRatio": 0.058356546, "eps": 0.0947, "epsdiluted": 0.0941, "weightedAverageShsOut": 442500000, "weightedAverageShsOutDil": 445200000, "link": "https://www.sec.gov/Archives/edgar/data/1097864/000119312514062363/0001193125-14-062363-index.htm", "finalLink": "https://www.sec.gov/Archives/edgar/data/1097864/000119312514062363/d675717d10k.htm"}, {"date": "2013-09-27", "symbol": "ON", "reportedCurrency": "USD", "cik": "0001097864", "fillingDate": "2013-11-01", "acceptedDate": "2013-10-31 18:23:15", "calendarYear": "2013", "period": "Q3", "revenue": 715400000, "costOfRevenue": 466200000, "grossProfit": 249200000, "grossProfitRatio": 0.3483365949, "researchAndDevelopmentExpenses": 84000000, "generalAndAdministrativeExpenses": 34500000, "sellingAndMarketingExpenses": 44200000, "sellingGeneralAndAdministrativeExpenses": 78700000, "otherExpenses": 8200000, "operatingExpenses": 170900000, "costAndExpenses": 637100000, "interestIncome": 300000, "interestExpense": 9200000, "depreciationAndAmortization": 52900000, "ebitda": 119100000, "ebitdaratio": 0.1664802907, "operatingIncome": 67300000, "operatingIncomeRatio": 0.0940732457, "totalOtherIncomeExpensesNet": -10300000, "incomeBeforeTax": 57000000, "incomeBeforeTaxRatio": 0.0796757059, "incomeTaxExpense": 4200000, "netIncome": 51800000, "netIncomeRatio": 0.072407045, "eps": 0.12, "epsdiluted": 0.11, "weightedAverageShsOut": 449300000, "weightedAverageShsOutDil": 452100000, "link": "https://www.sec.gov/Archives/edgar/data/1097864/000119312513421325/0001193125-13-421325-index.htm", "finalLink": "https://www.sec.gov/Archives/edgar/data/1097864/000119312513421325/d618020d10q.htm"}, {"date": "2013-06-28", "symbol": "ON", "reportedCurrency": "USD", "cik": "0001097864", "fillingDate": "2013-08-02", "acceptedDate": "2013-08-01 18:46:57", "calendarYear": "2013", "period": "Q2", "revenue": 688300000, "costOfRevenue": 456500000, "grossProfit": 231800000, "grossProfitRatio": 0.3367717565, "researchAndDevelopmentExpenses": 83100000, "generalAndAdministrativeExpenses": 40200000, "sellingAndMarketingExpenses": 43300000, "sellingGeneralAndAdministrativeExpenses": 83500000, "otherExpenses": 8200000, "operatingExpenses": 174800000, "costAndExpenses": 631300000, "interestIncome": 400000, "interestExpense": 9300000, "depreciationAndAmortization": 52300000, "ebitda": 107700000, "ebitdaratio": 0.1564724684, "operatingIncome": 50900000, "operatingIncomeRatio": 0.0739503124, "totalOtherIncomeExpensesNet": -4800000, "incomeBeforeTax": 46100000, "incomeBeforeTaxRatio": 0.066976609, "incomeTaxExpense": -2600000, "netIncome": 47700000, "netIncomeRatio": 0.0693011768, "eps": 0.11, "epsdiluted": 0.11, "weightedAverageShsOut": 450700000, "weightedAverageShsOutDil": 453300000, "link": "https://www.sec.gov/Archives/edgar/data/1097864/000119312513315514/0001193125-13-315514-index.htm", "finalLink": "https://www.sec.gov/Archives/edgar/data/1097864/000119312513315514/d573646d10q.htm"}, {"date": "2013-03-29", "symbol": "ON", "reportedCurrency": "USD", "cik": "0001097864", "fillingDate": "2013-05-03", "acceptedDate": "2013-05-02 18:37:27", "calendarYear": "2013", "period": "Q1", "revenue": 661000000, "costOfRevenue": 456500000, "grossProfit": 204500000, "grossProfitRatio": 0.3093797277, "researchAndDevelopmentExpenses": 88400000, "generalAndAdministrativeExpenses": 36200000, "sellingAndMarketingExpenses": 39800000, "sellingGeneralAndAdministrativeExpenses": 76000000, "otherExpenses": 8400000, "operatingExpenses": 172800000, "costAndExpenses": 629300000, "interestIncome": 300000, "interestExpense": 10100000, "depreciationAndAmortization": 51300000, "ebitda": 87100000, "ebitdaratio": 0.1317700454, "operatingIncome": 37700000, "operatingIncomeRatio": 0.0570347958, "totalOtherIncomeExpensesNet": -12000000, "incomeBeforeTax": 25700000, "incomeBeforeTaxRatio": 0.0388804841, "incomeTaxExpense": 2400000, "netIncome": 22600000, "netIncomeRatio": 0.0341906203, "eps": 0.05, "epsdiluted": 0.05, "weightedAverageShsOut": 449500000, "weightedAverageShsOutDil": 452500000, "link": "https://www.sec.gov/Archives/edgar/data/1097864/000119312513196669/0001193125-13-196669-index.htm", "finalLink": "https://www.sec.gov/Archives/edgar/data/1097864/000119312513196669/d528322d10q.htm"}, {"date": "2012-12-31", "symbol": "ON", "reportedCurrency": "USD", "cik": "0001097864", "fillingDate": "2013-02-26", "acceptedDate": "2013-02-26 16:02:28", "calendarYear": "2012", "period": "Q4", "revenue": 680200000, "costOfRevenue": 469800000, "grossProfit": 210400000, "grossProfitRatio": 0.309320788, "researchAndDevelopmentExpenses": 88200000, "generalAndAdministrativeExpenses": 40900000, "sellingAndMarketingExpenses": 44100000, "sellingGeneralAndAdministrativeExpenses": 85000000, "otherExpenses": 11100000, "operatingExpenses": 184300000, "costAndExpenses": 654100000, "interestIncome": 400000, "interestExpense": 12700000, "depreciationAndAmortization": 60900000, "ebitda": -67700000, "ebitdaratio": -0.0995295501, "operatingIncome": -131400000, "operatingIncomeRatio": -0.1931784769, "totalOtherIncomeExpensesNet": -9900000, "incomeBeforeTax": -141300000, "incomeBeforeTaxRatio": -0.2077330197, "incomeTaxExpense": -4400000, "netIncome": -138200000, "netIncomeRatio": -0.2031755366, "eps": -0.31, "epsdiluted": -0.31, "weightedAverageShsOut": 448600000, "weightedAverageShsOutDil": 448600000, "link": "https://www.sec.gov/Archives/edgar/data/1097864/000119312513076823/0001193125-13-076823-index.htm", "finalLink": "https://www.sec.gov/Archives/edgar/data/1097864/000119312513076823/d476644d10k.htm"}, {"date": "2012-09-28", "symbol": "ON", "reportedCurrency": "USD", "cik": "0001097864", "fillingDate": "2012-11-02", "acceptedDate": "2012-11-01 19:15:52", "calendarYear": "2012", "period": "Q3", "revenue": 725500000, "costOfRevenue": 487500000, "grossProfit": 238000000, "grossProfitRatio": 0.328049621, "researchAndDevelopmentExpenses": 90100000, "generalAndAdministrativeExpenses": 36800000, "sellingAndMarketingExpenses": 44200000, "sellingGeneralAndAdministrativeExpenses": 81000000, "otherExpenses": 11100000, "operatingExpenses": 182200000, "costAndExpenses": 669700000, "interestIncome": 300000, "interestExpense": 13600000, "depreciationAndAmortization": 61300000, "ebitda": 94800000, "ebitdaratio": 0.1306685045, "operatingIncome": 44600000, "operatingIncomeRatio": 0.0614748449, "totalOtherIncomeExpensesNet": -24700000, "incomeBeforeTax": 19900000, "incomeBeforeTaxRatio": 0.0274293591, "incomeTaxExpense": 6500000, "netIncome": 12500000, "netIncomeRatio": 0.0172294969, "eps": 0.03, "epsdiluted": 0.03, "weightedAverageShsOut": 454600000, "weightedAverageShsOutDil": 456200000, "link": "https://www.sec.gov/Archives/edgar/data/1097864/000119312512447177/0001193125-12-447177-index.htm", "finalLink": "https://www.sec.gov/Archives/edgar/data/1097864/000119312512447177/d429592d10q.htm"}, {"date": "2012-06-29", "symbol": "ON", "reportedCurrency": "USD", "cik": "0001097864", "fillingDate": "2012-08-03", "acceptedDate": "2012-08-02 19:28:31", "calendarYear": "2012", "period": "Q2", "revenue": 744800000, "costOfRevenue": 486500000, "grossProfit": 258300000, "grossProfitRatio": 0.3468045113, "researchAndDevelopmentExpenses": 97800000, "generalAndAdministrativeExpenses": 40900000, "sellingAndMarketingExpenses": 47000000, "sellingGeneralAndAdministrativeExpenses": 87900000, "otherExpenses": 11100000, "operatingExpenses": 196800000, "costAndExpenses": 683300000, "interestIncome": 300000, "interestExpense": 14100000, "depreciationAndAmortization": 60300000, "ebitda": 89800000, "ebitdaratio": 0.1205692803, "operatingIncome": 26900000, "operatingIncomeRatio": 0.0361170784, "totalOtherIncomeExpensesNet": -11500000, "incomeBeforeTax": 15400000, "incomeBeforeTaxRatio": 0.0206766917, "incomeTaxExpense": 7200000, "netIncome": 6900000, "netIncomeRatio": 0.009264232, "eps": 0.02, "epsdiluted": 0.02, "weightedAverageShsOut": 454500000, "weightedAverageShsOutDil": 457500000, "link": "https://www.sec.gov/Archives/edgar/data/1097864/000119312512332540/0001193125-12-332540-index.htm", "finalLink": "https://www.sec.gov/Archives/edgar/data/1097864/000119312512332540/d382774d10q.htm"}, {"date": "2012-03-30", "symbol": "ON", "reportedCurrency": "USD", "cik": "0001097864", "fillingDate": "2012-05-04", "acceptedDate": "2012-05-03 18:43:59", "calendarYear": "2012", "period": "Q1", "revenue": 744400000, "costOfRevenue": 499200000, "grossProfit": 245200000, "grossProfitRatio": 0.3293927996, "researchAndDevelopmentExpenses": 91400000, "generalAndAdministrativeExpenses": 42000000, "sellingAndMarketingExpenses": 45600000, "sellingGeneralAndAdministrativeExpenses": 87600000, "otherExpenses": 11100000, "operatingExpenses": 190100000, "costAndExpenses": 689300000, "interestIncome": 500000, "interestExpense": 15700000, "depreciationAndAmortization": 61100000, "ebitda": 109900000, "ebitdaratio": 0.1476356797, "operatingIncome": 43600000, "operatingIncomeRatio": 0.0585706609, "totalOtherIncomeExpensesNet": -10500000, "incomeBeforeTax": 33100000, "incomeBeforeTaxRatio": 0.0444653412, "incomeTaxExpense": 4100000, "netIncome": 28200000, "netIncomeRatio": 0.0378828587, "eps": 0.06, "epsdiluted": 0.06, "weightedAverageShsOut": 452500000, "weightedAverageShsOutDil": 460600000, "link": "https://www.sec.gov/Archives/edgar/data/1097864/000119312512209140/0001193125-12-209140-index.htm", "finalLink": "https://www.sec.gov/Archives/edgar/data/1097864/000119312512209140/d309062d10q.htm"}, {"date": "2011-12-31", "symbol": "ON", "reportedCurrency": "USD", "cik": "0001097864", "fillingDate": "2012-02-22", "acceptedDate": "2012-02-22 14:18:07", "calendarYear": "2011", "period": "Q4", "revenue": 767900000, "costOfRevenue": 528700000, "grossProfit": 239200000, "grossProfitRatio": 0.3114988931, "researchAndDevelopmentExpenses": 90700000, "generalAndAdministrativeExpenses": 41100000, "sellingAndMarketingExpenses": 46100000, "sellingGeneralAndAdministrativeExpenses": 87200000, "otherExpenses": 11000000, "operatingExpenses": 188900000, "costAndExpenses": 717600000, "interestIncome": 300000, "interestExpense": 16400000, "depreciationAndAmortization": 62600000, "ebitda": 39500000, "ebitdaratio": 0.0514389895, "operatingIncome": 30500000, "operatingIncomeRatio": 0.0397187134, "totalOtherIncomeExpensesNet": -70000000, "incomeBeforeTax": -39500000, "incomeBeforeTaxRatio": -0.0514389895, "incomeTaxExpense": 1600000, "netIncome": -42500000, "netIncomeRatio": -0.0553457481, "eps": -0.0944, "epsdiluted": -0.0923, "weightedAverageShsOut": 450300000, "weightedAverageShsOutDil": 460600000, "link": "https://www.sec.gov/Archives/edgar/data/1097864/000119312512072371/0001193125-12-072371-index.htm", "finalLink": "https://www.sec.gov/Archives/edgar/data/1097864/000119312512072371/d263194d10k.htm"}, {"date": "2011-09-30", "symbol": "ON", "reportedCurrency": "USD", "cik": "0001097864", "fillingDate": "2011-11-03", "acceptedDate": "2011-11-03 15:36:08", "calendarYear": "2011", "period": "Q3", "revenue": 898000000, "costOfRevenue": 636900000, "grossProfit": 261100000, "grossProfitRatio": 0.2907572383, "researchAndDevelopmentExpenses": 91500000, "generalAndAdministrativeExpenses": 51900000, "sellingAndMarketingExpenses": 48400000, "sellingGeneralAndAdministrativeExpenses": 100300000, "otherExpenses": 10600000, "operatingExpenses": 202400000, "costAndExpenses": 839300000, "interestIncome": 300000, "interestExpense": 16900000, "depreciationAndAmortization": 56900000, "ebitda": 42100000, "ebitdaratio": 0.0468819599, "operatingIncome": -6700000, "operatingIncomeRatio": -0.0074610245, "totalOtherIncomeExpensesNet": -25000000, "incomeBeforeTax": -31700000, "incomeBeforeTaxRatio": -0.0353006682, "incomeTaxExpense": 17300000, "netIncome": -49400000, "netIncomeRatio": -0.0550111359, "eps": -0.11, "epsdiluted": -0.11, "weightedAverageShsOut": 448800000, "weightedAverageShsOutDil": 448800000, "link": "https://www.sec.gov/Archives/edgar/data/1097864/000109786411000003/0001097864-11-000003-index.htm", "finalLink": "https://www.sec.gov/Archives/edgar/data/1097864/000109786411000003/onnnsemiconductorq31110-q.htm"}, {"date": "2011-07-01", "symbol": "ON", "reportedCurrency": "USD", "cik": "0001097864", "fillingDate": "2011-08-08", "acceptedDate": "2011-08-05 21:18:39", "calendarYear": "2011", "period": "Q2", "revenue": 905800000, "costOfRevenue": 639700000, "grossProfit": 266100000, "grossProfitRatio": 0.2937734599, "researchAndDevelopmentExpenses": 89200000, "generalAndAdministrativeExpenses": 52300000, "sellingAndMarketingExpenses": 51200000, "sellingGeneralAndAdministrativeExpenses": 103500000, "otherExpenses": 11400000, "operatingExpenses": 204100000, "costAndExpenses": 843800000, "interestIncome": 200000, "interestExpense": 17800000, "depreciationAndAmortization": 57100000, "ebitda": 113200000, "ebitdaratio": 0.1249724001, "operatingIncome": 56900000, "operatingIncomeRatio": 0.062817399, "totalOtherIncomeExpensesNet": -18600000, "incomeBeforeTax": 38300000, "incomeBeforeTaxRatio": 0.0422830647, "incomeTaxExpense": 3200000, "netIncome": 34300000, "netIncomeRatio": 0.0378670788, "eps": 0.09, "epsdiluted": 0.09, "weightedAverageShsOut": 446200000, "weightedAverageShsOutDil": 461500000, "link": "https://www.sec.gov/Archives/edgar/data/1097864/000119312511212828/0001193125-11-212828-index.htm", "finalLink": "https://www.sec.gov/Archives/edgar/data/1097864/000119312511212828/d10q.htm"}, {"date": "2011-04-01", "symbol": "ON", "reportedCurrency": "USD", "cik": "0001097864", "fillingDate": "2011-05-06", "acceptedDate": "2011-05-06 13:00:18", "calendarYear": "2011", "period": "Q1", "revenue": 870600000, "costOfRevenue": 628200000, "grossProfit": 242400000, "grossProfitRatio": 0.2784286699, "researchAndDevelopmentExpenses": 91100000, "generalAndAdministrativeExpenses": 47100000, "sellingAndMarketingExpenses": 49400000, "sellingGeneralAndAdministrativeExpenses": 96500000, "otherExpenses": 9700000, "operatingExpenses": 197300000, "costAndExpenses": 825500000, "interestIncome": 300000, "interestExpense": 17800000, "depreciationAndAmortization": 52800000, "ebitda": 107600000, "ebitdaratio": 0.1235929244, "operatingIncome": 32700000, "operatingIncomeRatio": 0.0375603032, "totalOtherIncomeExpensesNet": 4300000, "incomeBeforeTax": 37000000, "incomeBeforeTaxRatio": 0.0424994257, "incomeTaxExpense": 800000, "netIncome": 74800000, "netIncomeRatio": 0.0859177579, "eps": 0.17, "epsdiluted": 0.16, "weightedAverageShsOut": 441400000, "weightedAverageShsOutDil": 456000000, "link": "https://www.sec.gov/Archives/edgar/data/1097864/000119312511130227/0001193125-11-130227-index.htm", "finalLink": "https://www.sec.gov/Archives/edgar/data/1097864/000119312511130227/d10q.htm"}, {"date": "2010-12-31", "symbol": "ON", "reportedCurrency": "USD", "cik": "0001097864", "fillingDate": "2011-02-24", "acceptedDate": "2011-02-24 15:26:00", "calendarYear": "2010", "period": "Q4", "revenue": 579200000, "costOfRevenue": 341600000, "grossProfit": 237600000, "grossProfitRatio": 0.4102209945, "researchAndDevelopmentExpenses": 59400000, "generalAndAdministrativeExpenses": 31900000, "sellingAndMarketingExpenses": 38000000, "sellingGeneralAndAdministrativeExpenses": 69900000, "otherExpenses": 7900000, "operatingExpenses": 137200000, "costAndExpenses": 478800000, "interestIncome": 100000, "interestExpense": 16400000, "depreciationAndAmortization": 44500000, "ebitda": 125500000, "ebitdaratio": 0.2166781768, "operatingIncome": 80800000, "operatingIncomeRatio": 0.1395027624, "totalOtherIncomeExpensesNet": -16200000, "incomeBeforeTax": 64600000, "incomeBeforeTaxRatio": 0.1115331492, "incomeTaxExpense": 3400000, "netIncome": 61000000, "netIncomeRatio": 0.1053176796, "eps": 0.14, "epsdiluted": 0.14, "weightedAverageShsOut": 434000000, "weightedAverageShsOutDil": 439800000, "link": "https://www.sec.gov/Archives/edgar/data/1097864/000119312511045204/0001193125-11-045204-index.htm", "finalLink": "https://www.sec.gov/Archives/edgar/data/1097864/000119312511045204/d10k.htm"}, {"date": "2010-10-01", "symbol": "ON", "reportedCurrency": "USD", "cik": "0001097864", "fillingDate": "2010-11-04", "acceptedDate": "2010-11-04 16:48:17", "calendarYear": "2010", "period": "Q3", "revenue": 600700000, "costOfRevenue": 354200000, "grossProfit": 246500000, "grossProfitRatio": 0.4103545863, "researchAndDevelopmentExpenses": 63300000, "generalAndAdministrativeExpenses": 31200000, "sellingAndMarketingExpenses": 35500000, "sellingGeneralAndAdministrativeExpenses": 66700000, "otherExpenses": 7900000, "operatingExpenses": 137900000, "costAndExpenses": 492100000, "interestIncome": 200000, "interestExpense": 14100000, "depreciationAndAmortization": 42400000, "ebitda": 149500000, "ebitdaratio": 0.248876311, "operatingIncome": 107700000, "operatingIncomeRatio": 0.1792908274, "totalOtherIncomeExpensesNet": -14700000, "incomeBeforeTax": 93000000, "incomeBeforeTaxRatio": 0.1548193774, "incomeTaxExpense": 4600000, "netIncome": 87800000, "netIncomeRatio": 0.1461628101, "eps": 0.2, "epsdiluted": 0.2, "weightedAverageShsOut": 431600000, "weightedAverageShsOutDil": 439800000, "link": "https://www.sec.gov/Archives/edgar/data/1097864/000119312510248237/0001193125-10-248237-index.htm", "finalLink": "https://www.sec.gov/Archives/edgar/data/1097864/000119312510248237/d10q.htm"}]