[{"date": "2025-06-30", "symbol": "VRTX", "reportedCurrency": "USD", "cik": "0000875320", "fillingDate": "2025-08-05", "acceptedDate": "2025-08-05 16:02:33", "calendarYear": "2025", "period": "Q2", "revenue": 2964700000, "costOfRevenue": 407500000, "grossProfit": 2557200000, "grossProfitRatio": 0.8625493305, "researchAndDevelopmentExpenses": 978400000, "generalAndAdministrativeExpenses": 0, "sellingAndMarketingExpenses": 0, "sellingGeneralAndAdministrativeExpenses": 424600000, "otherExpenses": 3100000, "operatingExpenses": 1406100000, "costAndExpenses": 1813600000, "interestIncome": 122400000, "interestExpense": 3700000, "depreciationAndAmortization": 135600000, "ebitda": 1422300000, "ebitdaratio": 0.4797449995, "operatingIncome": 1151100000, "operatingIncomeRatio": 0.3882686275, "totalOtherIncomeExpensesNet": 131900000, "incomeBeforeTax": 1283000000, "incomeBeforeTaxRatio": 0.4327587952, "incomeTaxExpense": 250100000, "netIncome": 1032900000, "netIncomeRatio": 0.3483995008, "eps": 4.02, "epsdiluted": 3.99, "weightedAverageShsOut": 256700000, "weightedAverageShsOutDil": 258900000, "link": "https://www.sec.gov/Archives/edgar/data/875320/000087532025000216/0000875320-25-000216-index.htm", "finalLink": "https://www.sec.gov/Archives/edgar/data/875320/000087532025000216/vrtx-20250630.htm"}, {"date": "2025-03-31", "symbol": "VRTX", "reportedCurrency": "USD", "cik": "0000875320", "fillingDate": "2025-05-06", "acceptedDate": "2025-05-06 16:04:39", "calendarYear": "2025", "period": "Q1", "revenue": 2770200000, "costOfRevenue": 363000000, "grossProfit": 2407200000, "grossProfitRatio": 0.8689625298, "researchAndDevelopmentExpenses": 979700000, "generalAndAdministrativeExpenses": 0, "sellingAndMarketingExpenses": 0, "sellingGeneralAndAdministrativeExpenses": 396400000, "otherExpenses": 401000000, "operatingExpenses": 1777100000, "costAndExpenses": 2140100000, "interestIncome": 120900000, "interestExpense": 3000000, "depreciationAndAmortization": 48400000, "ebitda": 781800000, "ebitdaratio": 0.2822178904, "operatingIncome": 630100000, "operatingIncomeRatio": 0.2274565013, "totalOtherIncomeExpensesNet": 100300000, "incomeBeforeTax": 730400000, "incomeBeforeTaxRatio": 0.2636632734, "incomeTaxExpense": 84100000, "netIncome": 646300000, "netIncomeRatio": 0.2333044546, "eps": 2.52, "epsdiluted": 2.49, "weightedAverageShsOut": 256899999, "weightedAverageShsOutDil": 259500000, "link": "https://www.sec.gov/Archives/edgar/data/875320/000087532025000192/0000875320-25-000192-index.htm", "finalLink": "https://www.sec.gov/Archives/edgar/data/875320/000087532025000192/vrtx-20250331.htm"}, {"date": "2024-12-31", "symbol": "VRTX", "reportedCurrency": "USD", "cik": "0000875320", "fillingDate": "2025-02-13", "acceptedDate": "2025-02-13 16:01:52", "calendarYear": "2024", "period": "Q4", "revenue": 2912000000, "costOfRevenue": 423400000, "grossProfit": 2488600000, "grossProfitRatio": 0.8546016484, "researchAndDevelopmentExpenses": 998700000, "generalAndAdministrativeExpenses": 0, "sellingAndMarketingExpenses": 0, "sellingGeneralAndAdministrativeExpenses": 377600000, "otherExpenses": 86300000, "operatingExpenses": 1462600000, "costAndExpenses": 1886000000, "interestIncome": 128200000, "interestExpense": 2800000, "depreciationAndAmortization": 46500000, "ebitda": 1184400000, "ebitdaratio": 0.4067307692, "operatingIncome": 1026000000, "operatingIncomeRatio": 0.3523351648, "totalOtherIncomeExpensesNet": 110500000, "incomeBeforeTax": 1136500000, "incomeBeforeTaxRatio": 0.3902815934, "incomeTaxExpense": 223500000, "netIncome": 913000000, "netIncomeRatio": 0.3135302198, "eps": 3.55, "epsdiluted": 3.5, "weightedAverageShsOut": 257500000, "weightedAverageShsOutDil": 260500000, "link": "https://www.sec.gov/Archives/edgar/data/875320/000087532025000053/0000875320-25-000053-index.htm", "finalLink": "https://www.sec.gov/Archives/edgar/data/875320/000087532025000053/vrtx-20241231.htm"}, {"date": "2024-09-30", "symbol": "VRTX", "reportedCurrency": "USD", "cik": "0000875320", "fillingDate": "2024-11-05", "acceptedDate": "2024-11-05 16:11:53", "calendarYear": "2024", "period": "Q3", "revenue": 2771900000, "costOfRevenue": 392600000, "grossProfit": 2379300000, "grossProfitRatio": 0.8583642989, "researchAndDevelopmentExpenses": 875900000, "generalAndAdministrativeExpenses": 0, "sellingAndMarketingExpenses": 0, "sellingGeneralAndAdministrativeExpenses": 371800000, "otherExpenses": 15300000, "operatingExpenses": 1263000000, "costAndExpenses": 1655600000, "interestIncome": 132200000, "interestExpense": 7500000, "depreciationAndAmortization": 53200000, "ebitda": 1284800000, "ebitdaratio": 0.4635087846, "operatingIncome": 1116300000, "operatingIncomeRatio": 0.4027201558, "totalOtherIncomeExpensesNet": 107800000, "incomeBeforeTax": 1224100000, "incomeBeforeTaxRatio": 0.4416104477, "incomeTaxExpense": 178700000, "netIncome": 1045400000, "netIncomeRatio": 0.3771420325, "eps": 4.05, "epsdiluted": 4.01, "weightedAverageShsOut": 258000000, "weightedAverageShsOutDil": 261000000, "link": "https://www.sec.gov/Archives/edgar/data/875320/000087532024000223/0000875320-24-000223-index.htm", "finalLink": "https://www.sec.gov/Archives/edgar/data/875320/000087532024000223/vrtx-20240930.htm"}, {"date": "2024-06-30", "symbol": "VRTX", "reportedCurrency": "USD", "cik": "0000875320", "fillingDate": "2024-08-02", "acceptedDate": "2024-08-02 16:03:02", "calendarYear": "2024", "period": "Q2", "revenue": 2645600000, "costOfRevenue": 371900000, "grossProfit": 2273700000, "grossProfitRatio": 0.8594269731, "researchAndDevelopmentExpenses": 5415700000, "generalAndAdministrativeExpenses": 0, "sellingAndMarketingExpenses": 0, "sellingGeneralAndAdministrativeExpenses": 372200000, "otherExpenses": 500000, "operatingExpenses": 5788400000, "costAndExpenses": 6160300000, "interestIncome": 156500000, "interestExpense": 9900000, "depreciationAndAmortization": 54000000, "ebitda": -3327300000, "ebitdaratio": -1.2576731176, "operatingIncome": -3514700000, "operatingIncomeRatio": -1.3285077109, "totalOtherIncomeExpensesNet": 123500000, "incomeBeforeTax": -3391200000, "incomeBeforeTaxRatio": -1.2818264288, "incomeTaxExpense": 202400000, "netIncome": -3593600000, "netIncomeRatio": -1.3583308134, "eps": -13.92, "epsdiluted": -13.92, "weightedAverageShsOut": 258100000, "weightedAverageShsOutDil": 258100000, "link": "https://www.sec.gov/Archives/edgar/data/875320/000087532024000198/0000875320-24-000198-index.htm", "finalLink": "https://www.sec.gov/Archives/edgar/data/875320/000087532024000198/vrtx-20240630.htm"}, {"date": "2024-03-31", "symbol": "VRTX", "reportedCurrency": "USD", "cik": "0000875320", "fillingDate": "2024-05-07", "acceptedDate": "2024-05-07 16:14:28", "calendarYear": "2024", "period": "Q1", "revenue": 2687200000, "costOfRevenue": 342600000, "grossProfit": 2344600000, "grossProfitRatio": 0.8725066984, "researchAndDevelopmentExpenses": 865900000, "generalAndAdministrativeExpenses": 0, "sellingAndMarketingExpenses": 0, "sellingGeneralAndAdministrativeExpenses": 342700000, "otherExpenses": -100000, "operatingExpenses": 1208500000, "costAndExpenses": 1551100000, "interestIncome": 181200000, "interestExpense": 10400000, "depreciationAndAmortization": 53500000, "ebitda": 1343000000, "ebitdaratio": 0.4997767193, "operatingIncome": 1139500000, "operatingIncomeRatio": 0.4240473355, "totalOtherIncomeExpensesNet": 139600000, "incomeBeforeTax": 1279100000, "incomeBeforeTaxRatio": 0.4759973206, "incomeTaxExpense": 179500000, "netIncome": 1099600000, "netIncomeRatio": 0.4091991664, "eps": 4.26, "epsdiluted": 4.21, "weightedAverageShsOut": 258200000, "weightedAverageShsOutDil": 261100000, "link": "https://www.sec.gov/Archives/edgar/data/875320/000087532024000139/0000875320-24-000139-index.htm", "finalLink": "https://www.sec.gov/Archives/edgar/data/875320/000087532024000139/vrtx-20240331.htm"}, {"date": "2023-12-31", "symbol": "VRTX", "reportedCurrency": "USD", "cik": "0000875320", "fillingDate": "2024-02-15", "acceptedDate": "2024-02-15 16:12:14", "calendarYear": "2023", "period": "Q4", "revenue": 2517700000, "costOfRevenue": 368000000, "grossProfit": 2149700000, "grossProfitRatio": 0.8538348493, "researchAndDevelopmentExpenses": 1351700000, "generalAndAdministrativeExpenses": 0, "sellingAndMarketingExpenses": 0, "sellingGeneralAndAdministrativeExpenses": 369100000, "otherExpenses": -559600000, "operatingExpenses": 1161200000, "costAndExpenses": 1529200000, "interestIncome": 179500000, "interestExpense": 10600000, "depreciationAndAmortization": 59000000, "ebitda": 1217200000, "ebitdaratio": 0.4834571236, "operatingIncome": 988500000, "operatingIncomeRatio": 0.3926202486, "totalOtherIncomeExpensesNet": 159100000, "incomeBeforeTax": 1147600000, "incomeBeforeTaxRatio": 0.4558128451, "incomeTaxExpense": 178800000, "netIncome": 968800000, "netIncomeRatio": 0.3847956468, "eps": 3.76, "epsdiluted": 3.71, "weightedAverageShsOut": 257700000, "weightedAverageShsOutDil": 260899999, "link": "https://www.sec.gov/Archives/edgar/data/875320/000087532024000062/0000875320-24-000062-index.htm", "finalLink": "https://www.sec.gov/Archives/edgar/data/875320/000087532024000062/vrtx-20231231.htm"}, {"date": "2023-09-30", "symbol": "VRTX", "reportedCurrency": "USD", "cik": "0000875320", "fillingDate": "2023-11-07", "acceptedDate": "2023-11-07 16:16:57", "calendarYear": "2023", "period": "Q3", "revenue": 2483500000, "costOfRevenue": 318700000, "grossProfit": 2164800000, "grossProfitRatio": 0.8716730421, "researchAndDevelopmentExpenses": 861700000, "generalAndAdministrativeExpenses": 0, "sellingAndMarketingExpenses": 0, "sellingGeneralAndAdministrativeExpenses": 263800000, "otherExpenses": 0, "operatingExpenses": 1125500000, "costAndExpenses": 1445400000, "interestIncome": 167900000, "interestExpense": 10900000, "depreciationAndAmortization": 42100000, "ebitda": 1232200000, "ebitdaratio": 0.4961546205, "operatingIncome": 1038100000, "operatingIncomeRatio": 0.417998792, "totalOtherIncomeExpensesNet": 141100000, "incomeBeforeTax": 1179200000, "incomeBeforeTaxRatio": 0.4748137709, "incomeTaxExpense": 143900000, "netIncome": 1035300000, "netIncomeRatio": 0.4168713509, "eps": 4.01, "epsdiluted": 3.97, "weightedAverageShsOut": 258000000, "weightedAverageShsOutDil": 260600000, "link": "https://www.sec.gov/Archives/edgar/data/875320/000087532023000031/0000875320-23-000031-index.htm", "finalLink": "https://www.sec.gov/Archives/edgar/data/875320/000087532023000031/vrtx-20230930.htm"}, {"date": "2023-06-30", "symbol": "VRTX", "reportedCurrency": "USD", "cik": "0000875320", "fillingDate": "2023-08-02", "acceptedDate": "2023-08-02 16:05:15", "calendarYear": "2023", "period": "Q2", "revenue": 2493200000, "costOfRevenue": 308600000, "grossProfit": 2184600000, "grossProfitRatio": 0.8762233275, "researchAndDevelopmentExpenses": 896200000, "generalAndAdministrativeExpenses": 0, "sellingAndMarketingExpenses": 0, "sellingGeneralAndAdministrativeExpenses": 262600000, "otherExpenses": 1600000, "operatingExpenses": 1158800000, "costAndExpenses": 1466800000, "interestIncome": 144700000, "interestExpense": 11200000, "depreciationAndAmortization": 41400000, "ebitda": 1214100000, "ebitdaratio": 0.4869645436, "operatingIncome": 1026400000, "operatingIncomeRatio": 0.411679769, "totalOtherIncomeExpensesNet": 135100000, "incomeBeforeTax": 1161500000, "incomeBeforeTaxRatio": 0.4658671587, "incomeTaxExpense": 245800000, "netIncome": 915700000, "netIncomeRatio": 0.3672789989, "eps": 3.55, "epsdiluted": 3.52, "weightedAverageShsOut": 257700000, "weightedAverageShsOutDil": 260399999, "link": "https://www.sec.gov/Archives/edgar/data/875320/000087532023000021/0000875320-23-000021-index.htm", "finalLink": "https://www.sec.gov/Archives/edgar/data/875320/000087532023000021/vrtx-20230630.htm"}, {"date": "2023-03-31", "symbol": "VRTX", "reportedCurrency": "USD", "cik": "0000875320", "fillingDate": "2023-05-02", "acceptedDate": "2023-05-02 16:07:33", "calendarYear": "2023", "period": "Q1", "revenue": 2374800000, "costOfRevenue": 266900000, "grossProfit": 2107900000, "grossProfitRatio": 0.8876115883, "researchAndDevelopmentExpenses": 742600000, "generalAndAdministrativeExpenses": 0, "sellingAndMarketingExpenses": 0, "sellingGeneralAndAdministrativeExpenses": 241100000, "otherExpenses": 345200000, "operatingExpenses": 1328900000, "costAndExpenses": 1595800000, "interestIncome": 122600000, "interestExpense": 11400000, "depreciationAndAmortization": 38800000, "ebitda": 941700000, "ebitdaratio": 0.3965386559, "operatingIncome": 779000000, "operatingIncomeRatio": 0.3280276234, "totalOtherIncomeExpensesNet": 112500000, "incomeBeforeTax": 891500000, "incomeBeforeTaxRatio": 0.3754000337, "incomeTaxExpense": 191700000, "netIncome": 699800000, "netIncomeRatio": 0.2946774465, "eps": 2.72, "epsdiluted": 2.69, "weightedAverageShsOut": 257400000, "weightedAverageShsOutDil": 260300000, "link": "https://www.sec.gov/Archives/edgar/data/875320/000087532023000012/0000875320-23-000012-index.htm", "finalLink": "https://www.sec.gov/Archives/edgar/data/875320/000087532023000012/vrtx-20230331.htm"}, {"date": "2022-12-31", "symbol": "VRTX", "reportedCurrency": "USD", "cik": "0000875320", "fillingDate": "2023-02-10", "acceptedDate": "2023-02-10 16:12:03", "calendarYear": "2022", "period": "Q4", "revenue": 2302700000, "costOfRevenue": 283300000, "grossProfit": 2019400000, "grossProfitRatio": 0.8769705129, "researchAndDevelopmentExpenses": 694100000, "generalAndAdministrativeExpenses": 0, "sellingAndMarketingExpenses": 0, "sellingGeneralAndAdministrativeExpenses": 267400000, "otherExpenses": 24400000, "operatingExpenses": 985900000, "costAndExpenses": 1269200000, "interestIncome": 86000000, "interestExpense": 11600000, "depreciationAndAmortization": 38400000, "ebitda": 1126800000, "ebitdaratio": 0.4893386025, "operatingIncome": 1033500000, "operatingIncomeRatio": 0.4488209493, "totalOtherIncomeExpensesNet": 43300000, "incomeBeforeTax": 1076800000, "incomeBeforeTaxRatio": 0.467624962, "incomeTaxExpense": 257900000, "netIncome": 818900000, "netIncomeRatio": 0.3556260043, "eps": 3.19, "epsdiluted": 3.15, "weightedAverageShsOut": 256900000, "weightedAverageShsOutDil": 260300000, "link": "https://www.sec.gov/Archives/edgar/data/875320/000087532023000007/0000875320-23-000007-index.htm", "finalLink": "https://www.sec.gov/Archives/edgar/data/875320/000087532023000007/vrtx-20221231.htm"}, {"date": "2022-09-30", "symbol": "VRTX", "reportedCurrency": "USD", "cik": "0000875320", "fillingDate": "2022-10-28", "acceptedDate": "2022-10-28 16:07:51", "calendarYear": "2022", "period": "Q3", "revenue": 2334300000, "costOfRevenue": 289400000, "grossProfit": 2044900000, "grossProfitRatio": 0.8760227906, "researchAndDevelopmentExpenses": 645000000, "generalAndAdministrativeExpenses": 0, "sellingAndMarketingExpenses": 0, "sellingGeneralAndAdministrativeExpenses": 246800000, "otherExpenses": 26400000, "operatingExpenses": 918200000, "costAndExpenses": 1207600000, "interestIncome": 46200000, "interestExpense": 13700000, "depreciationAndAmortization": 36700000, "ebitda": 1226800000, "ebitdaratio": 0.5255536992, "operatingIncome": 1126700000, "operatingIncomeRatio": 0.4826714647, "totalOtherIncomeExpensesNet": 49700000, "incomeBeforeTax": 1176400000, "incomeBeforeTaxRatio": 0.503962644, "incomeTaxExpense": 245900000, "netIncome": 930500000, "netIncomeRatio": 0.3986205715, "eps": 3.63, "epsdiluted": 3.59, "weightedAverageShsOut": 256500000, "weightedAverageShsOutDil": 259500000, "link": "https://www.sec.gov/Archives/edgar/data/875320/000087532022000038/0000875320-22-000038-index.htm", "finalLink": "https://www.sec.gov/Archives/edgar/data/875320/000087532022000038/vrtx-20220930.htm"}, {"date": "2022-06-30", "symbol": "VRTX", "reportedCurrency": "USD", "cik": "0000875320", "fillingDate": "2022-08-05", "acceptedDate": "2022-08-05 16:06:38", "calendarYear": "2022", "period": "Q2", "revenue": 2196200000, "costOfRevenue": 261800000, "grossProfit": 1934400000, "grossProfitRatio": 0.8807940989, "researchAndDevelopmentExpenses": 600100000, "generalAndAdministrativeExpenses": 0, "sellingAndMarketingExpenses": 0, "sellingGeneralAndAdministrativeExpenses": 215300000, "otherExpenses": 12700000, "operatingExpenses": 828100000, "costAndExpenses": 1089900000, "interestIncome": 10800000, "interestExpense": 14600000, "depreciationAndAmortization": 37300000, "ebitda": 1076300000, "ebitdaratio": 0.4900737638, "operatingIncome": 1106300000, "operatingIncomeRatio": 0.5037337219, "totalOtherIncomeExpensesNet": -81900000, "incomeBeforeTax": 1024400000, "incomeBeforeTaxRatio": 0.4664420362, "incomeTaxExpense": 213900000, "netIncome": 810500000, "netIncomeRatio": 0.3690465349, "eps": 3.17, "epsdiluted": 3.13, "weightedAverageShsOut": 255900000, "weightedAverageShsOutDil": 258700000, "link": "https://www.sec.gov/Archives/edgar/data/875320/000087532022000030/0000875320-22-000030-index.htm", "finalLink": "https://www.sec.gov/Archives/edgar/data/875320/000087532022000030/vrtx-20220630.htm"}, {"date": "2022-03-31", "symbol": "VRTX", "reportedCurrency": "USD", "cik": "0000875320", "fillingDate": "2022-05-06", "acceptedDate": "2022-05-06 16:03:58", "calendarYear": "2022", "period": "Q1", "revenue": 2097500000, "costOfRevenue": 245800000, "grossProfit": 1851700000, "grossProfitRatio": 0.8828128725, "researchAndDevelopmentExpenses": 603100000, "generalAndAdministrativeExpenses": 0, "sellingAndMarketingExpenses": 0, "sellingGeneralAndAdministrativeExpenses": 215200000, "otherExpenses": -7500000, "operatingExpenses": 810800000, "costAndExpenses": 1056600000, "interestIncome": 1600000, "interestExpense": 14900000, "depreciationAndAmortization": 35900000, "ebitda": 1005600000, "ebitdaratio": 0.4794278903, "operatingIncome": 1040900000, "operatingIncomeRatio": 0.4962574493, "totalOtherIncomeExpensesNet": -86100000, "incomeBeforeTax": 954800000, "incomeBeforeTaxRatio": 0.4552085816, "incomeTaxExpense": 192700000, "netIncome": 762100000, "netIncomeRatio": 0.3633373063, "eps": 2.99, "epsdiluted": 2.96, "weightedAverageShsOut": 255100000, "weightedAverageShsOutDil": 257900000, "link": "https://www.sec.gov/Archives/edgar/data/875320/000087532022000014/0000875320-22-000014-index.htm", "finalLink": "https://www.sec.gov/Archives/edgar/data/875320/000087532022000014/vrtx-20220331.htm"}, {"date": "2021-12-31", "symbol": "VRTX", "reportedCurrency": "USD", "cik": "0000875320", "fillingDate": "2022-02-09", "acceptedDate": "2022-02-09 16:37:44", "calendarYear": "2021", "period": "Q4", "revenue": 2072600000, "costOfRevenue": 247400000, "grossProfit": 1825200000, "grossProfitRatio": 0.8806330213, "researchAndDevelopmentExpenses": 694300000, "generalAndAdministrativeExpenses": 0, "sellingAndMarketingExpenses": 0, "sellingGeneralAndAdministrativeExpenses": 255200000, "otherExpenses": 0, "operatingExpenses": 949500000, "costAndExpenses": 1196900000, "interestIncome": 1200000, "interestExpense": 15100000, "depreciationAndAmortization": 33832000, "ebitda": 919832000, "ebitdaratio": 0.4438058477, "operatingIncome": 877700000, "operatingIncomeRatio": 0.4234777574, "totalOtherIncomeExpensesNet": -6823000, "incomeBeforeTax": 870900000, "incomeBeforeTaxRatio": 0.4201968542, "incomeTaxExpense": 100800000, "netIncome": 770100000, "netIncomeRatio": 0.3715622889, "eps": 3.02, "epsdiluted": 3, "weightedAverageShsOut": 254600000, "weightedAverageShsOutDil": 257000000, "link": "https://www.sec.gov/Archives/edgar/data/875320/000087532022000007/0000875320-22-000007-index.htm", "finalLink": "https://www.sec.gov/Archives/edgar/data/875320/000087532022000007/vrtx-20211231.htm"}, {"date": "2021-09-30", "symbol": "VRTX", "reportedCurrency": "USD", "cik": "0000875320", "fillingDate": "2021-11-03", "acceptedDate": "2021-11-03 16:18:27", "calendarYear": "2021", "period": "Q3", "revenue": 1984164000, "costOfRevenue": 236512000, "grossProfit": 1747652000, "grossProfitRatio": 0.8808001758, "researchAndDevelopmentExpenses": 493751000, "generalAndAdministrativeExpenses": 0, "sellingAndMarketingExpenses": 0, "sellingGeneralAndAdministrativeExpenses": 198189000, "otherExpenses": 0, "operatingExpenses": 691940000, "costAndExpenses": 928452000, "interestIncome": 1116000, "interestExpense": 15255000, "depreciationAndAmortization": 31696000, "ebitda": 1129692000, "ebitdaratio": 0.5693541461, "operatingIncome": 1054512000, "operatingIncomeRatio": 0.531464133, "totalOtherIncomeExpensesNet": 28300000, "incomeBeforeTax": 1082741000, "incomeBeforeTaxRatio": 0.5456912836, "incomeTaxExpense": 230813000, "netIncome": 851928000, "netIncomeRatio": 0.4293637018, "eps": 3.3, "epsdiluted": 3.28, "weightedAverageShsOut": 257876000, "weightedAverageShsOutDil": 259707000, "link": "https://www.sec.gov/Archives/edgar/data/875320/000087532021000033/0000875320-21-000033-index.htm", "finalLink": "https://www.sec.gov/Archives/edgar/data/875320/000087532021000033/vrtx-20210930.htm"}, {"date": "2021-06-30", "symbol": "VRTX", "reportedCurrency": "USD", "cik": "0000875320", "fillingDate": "2021-07-30", "acceptedDate": "2021-07-30 16:10:41", "calendarYear": "2021", "period": "Q2", "revenue": 1793370000, "costOfRevenue": 227972000, "grossProfit": 1565400000, "grossProfitRatio": 0.8728817812, "researchAndDevelopmentExpenses": 1407090000, "generalAndAdministrativeExpenses": 0, "sellingAndMarketingExpenses": 0, "sellingGeneralAndAdministrativeExpenses": 194600000, "otherExpenses": 1600000, "operatingExpenses": 1603300000, "costAndExpenses": 1831300000, "interestIncome": 1133000, "interestExpense": 15478000, "depreciationAndAmortization": 31300000, "ebitda": 2600000, "ebitdaratio": 0.0014497845, "operatingIncome": -37900000, "operatingIncomeRatio": -0.0211333969, "totalOtherIncomeExpensesNet": -6300000, "incomeBeforeTax": -44200000, "incomeBeforeTaxRatio": -0.0246463362, "incomeTaxExpense": -111179000, "netIncome": 66924000, "netIncomeRatio": 0.0373174526, "eps": 0.26, "epsdiluted": 0.26, "weightedAverageShsOut": 258988000, "weightedAverageShsOutDil": 261020000, "link": "https://www.sec.gov/Archives/edgar/data/875320/000087532021000027/0000875320-21-000027-index.htm", "finalLink": "https://www.sec.gov/Archives/edgar/data/875320/000087532021000027/vrtx-20210630.htm"}, {"date": "2021-03-31", "symbol": "VRTX", "reportedCurrency": "USD", "cik": "0000875320", "fillingDate": "2021-04-30", "acceptedDate": "2021-04-30 16:19:12", "calendarYear": "2021", "period": "Q1", "revenue": 1724305000, "costOfRevenue": 192329000, "grossProfit": 1531976000, "grossProfitRatio": 0.8884599882, "researchAndDevelopmentExpenses": 455973000, "generalAndAdministrativeExpenses": 0, "sellingAndMarketingExpenses": 0, "sellingGeneralAndAdministrativeExpenses": 192077000, "otherExpenses": 0, "operatingExpenses": 648050000, "costAndExpenses": 840379000, "interestIncome": 1465000, "interestExpense": 15678000, "depreciationAndAmortization": 28834000, "ebitda": 865472000, "ebitdaratio": 0.5019251235, "operatingIncome": 887826000, "operatingIncomeRatio": 0.5148891872, "totalOtherIncomeExpensesNet": -66840000, "incomeBeforeTax": 820960000, "incomeBeforeTaxRatio": 0.4761106649, "incomeTaxExpense": 167822000, "netIncome": 653138000, "netIncomeRatio": 0.3787833359, "eps": 2.52, "epsdiluted": 2.49, "weightedAverageShsOut": 259369000, "weightedAverageShsOutDil": 261916000, "link": "https://www.sec.gov/Archives/edgar/data/875320/000087532021000015/0000875320-21-000015-index.htm", "finalLink": "https://www.sec.gov/Archives/edgar/data/875320/000087532021000015/vrtx-20210331.htm"}, {"date": "2020-12-31", "symbol": "VRTX", "reportedCurrency": "USD", "cik": "0000875320", "fillingDate": "2021-02-11", "acceptedDate": "2021-02-11 16:03:06", "calendarYear": "2020", "period": "Q4", "revenue": 1627820000, "costOfRevenue": 203101000, "grossProfit": 1424719000, "grossProfitRatio": 0.8752312909, "researchAndDevelopmentExpenses": 466584000, "generalAndAdministrativeExpenses": 0, "sellingAndMarketingExpenses": 0, "sellingGeneralAndAdministrativeExpenses": 211843000, "otherExpenses": 0, "operatingExpenses": 678427000, "costAndExpenses": 881528000, "interestIncome": 2320000, "interestExpense": 16288000, "depreciationAndAmortization": 29355000, "ebitda": 934266000, "ebitdaratio": 0.5739369218, "operatingIncome": 745792000, "operatingIncomeRatio": 0.4581538499, "totalOtherIncomeExpensesNet": 142831000, "incomeBeforeTax": 888623000, "incomeBeforeTaxRatio": 0.5458975808, "incomeTaxExpense": 284433000, "netIncome": 604190000, "netIncomeRatio": 0.3711651165, "eps": 2.32, "epsdiluted": 2.3, "weightedAverageShsOut": 260038000, "weightedAverageShsOutDil": 263106000, "link": "https://www.sec.gov/Archives/edgar/data/875320/000087532021000006/0000875320-21-000006-index.htm", "finalLink": "https://www.sec.gov/Archives/edgar/data/875320/000087532021000006/vrtx-20201231.htm"}, {"date": "2020-09-30", "symbol": "VRTX", "reportedCurrency": "USD", "cik": "0000875320", "fillingDate": "2020-10-30", "acceptedDate": "2020-10-30 16:13:31", "calendarYear": "2020", "period": "Q3", "revenue": 1538271000, "costOfRevenue": 186182000, "grossProfit": 1352089000, "grossProfitRatio": 0.87896671, "researchAndDevelopmentExpenses": 493497000, "generalAndAdministrativeExpenses": 0, "sellingAndMarketingExpenses": 0, "sellingGeneralAndAdministrativeExpenses": 184551000, "otherExpenses": 0, "operatingExpenses": 678048000, "costAndExpenses": 864230000, "interestIncome": 3100000, "interestExpense": 13856000, "depreciationAndAmortization": 26642000, "ebitda": 786369000, "ebitdaratio": 0.5112031625, "operatingIncome": 672241000, "operatingIncomeRatio": 0.4370107738, "totalOtherIncomeExpensesNet": 73630000, "incomeBeforeTax": 745871000, "incomeBeforeTaxRatio": 0.4848762019, "incomeTaxExpense": 78437000, "netIncome": 667434000, "netIncomeRatio": 0.4338858368, "eps": 2.56, "epsdiluted": 2.53, "weightedAverageShsOut": 260392000, "weightedAverageShsOutDil": 264079000, "link": "https://www.sec.gov/Archives/edgar/data/875320/000087532020000043/0000875320-20-000043-index.htm", "finalLink": "https://www.sec.gov/Archives/edgar/data/875320/000087532020000043/vrtx-20200930.htm"}, {"date": "2020-06-30", "symbol": "VRTX", "reportedCurrency": "USD", "cik": "0000875320", "fillingDate": "2020-07-31", "acceptedDate": "2020-07-31 16:18:29", "calendarYear": "2020", "period": "Q2", "revenue": 1524485000, "costOfRevenue": 184520000, "grossProfit": 1339965000, "grossProfitRatio": 0.8789624037, "researchAndDevelopmentExpenses": 420928000, "generalAndAdministrativeExpenses": 0, "sellingAndMarketingExpenses": 0, "sellingGeneralAndAdministrativeExpenses": 191804000, "otherExpenses": 9200000, "operatingExpenses": 621932000, "costAndExpenses": 806452000, "interestIncome": 4243000, "interestExpense": 13871000, "depreciationAndAmortization": 26697000, "ebitda": 865338000, "ebitdaratio": 0.5676264443, "operatingIncome": 718033000, "operatingIncomeRatio": 0.4710003706, "totalOtherIncomeExpensesNet": 106737000, "incomeBeforeTax": 824770000, "incomeBeforeTaxRatio": 0.5410154905, "incomeTaxExpense": -12500000, "netIncome": 837270000, "netIncomeRatio": 0.5492149808, "eps": 3.22, "epsdiluted": 3.18, "weightedAverageShsOut": 259637000, "weightedAverageShsOutDil": 263403000, "link": "https://www.sec.gov/Archives/edgar/data/875320/000087532020000030/0000875320-20-000030-index.htm", "finalLink": "https://www.sec.gov/Archives/edgar/data/875320/000087532020000030/vrtx-20200630.htm"}, {"date": "2020-03-31", "symbol": "VRTX", "reportedCurrency": "USD", "cik": "0000875320", "fillingDate": "2020-05-01", "acceptedDate": "2020-05-01 16:37:49", "calendarYear": "2020", "period": "Q1", "revenue": 1515107000, "costOfRevenue": 162497000, "grossProfit": 1352610000, "grossProfitRatio": 0.892748829, "researchAndDevelopmentExpenses": 448528000, "generalAndAdministrativeExpenses": 0, "sellingAndMarketingExpenses": 0, "sellingGeneralAndAdministrativeExpenses": 182258000, "otherExpenses": 0, "operatingExpenses": 630786000, "costAndExpenses": 793283000, "interestIncome": 12576000, "interestExpense": 14136000, "depreciationAndAmortization": 26821000, "ebitda": 698491000, "ebitdaratio": 0.4610176047, "operatingIncome": 720224000, "operatingIncomeRatio": 0.4753618061, "totalOtherIncomeExpensesNet": -62690000, "incomeBeforeTax": 657534000, "incomeBeforeTaxRatio": 0.4339851905, "incomeTaxExpense": 54781000, "netIncome": 602753000, "netIncomeRatio": 0.3978286682, "eps": 2.32, "epsdiluted": 2.29, "weightedAverageShsOut": 259815000, "weightedAverageShsOutDil": 263515000, "link": "https://www.sec.gov/Archives/edgar/data/875320/000087532020000019/0000875320-20-000019-index.htm", "finalLink": "https://www.sec.gov/Archives/edgar/data/875320/000087532020000019/a2020q110-q.htm"}, {"date": "2019-12-31", "symbol": "VRTX", "reportedCurrency": "USD", "cik": "0000875320", "fillingDate": "2020-02-13", "acceptedDate": "2020-02-13 16:48:57", "calendarYear": "2019", "period": "Q4", "revenue": 1413265000, "costOfRevenue": 185012000, "grossProfit": 1228253000, "grossProfitRatio": 0.8690889536, "researchAndDevelopmentExpenses": 480011000, "generalAndAdministrativeExpenses": 0, "sellingAndMarketingExpenses": 0, "sellingGeneralAndAdministrativeExpenses": 195277000, "otherExpenses": 0, "operatingExpenses": 675288000, "costAndExpenses": 860300000, "interestIncome": 12359000, "interestExpense": 14249000, "depreciationAndAmortization": 26256000, "ebitda": 717455000, "ebitdaratio": 0.5076577995, "operatingIncome": 551465000, "operatingIncomeRatio": 0.3902063661, "totalOtherIncomeExpensesNet": 125485000, "incomeBeforeTax": 676950000, "incomeBeforeTaxRatio": 0.4789972157, "incomeTaxExpense": 93716000, "netIncome": 583234000, "netIncomeRatio": 0.412685519, "eps": 2.26, "epsdiluted": 2.23, "weightedAverageShsOut": 258003000, "weightedAverageShsOutDil": 262108000, "link": "https://www.sec.gov/Archives/edgar/data/875320/000087532020000007/0000875320-20-000007-index.htm", "finalLink": "https://www.sec.gov/Archives/edgar/data/875320/000087532020000007/a201910k-main.htm"}, {"date": "2019-09-30", "symbol": "VRTX", "reportedCurrency": "USD", "cik": "0000875320", "fillingDate": "2019-10-31", "acceptedDate": "2019-10-31 16:19:23", "calendarYear": "2019", "period": "Q3", "revenue": 949828000, "costOfRevenue": 131914000, "grossProfit": 817914000, "grossProfitRatio": 0.8611180129, "researchAndDevelopmentExpenses": 555948000, "generalAndAdministrativeExpenses": 0, "sellingAndMarketingExpenses": 0, "sellingGeneralAndAdministrativeExpenses": 159674000, "otherExpenses": 0, "operatingExpenses": 715622000, "costAndExpenses": 847536000, "interestIncome": 17628000, "interestExpense": 14548000, "depreciationAndAmortization": 25847000, "ebitda": 111061000, "ebitdaratio": 0.1169274858, "operatingIncome": 99333000, "operatingIncomeRatio": 0.1045799871, "totalOtherIncomeExpensesNet": -28667000, "incomeBeforeTax": 70666000, "incomeBeforeTaxRatio": 0.0743987332, "incomeTaxExpense": 13148000, "netIncome": 57518000, "netIncomeRatio": 0.060556227, "eps": 0.22, "epsdiluted": 0.22, "weightedAverageShsOut": 256946000, "weightedAverageShsOutDil": 260473000, "link": "https://www.sec.gov/Archives/edgar/data/875320/000087532019000057/0000875320-19-000057-index.htm", "finalLink": "https://www.sec.gov/Archives/edgar/data/875320/000087532019000057/a2019q310-q.htm"}, {"date": "2019-06-30", "symbol": "VRTX", "reportedCurrency": "USD", "cik": "0000875320", "fillingDate": "2019-08-01", "acceptedDate": "2019-08-01 16:20:06", "calendarYear": "2019", "period": "Q2", "revenue": 941293000, "costOfRevenue": 135740000, "grossProfit": 805553000, "grossProfitRatio": 0.8557941045, "researchAndDevelopmentExpenses": 379091000, "generalAndAdministrativeExpenses": 0, "sellingAndMarketingExpenses": 0, "sellingGeneralAndAdministrativeExpenses": 156502000, "otherExpenses": 0, "operatingExpenses": 535593000, "costAndExpenses": 671333000, "interestIncome": 18076000, "interestExpense": 14837000, "depreciationAndAmortization": 27698000, "ebitda": 369673000, "ebitdaratio": 0.3927289377, "operatingIncome": 269960000, "operatingIncomeRatio": 0.2867969909, "totalOtherIncomeExpensesNet": 57178000, "incomeBeforeTax": 327138000, "incomeBeforeTaxRatio": 0.3475410951, "incomeTaxExpense": 59711000, "netIncome": 267427000, "netIncomeRatio": 0.2841060116, "eps": 1.04, "epsdiluted": 1.03, "weightedAverageShsOut": 256154000, "weightedAverageShsOutDil": 259822000, "link": "https://www.sec.gov/Archives/edgar/data/875320/000087532019000037/0000875320-19-000037-index.htm", "finalLink": "https://www.sec.gov/Archives/edgar/data/875320/000087532019000037/a2019q210-q.htm"}, {"date": "2019-03-31", "symbol": "VRTX", "reportedCurrency": "USD", "cik": "0000875320", "fillingDate": "2019-05-01", "acceptedDate": "2019-05-01 16:37:21", "calendarYear": "2019", "period": "Q1", "revenue": 858435000, "costOfRevenue": 95092000, "grossProfit": 763343000, "grossProfitRatio": 0.8892263246, "researchAndDevelopmentExpenses": 339490000, "generalAndAdministrativeExpenses": 0, "sellingAndMarketingExpenses": 0, "sellingGeneralAndAdministrativeExpenses": 147045000, "otherExpenses": 0, "operatingExpenses": 486535000, "costAndExpenses": 581627000, "interestIncome": 15615000, "interestExpense": 14868000, "depreciationAndAmortization": 27140000, "ebitda": 362173000, "ebitdaratio": 0.4218991537, "operatingIncome": 276808000, "operatingIncomeRatio": 0.3224565634, "totalOtherIncomeExpensesNet": 43357000, "incomeBeforeTax": 320165000, "incomeBeforeTaxRatio": 0.3729635907, "incomeTaxExpense": 51534000, "netIncome": 268631000, "netIncomeRatio": 0.3129310897, "eps": 1.05, "epsdiluted": 1.03, "weightedAverageShsOut": 255695000, "weightedAverageShsOutDil": 260175000, "link": "https://www.sec.gov/Archives/edgar/data/875320/000087532019000019/0000875320-19-000019-index.htm", "finalLink": "https://www.sec.gov/Archives/edgar/data/875320/000087532019000019/a2019q110-q.htm"}, {"date": "2018-12-31", "symbol": "VRTX", "reportedCurrency": "USD", "cik": "0000875320", "fillingDate": "2019-02-13", "acceptedDate": "2019-02-13 16:38:26", "calendarYear": "2018", "period": "Q4", "revenue": 870106000, "costOfRevenue": 122289000, "grossProfit": 747817000, "grossProfitRatio": 0.8594550549, "researchAndDevelopmentExpenses": 437881000, "generalAndAdministrativeExpenses": 0, "sellingAndMarketingExpenses": 0, "sellingGeneralAndAdministrativeExpenses": 153210000, "otherExpenses": 0, "operatingExpenses": 591091000, "costAndExpenses": 713380000, "interestIncome": 0, "interestExpense": 4773000, "depreciationAndAmortization": 18826000, "ebitda": 56096000, "ebitdaratio": 0.0644703059, "operatingIncome": 127722000, "operatingIncomeRatio": 0.1467890119, "totalOtherIncomeExpensesNet": -95225000, "incomeBeforeTax": 32497000, "incomeBeforeTaxRatio": 0.0373483231, "incomeTaxExpense": -1492599000, "netIncome": 1550527000, "netIncomeRatio": 1.7819978256, "eps": 6.08, "epsdiluted": 5.97, "weightedAverageShsOut": 254868000, "weightedAverageShsOutDil": 259812000, "link": "https://www.sec.gov/Archives/edgar/data/875320/000087532019000006/0000875320-19-000006-index.htm", "finalLink": "https://www.sec.gov/Archives/edgar/data/875320/000087532019000006/a201810k-main.htm"}, {"date": "2018-09-30", "symbol": "VRTX", "reportedCurrency": "USD", "cik": "0000875320", "fillingDate": "2018-10-25", "acceptedDate": "2018-10-25 16:10:19", "calendarYear": "2018", "period": "Q3", "revenue": 784535000, "costOfRevenue": 111255000, "grossProfit": 673280000, "grossProfitRatio": 0.8581898832, "researchAndDevelopmentExpenses": 330510000, "generalAndAdministrativeExpenses": 0, "sellingAndMarketingExpenses": 0, "sellingGeneralAndAdministrativeExpenses": 137295000, "otherExpenses": 0, "operatingExpenses": 467805000, "costAndExpenses": 579060000, "interestIncome": 0, "interestExpense": 8143000, "depreciationAndAmortization": 19192000, "ebitda": 163846000, "ebitdaratio": 0.2088447297, "operatingIncome": 205649000, "operatingIncomeRatio": 0.262128522, "totalOtherIncomeExpensesNet": -69138000, "incomeBeforeTax": 136511000, "incomeBeforeTaxRatio": 0.1740024346, "incomeTaxExpense": 8055000, "netIncome": 128746000, "netIncomeRatio": 0.1641048519, "eps": 0.51, "epsdiluted": 0.5, "weightedAverageShsOut": 254905000, "weightedAverageShsOutDil": 259788000, "link": "https://www.sec.gov/Archives/edgar/data/875320/000087532018000029/0000875320-18-000029-index.htm", "finalLink": "https://www.sec.gov/Archives/edgar/data/875320/000087532018000029/a2018q310-q.htm"}, {"date": "2018-06-30", "symbol": "VRTX", "reportedCurrency": "USD", "cik": "0000875320", "fillingDate": "2018-07-26", "acceptedDate": "2018-07-26 16:08:10", "calendarYear": "2018", "period": "Q2", "revenue": 752157000, "costOfRevenue": 104382000, "grossProfit": 647775000, "grossProfitRatio": 0.8612231223, "researchAndDevelopmentExpenses": 337532000, "generalAndAdministrativeExpenses": 0, "sellingAndMarketingExpenses": 0, "sellingGeneralAndAdministrativeExpenses": 137303000, "otherExpenses": 0, "operatingExpenses": 474835000, "costAndExpenses": 579217000, "interestIncome": 8049000, "interestExpense": 18155000, "depreciationAndAmortization": 18059000, "ebitda": 244756000, "ebitdaratio": 0.3254054672, "operatingIncome": 172878000, "operatingIncomeRatio": 0.2298429716, "totalOtherIncomeExpensesNet": 43713000, "incomeBeforeTax": 216591000, "incomeBeforeTaxRatio": 0.2879598275, "incomeTaxExpense": 10341000, "netIncome": 207360000, "netIncomeRatio": 0.2756871238, "eps": 0.82, "epsdiluted": 0.8, "weightedAverageShsOut": 254135000, "weightedAverageShsOutDil": 258584000, "link": "https://www.sec.gov/Archives/edgar/data/875320/000087532018000022/0000875320-18-000022-index.htm", "finalLink": "https://www.sec.gov/Archives/edgar/data/875320/000087532018000022/a2018q210-q.htm"}, {"date": "2018-03-31", "symbol": "VRTX", "reportedCurrency": "USD", "cik": "0000875320", "fillingDate": "2018-04-27", "acceptedDate": "2018-04-27 16:36:36", "calendarYear": "2018", "period": "Q1", "revenue": 640799000, "costOfRevenue": 71613000, "grossProfit": 569186000, "grossProfitRatio": 0.8882442076, "researchAndDevelopmentExpenses": 310553000, "generalAndAdministrativeExpenses": 0, "sellingAndMarketingExpenses": 0, "sellingGeneralAndAdministrativeExpenses": 129808000, "otherExpenses": 0, "operatingExpenses": 440361000, "costAndExpenses": 511974000, "interestIncome": 5789000, "interestExpense": 16886000, "depreciationAndAmortization": 16343000, "ebitda": 242082000, "ebitdaratio": 0.3777814884, "operatingIncome": 128901000, "operatingIncomeRatio": 0.201156681, "totalOtherIncomeExpensesNet": 85741000, "incomeBeforeTax": 214642000, "incomeBeforeTaxRatio": 0.3349599484, "incomeTaxExpense": -12659000, "netIncome": 210263000, "netIncomeRatio": 0.3281262923, "eps": 0.83, "epsdiluted": 0.81, "weightedAverageShsOut": 253231000, "weightedAverageShsOutDil": 258526000, "link": "https://www.sec.gov/Archives/edgar/data/875320/000087532018000014/0000875320-18-000014-index.htm", "finalLink": "https://www.sec.gov/Archives/edgar/data/875320/000087532018000014/a2018q110-q.htm"}, {"date": "2017-12-31", "symbol": "VRTX", "reportedCurrency": "USD", "cik": "0000875320", "fillingDate": "2018-02-15", "acceptedDate": "2018-02-14 18:01:38", "calendarYear": "2017", "period": "Q4", "revenue": 651634000, "costOfRevenue": 84052000, "grossProfit": 567582000, "grossProfitRatio": 0.871013483, "researchAndDevelopmentExpenses": 306664000, "generalAndAdministrativeExpenses": 0, "sellingAndMarketingExpenses": 0, "sellingGeneralAndAdministrativeExpenses": 134794000, "otherExpenses": -748000, "operatingExpenses": 441458000, "costAndExpenses": 525510000, "interestIncome": 0, "interestExpense": 12547000, "depreciationAndAmortization": 16432000, "ebitda": 141421000, "ebitdaratio": 0.2170252013, "operatingIncome": 125737000, "operatingIncomeRatio": 0.1929564756, "totalOtherIncomeExpensesNet": -13295000, "incomeBeforeTax": 112442000, "incomeBeforeTaxRatio": 0.1725539183, "incomeTaxExpense": 10257000, "netIncome": 100684000, "netIncomeRatio": 0.1545100471, "eps": 0.4, "epsdiluted": 0.39, "weightedAverageShsOut": 251557000, "weightedAverageShsOutDil": 256804000, "link": "https://www.sec.gov/Archives/edgar/data/875320/000087532018000009/0000875320-18-000009-index.htm", "finalLink": "https://www.sec.gov/Archives/edgar/data/875320/000087532018000009/a201710k-main.htm"}, {"date": "2017-09-30", "symbol": "VRTX", "reportedCurrency": "USD", "cik": "0000875320", "fillingDate": "2017-10-30", "acceptedDate": "2017-10-30 17:15:07", "calendarYear": "2017", "period": "Q3", "revenue": 578165000, "costOfRevenue": 72874000, "grossProfit": 505291000, "grossProfitRatio": 0.8739563965, "researchAndDevelopmentExpenses": 454947000, "generalAndAdministrativeExpenses": 0, "sellingAndMarketingExpenses": 0, "sellingGeneralAndAdministrativeExpenses": 120710000, "otherExpenses": 0, "operatingExpenses": 575657000, "costAndExpenses": 648531000, "interestIncome": 0, "interestExpense": 13574000, "depreciationAndAmortization": 15225000, "ebitda": -388371000, "ebitdaratio": -0.6717303884, "operatingIncome": -326043000, "operatingIncomeRatio": -0.5639272526, "totalOtherIncomeExpensesNet": -91127000, "incomeBeforeTax": -417170000, "incomeBeforeTaxRatio": -0.7215414285, "incomeTaxExpense": -125903000, "netIncome": -102952000, "netIncomeRatio": -0.1780668148, "eps": -0.41, "epsdiluted": -0.41, "weightedAverageShsOut": 250268000, "weightedAverageShsOutDil": 250268000, "link": "https://www.sec.gov/Archives/edgar/data/875320/000087532017000060/0000875320-17-000060-index.htm", "finalLink": "https://www.sec.gov/Archives/edgar/data/875320/000087532017000060/a2017q310-q.htm"}, {"date": "2017-06-30", "symbol": "VRTX", "reportedCurrency": "USD", "cik": "0000875320", "fillingDate": "2017-07-28", "acceptedDate": "2017-07-28 16:23:20", "calendarYear": "2017", "period": "Q2", "revenue": 544135000, "costOfRevenue": 71205000, "grossProfit": 472930000, "grossProfitRatio": 0.8691409301, "researchAndDevelopmentExpenses": 289451000, "generalAndAdministrativeExpenses": 0, "sellingAndMarketingExpenses": 0, "sellingGeneralAndAdministrativeExpenses": 127249000, "otherExpenses": -2537000, "operatingExpenses": 416700000, "costAndExpenses": 487905000, "interestIncome": 0, "interestExpense": 14664000, "depreciationAndAmortization": 14890000, "ebitda": 65060000, "ebitdaratio": 0.1195659165, "operatingIncome": 52707000, "operatingIncomeRatio": 0.0968638297, "totalOtherIncomeExpensesNet": -17201000, "incomeBeforeTax": 35506000, "incomeBeforeTaxRatio": 0.0652521893, "incomeTaxExpense": 4337000, "netIncome": 17996000, "netIncomeRatio": 0.033072675, "eps": 0.07, "epsdiluted": 0.07, "weightedAverageShsOut": 247521000, "weightedAverageShsOutDil": 251635000, "link": "https://www.sec.gov/Archives/edgar/data/875320/000087532017000047/0000875320-17-000047-index.htm", "finalLink": "https://www.sec.gov/Archives/edgar/data/875320/000087532017000047/a2017q210-q.htm"}, {"date": "2017-03-31", "symbol": "VRTX", "reportedCurrency": "USD", "cik": "0000875320", "fillingDate": "2017-04-28", "acceptedDate": "2017-04-28 16:22:12", "calendarYear": "2017", "period": "Q1", "revenue": 714718000, "costOfRevenue": 46988000, "grossProfit": 667730000, "grossProfitRatio": 0.9342565879, "researchAndDevelopmentExpenses": 273563000, "generalAndAdministrativeExpenses": 0, "sellingAndMarketingExpenses": 0, "sellingGeneralAndAdministrativeExpenses": 113326000, "otherExpenses": -544000, "operatingExpenses": 386889000, "costAndExpenses": 433877000, "interestIncome": 0, "interestExpense": 16765000, "depreciationAndAmortization": 14850000, "ebitda": 285148000, "ebitdaratio": 0.3989657459, "operatingIncome": 270842000, "operatingIncomeRatio": 0.3789494598, "totalOtherIncomeExpensesNet": -17309000, "incomeBeforeTax": 253533000, "incomeBeforeTaxRatio": 0.3547315165, "incomeTaxExpense": 3985000, "netIncome": 247756000, "netIncomeRatio": 0.3466486083, "eps": 1.01, "epsdiluted": 0.99, "weightedAverageShsOut": 246024000, "weightedAverageShsOutDil": 248700000, "link": "https://www.sec.gov/Archives/edgar/data/875320/000087532017000030/0000875320-17-000030-index.htm", "finalLink": "https://www.sec.gov/Archives/edgar/data/875320/000087532017000030/a2017q110-q.htm"}, {"date": "2016-12-31", "symbol": "VRTX", "reportedCurrency": "USD", "cik": "0000875320", "fillingDate": "2017-02-23", "acceptedDate": "2017-02-23 15:18:18", "calendarYear": "2016", "period": "Q4", "revenue": 458706000, "costOfRevenue": 60482000, "grossProfit": 398224000, "grossProfitRatio": 0.8681464816, "researchAndDevelopmentExpenses": 248452000, "generalAndAdministrativeExpenses": 0, "sellingAndMarketingExpenses": 0, "sellingGeneralAndAdministrativeExpenses": 109908000, "otherExpenses": 1105000, "operatingExpenses": 358360000, "costAndExpenses": 418842000, "interestIncome": 0, "interestExpense": 20439000, "depreciationAndAmortization": 15451000, "ebitda": 56196000, "ebitdaratio": 0.1225098429, "operatingIncome": 39640000, "operatingIncomeRatio": 0.0864170078, "totalOtherIncomeExpensesNet": -19334000, "incomeBeforeTax": 20306000, "incomeBeforeTaxRatio": 0.0442680061, "incomeTaxExpense": -7453000, "netIncome": 32945000, "netIncomeRatio": 0.0718216025, "eps": 0.13, "epsdiluted": 0.13, "weightedAverageShsOut": 245454000, "weightedAverageShsOutDil": 247757000, "link": "https://www.sec.gov/Archives/edgar/data/875320/000087532017000017/0000875320-17-000017-index.htm", "finalLink": "https://www.sec.gov/Archives/edgar/data/875320/000087532017000017/a201610k-main.htm"}, {"date": "2016-09-30", "symbol": "VRTX", "reportedCurrency": "USD", "cik": "0000875320", "fillingDate": "2016-10-31", "acceptedDate": "2016-10-31 16:48:15", "calendarYear": "2016", "period": "Q3", "revenue": 413783000, "costOfRevenue": 54077000, "grossProfit": 359706000, "grossProfitRatio": 0.8693107257, "researchAndDevelopmentExpenses": 275370000, "generalAndAdministrativeExpenses": 0, "sellingAndMarketingExpenses": 0, "sellingGeneralAndAdministrativeExpenses": 106055000, "otherExpenses": -167000, "operatingExpenses": 381425000, "costAndExpenses": 435502000, "interestIncome": 0, "interestExpense": 20140000, "depreciationAndAmortization": 14569000, "ebitda": -4325000, "ebitdaratio": -0.0104523385, "operatingIncome": -21727000, "operatingIncomeRatio": -0.0525081987, "totalOtherIncomeExpensesNet": -20307000, "incomeBeforeTax": -42034000, "incomeBeforeTaxRatio": -0.101584647, "incomeTaxExpense": 503000, "netIncome": -41841000, "netIncomeRatio": -0.101118219, "eps": -0.17, "epsdiluted": -0.17, "weightedAverageShsOut": 242756250, "weightedAverageShsOutDil": 244920000, "link": "https://www.sec.gov/Archives/edgar/data/875320/000087532016000107/0000875320-16-000107-index.htm", "finalLink": "https://www.sec.gov/Archives/edgar/data/875320/000087532016000107/a2016q310-q.htm"}, {"date": "2016-06-30", "symbol": "VRTX", "reportedCurrency": "USD", "cik": "0000875320", "fillingDate": "2016-08-01", "acceptedDate": "2016-08-01 16:51:11", "calendarYear": "2016", "period": "Q2", "revenue": 431608000, "costOfRevenue": 45252000, "grossProfit": 386356000, "grossProfitRatio": 0.8951548627, "researchAndDevelopmentExpenses": 271008000, "generalAndAdministrativeExpenses": 0, "sellingAndMarketingExpenses": 0, "sellingGeneralAndAdministrativeExpenses": 111652000, "otherExpenses": -1219000, "operatingExpenses": 382660000, "costAndExpenses": 427912000, "interestIncome": 0, "interestExpense": 20155000, "depreciationAndAmortization": 14963000, "ebitda": 17097000, "ebitdaratio": 0.0396123334, "operatingIncome": 3353000, "operatingIncomeRatio": 0.0077686234, "totalOtherIncomeExpensesNet": -21374000, "incomeBeforeTax": -18021000, "incomeBeforeTaxRatio": -0.0417531649, "incomeTaxExpense": 18130000, "netIncome": -64525000, "netIncomeRatio": -0.1494990825, "eps": -0.26, "epsdiluted": -0.26, "weightedAverageShsOut": 244482000, "weightedAverageShsOutDil": 244482000, "link": "https://www.sec.gov/Archives/edgar/data/875320/000087532016000091/0000875320-16-000091-index.htm", "finalLink": "https://www.sec.gov/Archives/edgar/data/875320/000087532016000091/a2016q210-q.htm"}, {"date": "2016-03-31", "symbol": "VRTX", "reportedCurrency": "USD", "cik": "0000875320", "fillingDate": "2016-05-03", "acceptedDate": "2016-05-03 17:03:32", "calendarYear": "2016", "period": "Q1", "revenue": 398080000, "costOfRevenue": 50649000, "grossProfit": 347431000, "grossProfitRatio": 0.8727667805, "researchAndDevelopmentExpenses": 255860000, "generalAndAdministrativeExpenses": 0, "sellingAndMarketingExpenses": 0, "sellingGeneralAndAdministrativeExpenses": 105214000, "otherExpenses": 0, "operatingExpenses": 361074000, "costAndExpenses": 411723000, "interestIncome": 0, "interestExpense": 20698000, "depreciationAndAmortization": 16415000, "ebitda": 2772000, "ebitdaratio": 0.0069634244, "operatingIncome": -14330000, "operatingIncomeRatio": -0.0359977894, "totalOtherIncomeExpensesNet": -16287000, "incomeBeforeTax": -30617000, "incomeBeforeTaxRatio": -0.076911676, "incomeTaxExpense": 5485000, "netIncome": -41631000, "netIncomeRatio": -0.1045794815, "eps": -0.17, "epsdiluted": -0.17, "weightedAverageShsOut": 243831000, "weightedAverageShsOutDil": 243831000, "link": "https://www.sec.gov/Archives/edgar/data/875320/000087532016000078/0000875320-16-000078-index.htm", "finalLink": "https://www.sec.gov/Archives/edgar/data/875320/000087532016000078/a2016q110-q.htm"}, {"date": "2015-12-31", "symbol": "VRTX", "reportedCurrency": "USD", "cik": "0000875320", "fillingDate": "2016-02-16", "acceptedDate": "2016-02-16 16:23:48", "calendarYear": "2015", "period": "Q4", "revenue": 417935000, "costOfRevenue": 64415000, "grossProfit": 353520000, "grossProfitRatio": 0.8458731621, "researchAndDevelopmentExpenses": 310429000, "generalAndAdministrativeExpenses": 0, "sellingAndMarketingExpenses": 0, "sellingGeneralAndAdministrativeExpenses": 97054000, "otherExpenses": -1688000, "operatingExpenses": 407483000, "costAndExpenses": 471898000, "interestIncome": 0, "interestExpense": 20654000, "depreciationAndAmortization": 15747000, "ebitda": -39647000, "ebitdaratio": -0.0948640339, "operatingIncome": -55487000, "operatingIncomeRatio": -0.1327646644, "totalOtherIncomeExpensesNet": -22344000, "incomeBeforeTax": -77829000, "incomeBeforeTaxRatio": -0.186222738, "incomeTaxExpense": -1379000, "netIncome": -75512000, "netIncomeRatio": -0.1806788137, "eps": -0.31, "epsdiluted": -0.31, "weightedAverageShsOut": 239484334, "weightedAverageShsOutDil": 242987000, "link": "https://www.sec.gov/Archives/edgar/data/875320/000087532016000067/0000875320-16-000067-index.htm", "finalLink": "https://www.sec.gov/Archives/edgar/data/875320/000087532016000067/a201510k-main.htm"}, {"date": "2015-09-30", "symbol": "VRTX", "reportedCurrency": "USD", "cik": "0000875320", "fillingDate": "2015-10-30", "acceptedDate": "2015-10-30 16:23:50", "calendarYear": "2015", "period": "Q3", "revenue": 309816000, "costOfRevenue": 31960000, "grossProfit": 277856000, "grossProfitRatio": 0.8968419965, "researchAndDevelopmentExpenses": 246284000, "generalAndAdministrativeExpenses": 0, "sellingAndMarketingExpenses": 0, "sellingGeneralAndAdministrativeExpenses": 99772000, "otherExpenses": -1326000, "operatingExpenses": 346056000, "costAndExpenses": 378016000, "interestIncome": 0, "interestExpense": 21134000, "depreciationAndAmortization": 16168000, "ebitda": -55184000, "ebitdaratio": -0.1781186252, "operatingIncome": -70026000, "operatingIncomeRatio": -0.226024479, "totalOtherIncomeExpensesNet": -22460000, "incomeBeforeTax": -92486000, "incomeBeforeTaxRatio": -0.298519121, "incomeTaxExpense": 1330000, "netIncome": -95149000, "netIncomeRatio": -0.3071145454, "eps": -0.39, "epsdiluted": -0.39, "weightedAverageShsOut": 241969000, "weightedAverageShsOutDil": 241969000, "link": "https://www.sec.gov/Archives/edgar/data/875320/000087532015000056/0000875320-15-000056-index.htm", "finalLink": "https://www.sec.gov/Archives/edgar/data/875320/000087532015000056/a2015q310-q.htm"}, {"date": "2015-06-30", "symbol": "VRTX", "reportedCurrency": "USD", "cik": "0000875320", "fillingDate": "2015-08-04", "acceptedDate": "2015-08-04 16:16:59", "calendarYear": "2015", "period": "Q2", "revenue": 166076000, "costOfRevenue": 16860000, "grossProfit": 149216000, "grossProfitRatio": 0.8984802139, "researchAndDevelopmentExpenses": 223858000, "generalAndAdministrativeExpenses": 0, "sellingAndMarketingExpenses": 0, "sellingGeneralAndAdministrativeExpenses": 94394000, "otherExpenses": 1414000, "operatingExpenses": 318252000, "costAndExpenses": 335112000, "interestIncome": 0, "interestExpense": 21111000, "depreciationAndAmortization": 14065000, "ebitda": -154971000, "ebitdaratio": -0.9331330234, "operatingIncome": -171164000, "operatingIncomeRatio": -1.030636576, "totalOtherIncomeExpensesNet": -19697000, "incomeBeforeTax": -190861000, "incomeBeforeTaxRatio": -1.1492389027, "incomeTaxExpense": 30131000, "netIncome": -188848000, "netIncomeRatio": -1.137117946, "eps": -0.78, "epsdiluted": -0.78, "weightedAverageShsOut": 240757000, "weightedAverageShsOutDil": 240757000, "link": "https://www.sec.gov/Archives/edgar/data/875320/000087532015000047/0000875320-15-000047-index.htm", "finalLink": "https://www.sec.gov/Archives/edgar/data/875320/000087532015000047/a2015q210-q.htm"}, {"date": "2015-03-31", "symbol": "VRTX", "reportedCurrency": "USD", "cik": "0000875320", "fillingDate": "2015-05-04", "acceptedDate": "2015-05-04 16:29:38", "calendarYear": "2015", "period": "Q1", "revenue": 138509000, "costOfRevenue": 12307000, "grossProfit": 126202000, "grossProfitRatio": 0.9111465681, "researchAndDevelopmentExpenses": 215599000, "generalAndAdministrativeExpenses": 0, "sellingAndMarketingExpenses": 0, "sellingGeneralAndAdministrativeExpenses": 85860000, "otherExpenses": 0, "operatingExpenses": 301459000, "costAndExpenses": 313766000, "interestIncome": 0, "interestExpense": 21307000, "depreciationAndAmortization": 16363000, "ebitda": -158894000, "ebitdaratio": -1.1471745518, "operatingIncome": -171985000, "operatingIncomeRatio": -1.2416882657, "totalOtherIncomeExpensesNet": -26420000, "incomeBeforeTax": -198405000, "incomeBeforeTaxRatio": -1.4324339935, "incomeTaxExpense": 299000, "netIncome": -198606000, "netIncomeRatio": -1.4338851627, "eps": -0.83, "epsdiluted": -0.83, "weightedAverageShsOut": 239284337, "weightedAverageShsOutDil": 239493000, "link": "https://www.sec.gov/Archives/edgar/data/875320/000087532015000029/0000875320-15-000029-index.htm", "finalLink": "https://www.sec.gov/Archives/edgar/data/875320/000087532015000029/a2015q110-q.htm"}, {"date": "2014-12-31", "symbol": "VRTX", "reportedCurrency": "USD", "cik": "0000875320", "fillingDate": "2015-02-13", "acceptedDate": "2015-02-13 16:23:20", "calendarYear": "2014", "period": "Q4", "revenue": 144556000, "costOfRevenue": 14027000, "grossProfit": 130529000, "grossProfitRatio": 0.9029649409, "researchAndDevelopmentExpenses": 201463000, "generalAndAdministrativeExpenses": 0, "sellingAndMarketingExpenses": 0, "sellingGeneralAndAdministrativeExpenses": 78527000, "otherExpenses": 0, "operatingExpenses": 279990000, "costAndExpenses": 294017000, "interestIncome": 0, "interestExpense": 21177000, "depreciationAndAmortization": 16336000, "ebitda": -141081000, "ebitdaratio": -0.9759608733, "operatingIncome": -153625000, "operatingIncomeRatio": -1.0627369324, "totalOtherIncomeExpensesNet": -29133000, "incomeBeforeTax": -178594000, "incomeBeforeTaxRatio": -1.2354658402, "incomeTaxExpense": 2043000, "netIncome": -176656000, "netIncomeRatio": -1.2220592711, "eps": -0.74, "epsdiluted": -0.74, "weightedAverageShsOut": 237840541, "weightedAverageShsOutDil": 238272000, "link": "https://www.sec.gov/Archives/edgar/data/875320/000087532015000012/0000875320-15-000012-index.htm", "finalLink": "https://www.sec.gov/Archives/edgar/data/875320/000087532015000012/a201410k-main.htm"}, {"date": "2014-09-30", "symbol": "VRTX", "reportedCurrency": "USD", "cik": "0000875320", "fillingDate": "2014-11-06", "acceptedDate": "2014-11-06 16:02:54", "calendarYear": "2014", "period": "Q3", "revenue": 178987000, "costOfRevenue": 14184000, "grossProfit": 164803000, "grossProfitRatio": 0.9207540212, "researchAndDevelopmentExpenses": 190939000, "generalAndAdministrativeExpenses": 0, "sellingAndMarketingExpenses": 0, "sellingGeneralAndAdministrativeExpenses": 75224000, "otherExpenses": 0, "operatingExpenses": 266163000, "costAndExpenses": 280347000, "interestIncome": 0, "interestExpense": 20384000, "depreciationAndAmortization": 16961000, "ebitda": -129232000, "ebitdaratio": -0.7220189176, "operatingIncome": -142203000, "operatingIncomeRatio": -0.7944878678, "totalOtherIncomeExpensesNet": -24374000, "incomeBeforeTax": -166577000, "incomeBeforeTaxRatio": -0.9306653556, "incomeTaxExpense": 3419000, "netIncome": -170060000, "netIncomeRatio": -0.9501248694, "eps": -0.72, "epsdiluted": -0.72, "weightedAverageShsOut": 236105555, "weightedAverageShsOutDil": 236137000, "link": "https://www.sec.gov/Archives/edgar/data/875320/000087532014000063/0000875320-14-000063-index.htm", "finalLink": "https://www.sec.gov/Archives/edgar/data/875320/000087532014000063/a2014q310-q.htm"}, {"date": "2014-06-30", "symbol": "VRTX", "reportedCurrency": "USD", "cik": "0000875320", "fillingDate": "2014-07-31", "acceptedDate": "2014-07-31 17:08:30", "calendarYear": "2014", "period": "Q2", "revenue": 138421000, "costOfRevenue": 17300000, "grossProfit": 121121000, "grossProfitRatio": 0.8750189639, "researchAndDevelopmentExpenses": 224780000, "generalAndAdministrativeExpenses": 0, "sellingAndMarketingExpenses": 0, "sellingGeneralAndAdministrativeExpenses": 77446000, "otherExpenses": 0, "operatingExpenses": 302226000, "costAndExpenses": 319526000, "interestIncome": 0, "interestExpense": 15585000, "depreciationAndAmortization": 14172000, "ebitda": -180835000, "ebitdaratio": -1.3064130443, "operatingIncome": -180835000, "operatingIncomeRatio": -1.3064130443, "totalOtherIncomeExpensesNet": 22146000, "incomeBeforeTax": -158689000, "incomeBeforeTaxRatio": -1.1464228694, "incomeTaxExpense": 693000, "netIncome": -159382000, "netIncomeRatio": -1.1514293351, "eps": -0.68, "epsdiluted": -0.68, "weightedAverageShsOut": 233808000, "weightedAverageShsOutDil": 233808000, "link": "https://www.sec.gov/Archives/edgar/data/875320/000087532014000058/0000875320-14-000058-index.htm", "finalLink": "https://www.sec.gov/Archives/edgar/data/875320/000087532014000058/a2014q210-q.htm"}, {"date": "2014-03-31", "symbol": "VRTX", "reportedCurrency": "USD", "cik": "0000875320", "fillingDate": "2014-05-05", "acceptedDate": "2014-05-05 16:07:48", "calendarYear": "2014", "period": "Q1", "revenue": 118451000, "costOfRevenue": 15476000, "grossProfit": 102975000, "grossProfitRatio": 0.8693468185, "researchAndDevelopmentExpenses": 238963000, "generalAndAdministrativeExpenses": 0, "sellingAndMarketingExpenses": 0, "sellingGeneralAndAdministrativeExpenses": 74212000, "otherExpenses": 451000, "operatingExpenses": 313175000, "costAndExpenses": 328651000, "interestIncome": 0, "interestExpense": 15717000, "depreciationAndAmortization": 15788000, "ebitda": -199803000, "ebitdaratio": -1.6867987607, "operatingIncome": -216388000, "operatingIncomeRatio": -1.8268144634, "totalOtherIncomeExpensesNet": -14920000, "incomeBeforeTax": -231654000, "incomeBeforeTaxRatio": -1.9556947599, "incomeTaxExpense": 803000, "netIncome": -232457000, "netIncomeRatio": -1.9624739344, "eps": -1, "epsdiluted": -1, "weightedAverageShsOut": 232111000, "weightedAverageShsOutDil": 232887000, "link": "https://www.sec.gov/Archives/edgar/data/875320/000087532014000026/0000875320-14-000026-index.htm", "finalLink": "https://www.sec.gov/Archives/edgar/data/875320/000087532014000026/a2014q110-q.htm"}, {"date": "2013-12-31", "symbol": "VRTX", "reportedCurrency": "USD", "cik": "0000875320", "fillingDate": "2014-02-11", "acceptedDate": "2014-02-11 16:38:29", "calendarYear": "2013", "period": "Q4", "revenue": 351157000, "costOfRevenue": 22264000, "grossProfit": 328893000, "grossProfitRatio": 0.9365981598, "researchAndDevelopmentExpenses": 249609000, "generalAndAdministrativeExpenses": 0, "sellingAndMarketingExpenses": 0, "sellingGeneralAndAdministrativeExpenses": 75188000, "otherExpenses": 0, "operatingExpenses": 324797000, "costAndExpenses": 347061000, "interestIncome": 0, "interestExpense": 0, "depreciationAndAmortization": 17631000, "ebitda": -411405000, "ebitdaratio": -1.1715699815, "operatingIncome": -274162000, "operatingIncomeRatio": -0.7807390996, "totalOtherIncomeExpensesNet": -66091000, "incomeBeforeTax": -340253000, "incomeBeforeTaxRatio": -0.9689483621, "incomeTaxExpense": -155704000, "netIncome": 44285000, "netIncomeRatio": 0.1261116822, "eps": 0.19, "epsdiluted": 0.19, "weightedAverageShsOut": 231264000, "weightedAverageShsOutDil": 235717000, "link": "https://www.sec.gov/Archives/edgar/data/875320/000087532014000015/0000875320-14-000015-index.htm", "finalLink": "https://www.sec.gov/Archives/edgar/data/875320/000087532014000015/a201310k.htm"}, {"date": "2013-09-30", "symbol": "VRTX", "reportedCurrency": "USD", "cik": "0000875320", "fillingDate": "2013-11-07", "acceptedDate": "2013-11-07 16:22:30", "calendarYear": "2013", "period": "Q3", "revenue": 221700000, "costOfRevenue": 27339000, "grossProfit": 194361000, "grossProfitRatio": 0.8766847091, "researchAndDevelopmentExpenses": 228567000, "generalAndAdministrativeExpenses": 0, "sellingAndMarketingExpenses": 0, "sellingGeneralAndAdministrativeExpenses": 87804000, "otherExpenses": 0, "operatingExpenses": 316371000, "costAndExpenses": 343710000, "interestIncome": 0, "interestExpense": 0, "depreciationAndAmortization": 9489000, "ebitda": -109316000, "ebitdaratio": -0.4930807397, "operatingIncome": -134058000, "operatingIncomeRatio": -0.6046820027, "totalOtherIncomeExpensesNet": 4656000, "incomeBeforeTax": -129406000, "incomeBeforeTaxRatio": -0.5836986919, "incomeTaxExpense": -751000, "netIncome": -124125000, "netIncomeRatio": -0.5598782138, "eps": -0.54, "epsdiluted": -0.54, "weightedAverageShsOut": 229160377, "weightedAverageShsOutDil": 230505000, "link": "https://www.sec.gov/Archives/edgar/data/875320/000087532013000045/0000875320-13-000045-index.htm", "finalLink": "https://www.sec.gov/Archives/edgar/data/875320/000087532013000045/a2013q310-q.htm"}, {"date": "2013-06-30", "symbol": "VRTX", "reportedCurrency": "USD", "cik": "0000875320", "fillingDate": "2013-08-02", "acceptedDate": "2013-08-02 16:02:47", "calendarYear": "2013", "period": "Q2", "revenue": 310750000, "costOfRevenue": 37931000, "grossProfit": 272819000, "grossProfitRatio": 0.8779372486, "researchAndDevelopmentExpenses": 222455000, "generalAndAdministrativeExpenses": 0, "sellingAndMarketingExpenses": 0, "sellingGeneralAndAdministrativeExpenses": 106521000, "otherExpenses": 0, "operatingExpenses": 328976000, "costAndExpenses": 366907000, "interestIncome": 0, "interestExpense": 0, "depreciationAndAmortization": 10554000, "ebitda": -46406000, "ebitdaratio": -0.1493354787, "operatingIncome": -56933000, "operatingIncomeRatio": -0.1832115849, "totalOtherIncomeExpensesNet": -6578000, "incomeBeforeTax": -63511000, "incomeBeforeTaxRatio": -0.2043797265, "incomeTaxExpense": -1799000, "netIncome": -57165000, "netIncomeRatio": -0.1839581657, "eps": -0.26, "epsdiluted": -0.26, "weightedAverageShsOut": 219865384, "weightedAverageShsOutDil": 222053000, "link": "https://www.sec.gov/Archives/edgar/data/875320/000087532013000038/0000875320-13-000038-index.htm", "finalLink": "https://www.sec.gov/Archives/edgar/data/875320/000087532013000038/a2013q210-q.htm"}, {"date": "2013-03-31", "symbol": "VRTX", "reportedCurrency": "USD", "cik": "0000875320", "fillingDate": "2013-05-08", "acceptedDate": "2013-05-08 16:33:48", "calendarYear": "2013", "period": "Q1", "revenue": 328368000, "costOfRevenue": 42743000, "grossProfit": 285625000, "grossProfitRatio": 0.8698320177, "researchAndDevelopmentExpenses": 218095000, "generalAndAdministrativeExpenses": 0, "sellingAndMarketingExpenses": 0, "sellingGeneralAndAdministrativeExpenses": 92879000, "otherExpenses": 0, "operatingExpenses": 310974000, "costAndExpenses": 353717000, "interestIncome": 500000, "interestExpense": 4000000, "depreciationAndAmortization": 10691000, "ebitda": -428784000, "ebitdaratio": -1.3058032451, "operatingIncome": -438288000, "operatingIncomeRatio": -1.3347463821, "totalOtherIncomeExpensesNet": -4652000, "incomeBeforeTax": -442940000, "incomeBeforeTaxRatio": -1.3489134142, "incomeTaxExpense": -130313000, "netIncome": -308016000, "netIncomeRatio": -0.9380207572, "eps": -1.43, "epsdiluted": -1.43, "weightedAverageShsOut": 215395804, "weightedAverageShsOutDil": 215421000, "link": "https://www.sec.gov/Archives/edgar/data/875320/000087532013000024/0000875320-13-000024-index.htm", "finalLink": "https://www.sec.gov/Archives/edgar/data/875320/000087532013000024/a2013q110-q.htm"}, {"date": "2012-12-31", "symbol": "VRTX", "reportedCurrency": "USD", "cik": "0000875320", "fillingDate": "2013-03-01", "acceptedDate": "2013-03-01 16:01:47", "calendarYear": "2012", "period": "Q4", "revenue": 333994000, "costOfRevenue": 87715000, "grossProfit": 246279000, "grossProfitRatio": 0.7373755217, "researchAndDevelopmentExpenses": 213109000, "generalAndAdministrativeExpenses": 0, "sellingAndMarketingExpenses": 0, "sellingGeneralAndAdministrativeExpenses": 110452000, "otherExpenses": 0, "operatingExpenses": 323561000, "costAndExpenses": 411276000, "interestIncome": 497000, "interestExpense": 3296000, "depreciationAndAmortization": 12373000, "ebitda": -64909000, "ebitdaratio": -0.1943418145, "operatingIncome": -77476000, "operatingIncomeRatio": -0.231968239, "totalOtherIncomeExpensesNet": -3296000, "incomeBeforeTax": -80772000, "incomeBeforeTaxRatio": -0.2418366797, "incomeTaxExpense": -2696000, "netIncome": -76148000, "netIncomeRatio": -0.2279921196, "eps": -0.35, "epsdiluted": -0.35, "weightedAverageShsOut": 214607000, "weightedAverageShsOutDil": 214607000, "link": "https://www.sec.gov/Archives/edgar/data/875320/000087532013000009/0000875320-13-000009-index.htm", "finalLink": "https://www.sec.gov/Archives/edgar/data/875320/000087532013000009/vrtx10k_12312012.htm"}, {"date": "2012-09-30", "symbol": "VRTX", "reportedCurrency": "USD", "cik": "0000875320", "fillingDate": "2012-11-06", "acceptedDate": "2012-11-06 16:32:20", "calendarYear": "2012", "period": "Q3", "revenue": 336006000, "costOfRevenue": 38536000, "grossProfit": 297470000, "grossProfitRatio": 0.8853115718, "researchAndDevelopmentExpenses": 200161000, "generalAndAdministrativeExpenses": 0, "sellingAndMarketingExpenses": 0, "sellingGeneralAndAdministrativeExpenses": 97684000, "otherExpenses": 0, "operatingExpenses": 297845000, "costAndExpenses": 336381000, "interestIncome": 519000, "interestExpense": 4041000, "depreciationAndAmortization": 8593000, "ebitda": 8218000, "ebitdaratio": 0.0244578966, "operatingIncome": -1071000, "operatingIncomeRatio": -0.0031874431, "totalOtherIncomeExpensesNet": -4041000, "incomeBeforeTax": -5112000, "incomeBeforeTaxRatio": -0.015214014, "incomeTaxExpense": 21355000, "netIncome": -57543000, "netIncomeRatio": -0.1712558704, "eps": -0.27, "epsdiluted": -0.27, "weightedAverageShsOut": 213122222, "weightedAverageShsOutDil": 213767000, "link": "https://www.sec.gov/Archives/edgar/data/875320/000104746912010125/0001047469-12-010125-index.htm", "finalLink": "https://www.sec.gov/Archives/edgar/data/875320/000104746912010125/a2211595z10-q.htm"}, {"date": "2012-06-30", "symbol": "VRTX", "reportedCurrency": "USD", "cik": "0000875320", "fillingDate": "2012-08-08", "acceptedDate": "2012-08-08 16:31:41", "calendarYear": "2012", "period": "Q2", "revenue": 418305000, "costOfRevenue": 114423000, "grossProfit": 303882000, "grossProfitRatio": 0.7264603579, "researchAndDevelopmentExpenses": 196544000, "generalAndAdministrativeExpenses": 0, "sellingAndMarketingExpenses": 0, "sellingGeneralAndAdministrativeExpenses": 117514000, "otherExpenses": 0, "operatingExpenses": 314058000, "costAndExpenses": 428481000, "interestIncome": 560000, "interestExpense": 3635000, "depreciationAndAmortization": 8665000, "ebitda": -1511000, "ebitdaratio": -0.0036121968, "operatingIncome": -10770000, "operatingIncomeRatio": -0.0257467637, "totalOtherIncomeExpensesNet": -3635000, "incomeBeforeTax": -14405000, "incomeBeforeTaxRatio": -0.0344365953, "incomeTaxExpense": 20063000, "netIncome": -64931000, "netIncomeRatio": -0.155224059, "eps": -0.31, "epsdiluted": -0.31, "weightedAverageShsOut": 211344000, "weightedAverageShsOutDil": 211344000, "link": "https://www.sec.gov/Archives/edgar/data/875320/000104746912007979/0001047469-12-007979-index.htm", "finalLink": "https://www.sec.gov/Archives/edgar/data/875320/000104746912007979/a2210334z10-q.htm"}, {"date": "2012-03-31", "symbol": "VRTX", "reportedCurrency": "USD", "cik": "0000875320", "fillingDate": "2012-05-10", "acceptedDate": "2012-05-10 16:17:07", "calendarYear": "2012", "period": "Q1", "revenue": 438737000, "costOfRevenue": 39211000, "grossProfit": 399526000, "grossProfitRatio": 0.9106275514, "researchAndDevelopmentExpenses": 196371000, "generalAndAdministrativeExpenses": 0, "sellingAndMarketingExpenses": 0, "sellingGeneralAndAdministrativeExpenses": 111146000, "otherExpenses": 0, "operatingExpenses": 307517000, "costAndExpenses": 346728000, "interestIncome": 364000, "interestExpense": 3741000, "depreciationAndAmortization": 8560000, "ebitda": 100568000, "ebitdaratio": 0.2292216066, "operatingIncome": 91649000, "operatingIncomeRatio": 0.2088927991, "totalOtherIncomeExpensesNet": -3741000, "incomeBeforeTax": 87908000, "incomeBeforeTaxRatio": 0.2003660507, "incomeTaxExpense": 32000, "netIncome": 91590000, "netIncomeRatio": 0.2087583222, "eps": 0.44, "epsdiluted": 0.43, "weightedAverageShsOut": 208018000, "weightedAverageShsOutDil": 219264000, "link": "https://www.sec.gov/Archives/edgar/data/875320/000104746912005755/0001047469-12-005755-index.htm", "finalLink": "https://www.sec.gov/Archives/edgar/data/875320/000104746912005755/a2209148z10-q.htm"}, {"date": "2011-12-31", "symbol": "VRTX", "reportedCurrency": "USD", "cik": "0000875320", "fillingDate": "2012-02-22", "acceptedDate": "2012-02-22 17:08:51", "calendarYear": "2011", "period": "Q4", "revenue": 563340000, "costOfRevenue": 30127000, "grossProfit": 533213000, "grossProfitRatio": 0.9465207512, "researchAndDevelopmentExpenses": 186438000, "generalAndAdministrativeExpenses": 0, "sellingAndMarketingExpenses": 0, "sellingGeneralAndAdministrativeExpenses": 121881000, "otherExpenses": 0, "operatingExpenses": 308319000, "costAndExpenses": 338446000, "interestIncome": 197000, "interestExpense": 12430000, "depreciationAndAmortization": 9724000, "ebitda": 232955000, "ebitdaratio": 0.413524692, "operatingIncome": 223902000, "operatingIncomeRatio": 0.397454468, "totalOtherIncomeExpensesNet": -13101000, "incomeBeforeTax": 210801000, "incomeBeforeTaxRatio": 0.3741985302, "incomeTaxExpense": 22660000, "netIncome": 158629000, "netIncomeRatio": 0.2815866084, "eps": 0.76, "epsdiluted": 0.72, "weightedAverageShsOut": 208018000, "weightedAverageShsOutDil": 219264000, "link": "https://www.sec.gov/Archives/edgar/data/875320/000104746912001298/0001047469-12-001298-index.htm", "finalLink": "https://www.sec.gov/Archives/edgar/data/875320/000104746912001298/a2206536z10-k.htm"}, {"date": "2011-09-30", "symbol": "VRTX", "reportedCurrency": "USD", "cik": "0000875320", "fillingDate": "2011-11-03", "acceptedDate": "2011-11-03 17:16:53", "calendarYear": "2011", "period": "Q3", "revenue": 659200000, "costOfRevenue": 38406000, "grossProfit": 620794000, "grossProfitRatio": 0.9417384709, "researchAndDevelopmentExpenses": 189052000, "generalAndAdministrativeExpenses": 0, "sellingAndMarketingExpenses": 0, "sellingGeneralAndAdministrativeExpenses": 110654000, "otherExpenses": 0, "operatingExpenses": 299706000, "costAndExpenses": 338112000, "interestIncome": 77000, "interestExpense": 6982000, "depreciationAndAmortization": 7750000, "ebitda": 215419000, "ebitdaratio": 0.3267885316, "operatingIncome": 215707000, "operatingIncomeRatio": 0.3272254248, "totalOtherIncomeExpensesNet": -15097000, "incomeBeforeTax": 200610000, "incomeBeforeTaxRatio": 0.3043234223, "incomeTaxExpense": -27842000, "netIncome": 221110000, "netIncomeRatio": 0.3354217233, "eps": 1.06, "epsdiluted": 1.02, "weightedAverageShsOut": 206002000, "weightedAverageShsOutDil": 219349000, "link": "https://www.sec.gov/Archives/edgar/data/875320/000104746911009007/0001047469-11-009007-index.htm", "finalLink": "https://www.sec.gov/Archives/edgar/data/875320/000104746911009007/a2206080z10-q.htm"}, {"date": "2011-06-30", "symbol": "VRTX", "reportedCurrency": "USD", "cik": "0000875320", "fillingDate": "2011-08-09", "acceptedDate": "2011-08-09 16:13:29", "calendarYear": "2011", "period": "Q2", "revenue": 114424000, "costOfRevenue": 9306000, "grossProfit": 105118000, "grossProfitRatio": 0.9186709082, "researchAndDevelopmentExpenses": 172796000, "generalAndAdministrativeExpenses": 0, "sellingAndMarketingExpenses": 0, "sellingGeneralAndAdministrativeExpenses": 97471000, "otherExpenses": 0, "operatingExpenses": 270267000, "costAndExpenses": 279573000, "interestIncome": 202000, "interestExpense": 6962000, "depreciationAndAmortization": 8709000, "ebitda": -165890000, "ebitdaratio": -1.4497832623, "operatingIncome": -165890000, "operatingIncomeRatio": -1.4497832623, "totalOtherIncomeExpensesNet": -8980000, "incomeBeforeTax": -174870000, "incomeBeforeTaxRatio": -1.5282633014, "incomeTaxExpense": 24448000, "netIncome": -174069000, "netIncomeRatio": -1.5212630217, "eps": -0.85, "epsdiluted": -0.85, "weightedAverageShsOut": 204413000, "weightedAverageShsOutDil": 204413000, "link": "https://www.sec.gov/Archives/edgar/data/875320/000104746911007153/0001047469-11-007153-index.htm", "finalLink": "https://www.sec.gov/Archives/edgar/data/875320/000104746911007153/a2205008z10-q.htm"}, {"date": "2011-03-31", "symbol": "VRTX", "reportedCurrency": "USD", "cik": "0000875320", "fillingDate": "2011-05-06", "acceptedDate": "2011-05-06 16:18:42", "calendarYear": "2011", "period": "Q1", "revenue": 73662000, "costOfRevenue": 2666000, "grossProfit": 70996000, "grossProfitRatio": 0.963807662, "researchAndDevelopmentExpenses": 158612000, "generalAndAdministrativeExpenses": 0, "sellingAndMarketingExpenses": 0, "sellingGeneralAndAdministrativeExpenses": 71523000, "otherExpenses": 0, "operatingExpenses": 230135000, "costAndExpenses": 232801000, "interestIncome": 1402000, "interestExpense": 10599000, "depreciationAndAmortization": 8858000, "ebitda": -155237000, "ebitdaratio": -2.1074230947, "operatingIncome": -159899000, "operatingIncomeRatio": -2.1707121718, "totalOtherIncomeExpensesNet": -16197000, "incomeBeforeTax": -176096000, "incomeBeforeTaxRatio": -2.3905948793, "incomeTaxExpense": 0, "netIncome": -176096000, "netIncomeRatio": -2.3905948793, "eps": -0.87, "epsdiluted": -0.87, "weightedAverageShsOut": 202329000, "weightedAverageShsOutDil": 202329000, "link": "https://www.sec.gov/Archives/edgar/data/875320/000104746911004721/0001047469-11-004721-index.htm", "finalLink": "https://www.sec.gov/Archives/edgar/data/875320/000104746911004721/a2203470z10-q.htm"}, {"date": "2010-12-31", "symbol": "VRTX", "reportedCurrency": "USD", "cik": "0000875320", "fillingDate": "2011-02-17", "acceptedDate": "2011-02-17 16:37:47", "calendarYear": "2010", "period": "Q4", "revenue": 65524000, "costOfRevenue": 3049000, "grossProfit": 62475000, "grossProfitRatio": 0.9534674318, "researchAndDevelopmentExpenses": 168888000, "generalAndAdministrativeExpenses": 0, "sellingAndMarketingExpenses": 0, "sellingGeneralAndAdministrativeExpenses": 62478000, "otherExpenses": 0, "operatingExpenses": 231366000, "costAndExpenses": 234415000, "interestIncome": 523000, "interestExpense": 7686000, "depreciationAndAmortization": 8205000, "ebitda": -201461000, "ebitdaratio": -3.0746138819, "operatingIncome": -166634000, "operatingIncomeRatio": -2.5430987119, "totalOtherIncomeExpensesNet": -13758000, "incomeBeforeTax": -170972000, "incomeBeforeTaxRatio": -2.6093034613, "incomeTaxExpense": -29274000, "netIncome": -180392000, "netIncomeRatio": -2.7530675783, "eps": -0.89, "epsdiluted": -0.89, "weightedAverageShsOut": 201368000, "weightedAverageShsOutDil": 202329000, "link": "https://www.sec.gov/Archives/edgar/data/875320/000104746911001025/0001047469-11-001025-index.htm", "finalLink": "https://www.sec.gov/Archives/edgar/data/875320/000104746911001025/a2201820z10-k.htm"}, {"date": "2010-09-30", "symbol": "VRTX", "reportedCurrency": "USD", "cik": "0000875320", "fillingDate": "2010-10-28", "acceptedDate": "2010-10-28 16:53:45", "calendarYear": "2010", "period": "Q3", "revenue": 23795000, "costOfRevenue": 3228000, "grossProfit": 20567000, "grossProfitRatio": 0.8643412482, "researchAndDevelopmentExpenses": 170434000, "generalAndAdministrativeExpenses": 0, "sellingAndMarketingExpenses": 0, "sellingGeneralAndAdministrativeExpenses": 48855000, "otherExpenses": 0, "operatingExpenses": 219289000, "costAndExpenses": 222517000, "interestIncome": 493000, "interestExpense": 3458000, "depreciationAndAmortization": 6758000, "ebitda": -199588000, "ebitdaratio": -8.3878125657, "operatingIncome": -199588000, "operatingIncomeRatio": -8.3878125657, "totalOtherIncomeExpensesNet": -9369000, "incomeBeforeTax": -208957000, "incomeBeforeTaxRatio": -8.781550746, "incomeTaxExpense": 0, "netIncome": -208957000, "netIncomeRatio": -8.781550746, "eps": -1.04, "epsdiluted": -1.04, "weightedAverageShsOut": 200887000, "weightedAverageShsOutDil": 200887000, "link": "https://www.sec.gov/Archives/edgar/data/875320/000104746910008963/0001047469-10-008963-index.htm", "finalLink": "https://www.sec.gov/Archives/edgar/data/875320/000104746910008963/a2200597z10-q.htm"}]