[{"date": "2025-06-30", "symbol": "LPLA", "reportedCurrency": "USD", "cik": "0001397911", "fillingDate": "2025-08-04", "acceptedDate": "2025-08-04 08:22:09", "calendarYear": "2025", "period": "Q2", "revenue": 3835025000, "costOfRevenue": 360192000, "grossProfit": 3474833000, "grossProfitRatio": 0.9060783176, "researchAndDevelopmentExpenses": 0, "generalAndAdministrativeExpenses": 143952000, "sellingAndMarketingExpenses": 177552000, "sellingGeneralAndAdministrativeExpenses": 321504000, "otherExpenses": 193526000, "operatingExpenses": 515030000, "costAndExpenses": 3289023000, "interestIncome": 0, "interestExpense": 105636000, "depreciationAndAmortization": 142334000, "ebitda": 688336000, "ebitdaratio": 0.1794867048, "operatingIncome": 546002000, "operatingIncomeRatio": 0.1423724748, "totalOtherIncomeExpensesNet": -177198000, "incomeBeforeTax": 368804000, "incomeBeforeTaxRatio": 0.0961673001, "incomeTaxExpense": 95555000, "netIncome": 273249000, "netIncomeRatio": 0.0712509045, "eps": 3.42, "epsdiluted": 3.4, "weightedAverageShsOut": 77307000, "weightedAverageShsOutDil": 77760000, "link": "https://www.sec.gov/Archives/edgar/data/1397911/000139791125000122/0001397911-25-000122-index.htm", "finalLink": "https://www.sec.gov/Archives/edgar/data/1397911/000139791125000122/lpla-20250630.htm"}, {"date": "2025-03-31", "symbol": "LPLA", "reportedCurrency": "USD", "cik": "0001397911", "fillingDate": "2025-05-09", "acceptedDate": "2025-05-09 16:08:47", "calendarYear": "2025", "period": "Q1", "revenue": 3670007000, "costOfRevenue": 2703609000, "grossProfit": 3584145000, "grossProfitRatio": 0.9766044043, "researchAndDevelopmentExpenses": 0, "generalAndAdministrativeExpenses": 133072000, "sellingAndMarketingExpenses": 145645000, "sellingGeneralAndAdministrativeExpenses": 278717000, "otherExpenses": 184566000, "operatingExpenses": 463283000, "costAndExpenses": 3118392000, "interestIncome": 0, "interestExpense": 85862000, "depreciationAndAmortization": 135877000, "ebitda": 687492000, "ebitdaratio": 0.1873271631, "operatingIncome": 551615000, "operatingIncomeRatio": 0.150303528, "totalOtherIncomeExpensesNet": -134362000, "incomeBeforeTax": 417253000, "incomeBeforeTaxRatio": 0.1136926987, "incomeTaxExpense": 98680000, "netIncome": 318573000, "netIncomeRatio": 0.0868044666, "eps": 4.27, "epsdiluted": 4.24, "weightedAverageShsOut": 74600000, "weightedAverageShsOutDil": 75112000, "link": "https://www.sec.gov/Archives/edgar/data/1397911/000139791125000063/0001397911-25-000063-index.htm", "finalLink": "https://www.sec.gov/Archives/edgar/data/1397911/000139791125000063/lpla-20250331.htm"}, {"date": "2024-12-31", "symbol": "LPLA", "reportedCurrency": "USD", "cik": "0001397911", "fillingDate": "2025-02-20", "acceptedDate": "2025-02-20 16:16:57", "calendarYear": "2024", "period": "Q4", "revenue": 3512351000, "costOfRevenue": 2607149000, "grossProfit": 905202000, "grossProfitRatio": 0.2577196869, "researchAndDevelopmentExpenses": 0, "generalAndAdministrativeExpenses": 126365000, "sellingAndMarketingExpenses": 162057000, "sellingGeneralAndAdministrativeExpenses": 288422000, "otherExpenses": 193520000, "operatingExpenses": 481942000, "costAndExpenses": 3089091000, "interestIncome": 0, "interestExpense": 81979000, "depreciationAndAmortization": 134646000, "ebitda": 595167000, "ebitdaratio": 0.1694497503, "operatingIncome": 423260000, "operatingIncomeRatio": 0.1205061795, "totalOtherIncomeExpensesNet": 1949194000, "incomeBeforeTax": 341281000, "incomeBeforeTaxRatio": 0.0971659723, "incomeTaxExpense": 70532000, "netIncome": 270749000, "netIncomeRatio": 0.0770848358, "eps": 3.62, "epsdiluted": 3.59, "weightedAverageShsOut": 74785000, "weightedAverageShsOutDil": 75337000, "link": "https://www.sec.gov/Archives/edgar/data/1397911/000139791125000018/0001397911-25-000018-index.htm", "finalLink": "https://www.sec.gov/Archives/edgar/data/1397911/000139791125000018/lpla-20241231.htm"}, {"date": "2024-09-30", "symbol": "LPLA", "reportedCurrency": "USD", "cik": "0001397911", "fillingDate": "2024-11-04", "acceptedDate": "2024-11-04 16:18:42", "calendarYear": "2024", "period": "Q3", "revenue": 3108394000, "costOfRevenue": 2244116000, "grossProfit": 864278000, "grossProfitRatio": 0.2780464767, "researchAndDevelopmentExpenses": 0, "generalAndAdministrativeExpenses": 114090000, "sellingAndMarketingExpenses": 164538000, "sellingGeneralAndAdministrativeExpenses": 278628000, "otherExpenses": 148323000, "operatingExpenses": 426951000, "costAndExpenses": 2671067000, "interestIncome": 0, "interestExpense": 67779000, "depreciationAndAmortization": 110799000, "ebitda": 525926000, "ebitdaratio": 0.1691954109, "operatingIncome": 437327000, "operatingIncomeRatio": 0.1406922675, "totalOtherIncomeExpensesNet": -89979000, "incomeBeforeTax": 347348000, "incomeBeforeTaxRatio": 0.1117451649, "incomeTaxExpense": 92045000, "netIncome": 255303000, "netIncomeRatio": 0.0821334104, "eps": 3.41, "epsdiluted": 3.39, "weightedAverageShsOut": 74776000, "weightedAverageShsOutDil": 75405000, "link": "https://www.sec.gov/Archives/edgar/data/1397911/000139791124000141/0001397911-24-000141-index.htm", "finalLink": "https://www.sec.gov/Archives/edgar/data/1397911/000139791124000141/lpla-20240930.htm"}, {"date": "2024-06-30", "symbol": "LPLA", "reportedCurrency": "USD", "cik": "0001397911", "fillingDate": "2024-07-30", "acceptedDate": "2024-07-30 16:17:51", "calendarYear": "2024", "period": "Q2", "revenue": 2931769000, "costOfRevenue": 2303670000, "grossProfit": 628099000, "grossProfitRatio": 0.2142389117, "researchAndDevelopmentExpenses": 0, "generalAndAdministrativeExpenses": 111035000, "sellingAndMarketingExpenses": 136125000, "sellingGeneralAndAdministrativeExpenses": 247160000, "otherExpenses": 125927000, "operatingExpenses": 373087000, "costAndExpenses": 2500457000, "interestIncome": 0, "interestExpense": 64341000, "depreciationAndAmortization": 101606000, "ebitda": 532918000, "ebitdaratio": 0.1817735299, "operatingIncome": 431312000, "operatingIncomeRatio": 0.1471166385, "totalOtherIncomeExpensesNet": -101241000, "incomeBeforeTax": 330071000, "incomeBeforeTaxRatio": 0.1125842452, "incomeTaxExpense": 86271000, "netIncome": 243800000, "netIncomeRatio": 0.0831579841, "eps": 3.26, "epsdiluted": 3.23, "weightedAverageShsOut": 74725000, "weightedAverageShsOutDil": 75548000, "link": "https://www.sec.gov/Archives/edgar/data/1397911/000139791124000109/0001397911-24-000109-index.htm", "finalLink": "https://www.sec.gov/Archives/edgar/data/1397911/000139791124000109/lpla-20240630.htm"}, {"date": "2024-03-31", "symbol": "LPLA", "reportedCurrency": "USD", "cik": "0001397911", "fillingDate": "2024-05-02", "acceptedDate": "2024-05-02 16:09:41", "calendarYear": "2024", "period": "Q1", "revenue": 2832593000, "costOfRevenue": 1860729000, "grossProfit": 971864000, "grossProfitRatio": 0.3431004737, "researchAndDevelopmentExpenses": 0, "generalAndAdministrativeExpenses": 99287000, "sellingAndMarketingExpenses": 126619000, "sellingGeneralAndAdministrativeExpenses": 225906000, "otherExpenses": 194484000, "operatingExpenses": 420390000, "costAndExpenses": 2398319000, "interestIncome": 0, "interestExpense": 60082000, "depreciationAndAmortization": 96710000, "ebitda": 540484000, "ebitdaratio": 0.1908089161, "operatingIncome": 443774000, "operatingIncomeRatio": 0.1566670538, "totalOtherIncomeExpensesNet": -69582000, "incomeBeforeTax": 374192000, "incomeBeforeTaxRatio": 0.1321022823, "incomeTaxExpense": 85428000, "netIncome": 288764000, "netIncomeRatio": 0.1019433431, "eps": 3.87, "epsdiluted": 3.83, "weightedAverageShsOut": 74562000, "weightedAverageShsOutDil": 75463000, "link": "https://www.sec.gov/Archives/edgar/data/1397911/000139791124000053/0001397911-24-000053-index.htm", "finalLink": "https://www.sec.gov/Archives/edgar/data/1397911/000139791124000053/lpla-20240331.htm"}, {"date": "2023-12-31", "symbol": "LPLA", "reportedCurrency": "USD", "cik": "0001397911", "fillingDate": "2024-02-21", "acceptedDate": "2024-02-21 16:10:48", "calendarYear": "2023", "period": "Q4", "revenue": 2643829000, "costOfRevenue": 1730449000, "grossProfit": 913380000, "grossProfitRatio": 0.3454762014, "researchAndDevelopmentExpenses": 0, "generalAndAdministrativeExpenses": 101489000, "sellingAndMarketingExpenses": 126800000, "sellingGeneralAndAdministrativeExpenses": 228289000, "otherExpenses": 301958000, "operatingExpenses": 530247000, "costAndExpenses": 2260696000, "interestIncome": 0, "interestExpense": 54415000, "depreciationAndAmortization": 96554000, "ebitda": 479687000, "ebitdaratio": 0.1814364696, "operatingIncome": 383133000, "operatingIncomeRatio": 0.1449159533, "totalOtherIncomeExpensesNet": -89346000, "incomeBeforeTax": 293787000, "incomeBeforeTaxRatio": 0.1111217859, "incomeTaxExpense": 76232000, "netIncome": 217555000, "netIncomeRatio": 0.0822878484, "eps": 2.89, "epsdiluted": 2.85, "weightedAverageShsOut": 75228000, "weightedAverageShsOutDil": 76240000, "link": "https://www.sec.gov/Archives/edgar/data/1397911/000139791124000011/0001397911-24-000011-index.htm", "finalLink": "https://www.sec.gov/Archives/edgar/data/1397911/000139791124000011/lpla-20231231.htm"}, {"date": "2023-09-30", "symbol": "LPLA", "reportedCurrency": "USD", "cik": "0001397911", "fillingDate": "2023-10-31", "acceptedDate": "2023-10-31 16:21:21", "calendarYear": "2023", "period": "Q3", "revenue": 2522383000, "costOfRevenue": 1756984000, "grossProfit": 765399000, "grossProfitRatio": 0.3034428158, "researchAndDevelopmentExpenses": 0, "generalAndAdministrativeExpenses": 99672000, "sellingAndMarketingExpenses": 131645000, "sellingGeneralAndAdministrativeExpenses": 231317000, "otherExpenses": 534082000, "operatingExpenses": 765399000, "costAndExpenses": 2156348000, "interestIncome": 48363000, "interestExpense": 48363000, "depreciationAndAmortization": 92387000, "ebitda": 458422000, "ebitdaratio": 0.1817416308, "operatingIncome": 372035000, "operatingIncomeRatio": 0.1474934615, "totalOtherIncomeExpensesNet": -54363000, "incomeBeforeTax": 317672000, "incomeBeforeTaxRatio": 0.125941223, "incomeTaxExpense": 93381000, "netIncome": 224291000, "netIncomeRatio": 0.088920279, "eps": 2.95, "epsdiluted": 2.91, "weightedAverageShsOut": 76062000, "weightedAverageShsOutDil": 77147000, "link": "https://www.sec.gov/Archives/edgar/data/1397911/000139791123000160/0001397911-23-000160-index.htm", "finalLink": "https://www.sec.gov/Archives/edgar/data/1397911/000139791123000160/lpla-20230930.htm"}, {"date": "2023-06-30", "symbol": "LPLA", "reportedCurrency": "USD", "cik": "0001397911", "fillingDate": "2023-08-01", "acceptedDate": "2023-08-01 16:49:09", "calendarYear": "2023", "period": "Q2", "revenue": 946051000, "costOfRevenue": 314777000, "grossProfit": 631274000, "grossProfitRatio": 0.6672726946, "researchAndDevelopmentExpenses": 0, "generalAndAdministrativeExpenses": 231680000, "sellingAndMarketingExpenses": 102565000, "sellingGeneralAndAdministrativeExpenses": 334245000, "otherExpenses": -891477000, "operatingExpenses": -557232000, "costAndExpenses": -557232000, "interestIncome": 37972000, "interestExpense": 44842000, "depreciationAndAmortization": 85118000, "ebitda": 473937000, "ebitdaratio": 0.5009634787, "operatingIncome": 388819000, "operatingIncomeRatio": 0.410991585, "totalOtherIncomeExpensesNet": -48942000, "incomeBeforeTax": 388819000, "incomeBeforeTaxRatio": 0.410991585, "incomeTaxExpense": 103299000, "netIncome": 285520000, "netIncomeRatio": 0.3018019113, "eps": 3.7, "epsdiluted": 3.65, "weightedAverageShsOut": 77234000, "weightedAverageShsOutDil": 78194000, "link": "https://www.sec.gov/Archives/edgar/data/1397911/000139791123000126/0001397911-23-000126-index.htm", "finalLink": "https://www.sec.gov/Archives/edgar/data/1397911/000139791123000126/lpla-20230630.htm"}, {"date": "2023-03-31", "symbol": "LPLA", "reportedCurrency": "USD", "cik": "0001397911", "fillingDate": "2023-05-02", "acceptedDate": "2023-05-02 16:14:52", "calendarYear": "2023", "period": "Q1", "revenue": 981888000, "costOfRevenue": 307926000, "grossProfit": 673962000, "grossProfitRatio": 0.6863939675, "researchAndDevelopmentExpenses": 0, "generalAndAdministrativeExpenses": 233533000, "sellingAndMarketingExpenses": 98223000, "sellingGeneralAndAdministrativeExpenses": 331756000, "otherExpenses": -546129000, "operatingExpenses": -214373000, "costAndExpenses": 307926000, "interestIncome": 37358000, "interestExpense": 39184000, "depreciationAndAmortization": 80146000, "ebitda": 539735000, "ebitdaratio": 0.5496910035, "operatingIncome": 459589000, "operatingIncomeRatio": 0.4680666227, "totalOtherIncomeExpensesNet": -42284000, "incomeBeforeTax": 444497000, "incomeBeforeTaxRatio": 0.4526962342, "incomeTaxExpense": 105613000, "netIncome": 338884000, "netIncomeRatio": 0.3451350867, "eps": 4.3, "epsdiluted": 4.24, "weightedAverageShsOut": 78750000, "weightedAverageShsOutDil": 79974000, "link": "https://www.sec.gov/Archives/edgar/data/1397911/000139791123000072/0001397911-23-000072-index.htm", "finalLink": "https://www.sec.gov/Archives/edgar/data/1397911/000139791123000072/lpla-20230331.htm"}, {"date": "2022-12-31", "symbol": "LPLA", "reportedCurrency": "USD", "cik": "0001397911", "fillingDate": "2023-02-23", "acceptedDate": "2023-02-23 17:12:32", "calendarYear": "2022", "period": "Q4", "revenue": 2333187000, "costOfRevenue": 1584946000, "grossProfit": 748241000, "grossProfitRatio": 0.3206948264, "researchAndDevelopmentExpenses": 0, "generalAndAdministrativeExpenses": 96005000, "sellingAndMarketingExpenses": 80355000, "sellingGeneralAndAdministrativeExpenses": 176460000, "otherExpenses": 571781000, "operatingExpenses": 748241000, "costAndExpenses": 2333187000, "interestIncome": 0, "interestExpense": 37082000, "depreciationAndAmortization": 76783000, "ebitda": 533084000, "ebitdaratio": 0.2284789003, "operatingIncome": 456301000, "operatingIncomeRatio": 0.1955698365, "totalOtherIncomeExpensesNet": -37082000, "incomeBeforeTax": 419219000, "incomeBeforeTaxRatio": 0.179676554, "incomeTaxExpense": 100137000, "netIncome": 319082000, "netIncomeRatio": 0.1367580053, "eps": 4, "epsdiluted": 3.93, "weightedAverageShsOut": 79803000, "weightedAverageShsOutDil": 81267500, "link": "https://www.sec.gov/Archives/edgar/data/1397911/000139791123000024/0001397911-23-000024-index.htm", "finalLink": "https://www.sec.gov/Archives/edgar/data/1397911/000139791123000024/lpla-20221231.htm"}, {"date": "2022-09-30", "symbol": "LPLA", "reportedCurrency": "USD", "cik": "0001397911", "fillingDate": "2022-11-01", "acceptedDate": "2022-11-01 17:08:58", "calendarYear": "2022", "period": "Q3", "revenue": 804494000, "costOfRevenue": 1533429000, "grossProfit": -728935000, "grossProfitRatio": -0.906078852, "researchAndDevelopmentExpenses": 0, "generalAndAdministrativeExpenses": 208051000, "sellingAndMarketingExpenses": 94510000, "sellingGeneralAndAdministrativeExpenses": 302561000, "otherExpenses": 0, "operatingExpenses": 289709000, "costAndExpenses": 1823138000, "interestIncome": 22092000, "interestExpense": 33186000, "depreciationAndAmortization": 74323000, "ebitda": 414243000, "ebitdaratio": 0.5149112361, "operatingIncome": 347420000, "operatingIncomeRatio": 0.4318490877, "totalOtherIncomeExpensesNet": -33186000, "incomeBeforeTax": 306734000, "incomeBeforeTaxRatio": 0.3812756838, "incomeTaxExpense": 74403000, "netIncome": 232331000, "netIncomeRatio": 0.288791464, "eps": 2.91, "epsdiluted": 2.86, "weightedAverageShsOut": 79805000, "weightedAverageShsOutDil": 81250000, "link": "https://www.sec.gov/Archives/edgar/data/1397911/000139791122000156/0001397911-22-000156-index.htm", "finalLink": "https://www.sec.gov/Archives/edgar/data/1397911/000139791122000156/lpla-20220930.htm"}, {"date": "2022-06-30", "symbol": "LPLA", "reportedCurrency": "USD", "cik": "0001397911", "fillingDate": "2022-08-04", "acceptedDate": "2022-08-04 16:27:40", "calendarYear": "2022", "period": "Q2", "revenue": 682348000, "costOfRevenue": 269895000, "grossProfit": 412453000, "grossProfitRatio": 0.6044613599, "researchAndDevelopmentExpenses": 0, "generalAndAdministrativeExpenses": 196699000, "sellingAndMarketingExpenses": 78027000, "sellingGeneralAndAdministrativeExpenses": 274726000, "otherExpenses": -446103000, "operatingExpenses": -171377000, "costAndExpenses": 269895000, "interestIncome": 10121000, "interestExpense": 28755000, "depreciationAndAmortization": 69621000, "ebitda": 310697000, "ebitdaratio": 0.4553351076, "operatingIncome": 241076000, "operatingIncomeRatio": 0.3533035929, "totalOtherIncomeExpensesNet": -37655000, "incomeBeforeTax": 212321000, "incomeBeforeTaxRatio": 0.3111623395, "incomeTaxExpense": 51776000, "netIncome": 160545000, "netIncomeRatio": 0.2352831693, "eps": 2.01, "epsdiluted": 1.97, "weightedAverageShsOut": 79947000, "weightedAverageShsOutDil": 81410000, "link": "https://www.sec.gov/Archives/edgar/data/1397911/000139791122000122/0001397911-22-000122-index.htm", "finalLink": "https://www.sec.gov/Archives/edgar/data/1397911/000139791122000122/lpla-20220630.htm"}, {"date": "2022-03-31", "symbol": "LPLA", "reportedCurrency": "USD", "cik": "0001397911", "fillingDate": "2022-05-03", "acceptedDate": "2022-05-03 16:44:54", "calendarYear": "2022", "period": "Q1", "revenue": 641748000, "costOfRevenue": 262168000, "grossProfit": 379580000, "grossProfitRatio": 0.591478275, "researchAndDevelopmentExpenses": 0, "generalAndAdministrativeExpenses": 192034000, "sellingAndMarketingExpenses": 87002000, "sellingGeneralAndAdministrativeExpenses": 279036000, "otherExpenses": -720194000, "operatingExpenses": -441158000, "costAndExpenses": -441158000, "interestIncome": 7745000, "interestExpense": 27211000, "depreciationAndAmortization": 66650000, "ebitda": 267240000, "ebitdaratio": 0.4164251388, "operatingIncome": 200590000, "operatingIncomeRatio": 0.3125681732, "totalOtherIncomeExpensesNet": -40511000, "incomeBeforeTax": 173379000, "incomeBeforeTaxRatio": 0.2701667944, "incomeTaxExpense": 39635000, "netIncome": 133744000, "netIncomeRatio": 0.2084057917, "eps": 1.67, "epsdiluted": 1.64, "weightedAverageShsOut": 79976000, "weightedAverageShsOutDil": 81572000, "link": "https://www.sec.gov/Archives/edgar/data/1397911/000139791122000069/0001397911-22-000069-index.htm", "finalLink": "https://www.sec.gov/Archives/edgar/data/1397911/000139791122000069/lpla-20220331.htm"}, {"date": "2021-12-31", "symbol": "LPLA", "reportedCurrency": "USD", "cik": "0001397911", "fillingDate": "2022-02-22", "acceptedDate": "2022-02-22 17:22:49", "calendarYear": "2021", "period": "Q4", "revenue": 615542000, "costOfRevenue": 1512718000, "grossProfit": -897176000, "grossProfitRatio": -1.4575382346, "researchAndDevelopmentExpenses": 0, "generalAndAdministrativeExpenses": 209630000, "sellingAndMarketingExpenses": 87743000, "sellingGeneralAndAdministrativeExpenses": 297373000, "otherExpenses": 0, "operatingExpenses": -790662000, "costAndExpenses": -1525658000, "interestIncome": 7780000, "interestExpense": 27121000, "depreciationAndAmortization": 61189000, "ebitda": 224869000, "ebitdaratio": 0.3653186947, "operatingIncome": 163680000, "operatingIncomeRatio": 0.265911993, "totalOtherIncomeExpensesNet": -41412000, "incomeBeforeTax": 136559000, "incomeBeforeTaxRatio": 0.2218516364, "incomeTaxExpense": 28478000, "netIncome": 108081000, "netIncomeRatio": 0.1755867187, "eps": 1.35, "epsdiluted": 1.32, "weightedAverageShsOut": 80064000, "weightedAverageShsOutDil": 81744000, "link": "https://www.sec.gov/Archives/edgar/data/1397911/000139791122000014/0001397911-22-000014-index.htm", "finalLink": "https://www.sec.gov/Archives/edgar/data/1397911/000139791122000014/lpla-20211231.htm"}, {"date": "2021-09-30", "symbol": "LPLA", "reportedCurrency": "USD", "cik": "0001397911", "fillingDate": "2021-11-02", "acceptedDate": "2021-11-02 17:22:32", "calendarYear": "2021", "period": "Q3", "revenue": 604040000, "costOfRevenue": 276928000, "grossProfit": 327112000, "grossProfitRatio": 0.5415402953, "researchAndDevelopmentExpenses": 0, "generalAndAdministrativeExpenses": 185980000, "sellingAndMarketingExpenses": 96012000, "sellingGeneralAndAdministrativeExpenses": 281992000, "otherExpenses": 1855721000, "operatingExpenses": 1855721000, "costAndExpenses": 2132649000, "interestIncome": 7365000, "interestExpense": 27063000, "depreciationAndAmortization": 59940000, "ebitda": 224982000, "ebitdaratio": 0.3724620886, "operatingIncome": -111886000, "operatingIncomeRatio": -0.185229455, "totalOtherIncomeExpensesNet": -27063000, "incomeBeforeTax": 137979000, "incomeBeforeTaxRatio": 0.2284269254, "incomeTaxExpense": 34915000, "netIncome": 103064000, "netIncomeRatio": 0.170624462, "eps": 1.29, "epsdiluted": 1.26, "weightedAverageShsOut": 80182000, "weightedAverageShsOutDil": 81849000, "link": "https://www.sec.gov/Archives/edgar/data/1397911/000139791121000180/0001397911-21-000180-index.htm", "finalLink": "https://www.sec.gov/Archives/edgar/data/1397911/000139791121000180/lpla-20210930.htm"}, {"date": "2021-06-30", "symbol": "LPLA", "reportedCurrency": "USD", "cik": "0001397911", "fillingDate": "2021-08-03", "acceptedDate": "2021-08-03 16:43:42", "calendarYear": "2021", "period": "Q2", "revenue": 576426000, "costOfRevenue": 267730000, "grossProfit": 308696000, "grossProfitRatio": 0.5355344832, "researchAndDevelopmentExpenses": 0, "generalAndAdministrativeExpenses": 183853000, "sellingAndMarketingExpenses": 64349000, "sellingGeneralAndAdministrativeExpenses": 248202000, "otherExpenses": 1711438000, "operatingExpenses": 1711438000, "costAndExpenses": 1979168000, "interestIncome": 6914000, "interestExpense": 25171000, "depreciationAndAmortization": 56629000, "ebitda": 243449000, "ebitdaratio": 0.4223421567, "operatingIncome": -80910000, "operatingIncomeRatio": -0.1403649384, "totalOtherIncomeExpensesNet": -25171000, "incomeBeforeTax": 161649000, "incomeBeforeTaxRatio": 0.2804332213, "incomeTaxExpense": 42548000, "netIncome": 119101000, "netIncomeRatio": 0.2066197569, "eps": 1.49, "epsdiluted": 1.46, "weightedAverageShsOut": 80063000, "weightedAverageShsOutDil": 81728000, "link": "https://www.sec.gov/Archives/edgar/data/1397911/000139791121000149/0001397911-21-000149-index.htm", "finalLink": "https://www.sec.gov/Archives/edgar/data/1397911/000139791121000149/lpla-20210630.htm"}, {"date": "2021-03-31", "symbol": "LPLA", "reportedCurrency": "USD", "cik": "0001397911", "fillingDate": "2021-05-04", "acceptedDate": "2021-05-04 16:07:30", "calendarYear": "2021", "period": "Q1", "revenue": 554295000, "costOfRevenue": 238180000, "grossProfit": 316115000, "grossProfitRatio": 0.570301013, "researchAndDevelopmentExpenses": 0, "generalAndAdministrativeExpenses": 161540000, "sellingAndMarketingExpenses": 54181000, "sellingGeneralAndAdministrativeExpenses": 215721000, "otherExpenses": 1493016000, "operatingExpenses": 1493016000, "costAndExpenses": 1731196000, "interestIncome": 6518000, "interestExpense": 25059000, "depreciationAndAmortization": 52930000, "ebitda": 267531000, "ebitdaratio": 0.482650935, "operatingIncome": -23579000, "operatingIncomeRatio": -0.0425387204, "totalOtherIncomeExpensesNet": -49459000, "incomeBeforeTax": 165142000, "incomeBeforeTaxRatio": 0.2979316068, "incomeTaxExpense": 35522000, "netIncome": 129620000, "netIncomeRatio": 0.2338465979, "eps": 1.63, "epsdiluted": 1.59, "weightedAverageShsOut": 79697000, "weightedAverageShsOutDil": 81622000, "link": "https://www.sec.gov/Archives/edgar/data/1397911/000139791121000094/0001397911-21-000094-index.htm", "finalLink": "https://www.sec.gov/Archives/edgar/data/1397911/000139791121000094/lpla-20210331.htm"}, {"date": "2020-12-31", "symbol": "LPLA", "reportedCurrency": "USD", "cik": "0001397911", "fillingDate": "2021-02-23", "acceptedDate": "2021-02-23 16:06:22", "calendarYear": "2020", "period": "Q4", "revenue": 508803000, "costOfRevenue": 1215365000, "grossProfit": -706562000, "grossProfitRatio": -1.3886749882, "researchAndDevelopmentExpenses": 0, "generalAndAdministrativeExpenses": 167864000, "sellingAndMarketingExpenses": 48342000, "sellingGeneralAndAdministrativeExpenses": 216206000, "otherExpenses": 5778846000, "operatingExpenses": 5139802000, "costAndExpenses": 6039873000, "interestIncome": 6707000, "interestExpense": 24979000, "depreciationAndAmortization": 45920000, "ebitda": 216732000, "ebitdaratio": 0.4259644695, "operatingIncome": -168233000, "operatingIncomeRatio": -0.3306446699, "totalOtherIncomeExpensesNet": -24979000, "incomeBeforeTax": 145833000, "incomeBeforeTaxRatio": 0.2866197723, "incomeTaxExpense": 34285000, "netIncome": 111548000, "netIncomeRatio": 0.2192361287, "eps": 1.41, "epsdiluted": 1.38, "weightedAverageShsOut": 79353000, "weightedAverageShsOutDil": 80904000, "link": "https://www.sec.gov/Archives/edgar/data/1397911/000139791121000029/0001397911-21-000029-index.htm", "finalLink": "https://www.sec.gov/Archives/edgar/data/1397911/000139791121000029/lpla-20201231.htm"}, {"date": "2020-09-30", "symbol": "LPLA", "reportedCurrency": "USD", "cik": "0001397911", "fillingDate": "2020-11-03", "acceptedDate": "2020-11-03 16:02:49", "calendarYear": "2020", "period": "Q3", "revenue": 480522000, "costOfRevenue": 222275000, "grossProfit": 258247000, "grossProfitRatio": 0.5374301281, "researchAndDevelopmentExpenses": 0, "generalAndAdministrativeExpenses": 151271000, "sellingAndMarketingExpenses": 57970000, "sellingGeneralAndAdministrativeExpenses": 209241000, "otherExpenses": 1299792000, "operatingExpenses": 1299792000, "costAndExpenses": 1522067000, "interestIncome": 6623000, "interestExpense": 25179000, "depreciationAndAmortization": 44377000, "ebitda": 204886000, "ebitdaratio": 0.4263821428, "operatingIncome": -61766000, "operatingIncomeRatio": -0.1285393801, "totalOtherIncomeExpensesNet": -25179000, "incomeBeforeTax": 135330000, "incomeBeforeTaxRatio": 0.281631226, "incomeTaxExpense": 31541000, "netIncome": 103789000, "netIncomeRatio": 0.2159921918, "eps": 1.31, "epsdiluted": 1.29, "weightedAverageShsOut": 79176000, "weightedAverageShsOutDil": 80550000, "link": "https://www.sec.gov/Archives/edgar/data/1397911/000139791120000195/0001397911-20-000195-index.htm", "finalLink": "https://www.sec.gov/Archives/edgar/data/1397911/000139791120000195/lpla2020093010-q.htm"}, {"date": "2020-06-30", "symbol": "LPLA", "reportedCurrency": "USD", "cik": "0001397911", "fillingDate": "2020-08-04", "acceptedDate": "2020-08-04 16:04:39", "calendarYear": "2020", "period": "Q2", "revenue": 461958000, "costOfRevenue": 216695000, "grossProfit": 245263000, "grossProfitRatio": 0.5309205599, "researchAndDevelopmentExpenses": 0, "generalAndAdministrativeExpenses": 143320000, "sellingAndMarketingExpenses": 44540000, "sellingGeneralAndAdministrativeExpenses": 187860000, "otherExpenses": 1203092000, "operatingExpenses": 1203092000, "costAndExpenses": 1419787000, "interestIncome": 6540000, "interestExpense": 26289000, "depreciationAndAmortization": 43579000, "ebitda": 207146000, "ebitdaratio": 0.4484087298, "operatingIncome": -53128000, "operatingIncomeRatio": -0.1150061261, "totalOtherIncomeExpensesNet": -26289000, "incomeBeforeTax": 137278000, "incomeBeforeTaxRatio": 0.2971655432, "incomeTaxExpense": 35616000, "netIncome": 101662000, "netIncomeRatio": 0.2200676252, "eps": 1.29, "epsdiluted": 1.27, "weightedAverageShsOut": 78940000, "weightedAverageShsOutDil": 80127000, "link": "https://www.sec.gov/Archives/edgar/data/1397911/000139791120000160/0001397911-20-000160-index.htm", "finalLink": "https://www.sec.gov/Archives/edgar/data/1397911/000139791120000160/lpla2020063010-q.htm"}, {"date": "2020-03-31", "symbol": "LPLA", "reportedCurrency": "USD", "cik": "0001397911", "fillingDate": "2020-05-05", "acceptedDate": "2020-05-05 16:08:18", "calendarYear": "2020", "period": "Q1", "revenue": 546260000, "costOfRevenue": 217523000, "grossProfit": 328737000, "grossProfitRatio": 0.6017958481, "researchAndDevelopmentExpenses": 0, "generalAndAdministrativeExpenses": 146802000, "sellingAndMarketingExpenses": 57398000, "sellingGeneralAndAdministrativeExpenses": 204200000, "otherExpenses": 1226447000, "operatingExpenses": 1226447000, "costAndExpenses": 1443970000, "interestIncome": 9542000, "interestExpense": 29318000, "depreciationAndAmortization": 43214000, "ebitda": 280164000, "ebitdaratio": 0.5128766521, "operatingIncome": 19427000, "operatingIncomeRatio": 0.035563651, "totalOtherIncomeExpensesNet": -29318000, "incomeBeforeTax": 207632000, "incomeBeforeTaxRatio": 0.3800973895, "incomeTaxExpense": 51991000, "netIncome": 155641000, "netIncomeRatio": 0.2849210998, "eps": 1.96, "epsdiluted": 1.92, "weightedAverageShsOut": 79507000, "weightedAverageShsOutDil": 81166000, "link": "https://www.sec.gov/Archives/edgar/data/1397911/000139791120000100/0001397911-20-000100-index.htm", "finalLink": "https://www.sec.gov/Archives/edgar/data/1397911/000139791120000100/lpla2020033110-q.htm"}, {"date": "2019-12-31", "symbol": "LPLA", "reportedCurrency": "USD", "cik": "0001397911", "fillingDate": "2020-02-21", "acceptedDate": "2020-02-21 16:04:00", "calendarYear": "2019", "period": "Q4", "revenue": 506753000, "costOfRevenue": 1058886000, "grossProfit": -552133000, "grossProfitRatio": -1.0895505305, "researchAndDevelopmentExpenses": 0, "generalAndAdministrativeExpenses": 149128000, "sellingAndMarketingExpenses": 51050000, "sellingGeneralAndAdministrativeExpenses": 200178000, "otherExpenses": 5348745000, "operatingExpenses": 4749864000, "costAndExpenses": 5581376000, "interestIncome": 10966000, "interestExpense": 31384000, "depreciationAndAmortization": 42294000, "ebitda": 241833000, "ebitdaratio": 0.4772206578, "operatingIncome": 43480000, "operatingIncomeRatio": 0.0858011694, "totalOtherIncomeExpensesNet": -34540000, "incomeBeforeTax": 164999000, "incomeBeforeTaxRatio": 0.3256004405, "incomeTaxExpense": 38323000, "netIncome": 126676000, "netIncomeRatio": 0.2499758265, "eps": 1.57, "epsdiluted": 1.53, "weightedAverageShsOut": 80701000, "weightedAverageShsOutDil": 82695000, "link": "https://www.sec.gov/Archives/edgar/data/1397911/000139791120000023/0001397911-20-000023-index.htm", "finalLink": "https://www.sec.gov/Archives/edgar/data/1397911/000139791120000023/lpla2019123110-kx2019.htm"}, {"date": "2019-09-30", "symbol": "LPLA", "reportedCurrency": "USD", "cik": "0001397911", "fillingDate": "2019-10-29", "acceptedDate": "2019-10-29 17:12:07", "calendarYear": "2019", "period": "Q3", "revenue": 510566000, "costOfRevenue": 206669000, "grossProfit": 303897000, "grossProfitRatio": 0.5952158977, "researchAndDevelopmentExpenses": 0, "generalAndAdministrativeExpenses": 138300000, "sellingAndMarketingExpenses": 61715000, "sellingGeneralAndAdministrativeExpenses": 200015000, "otherExpenses": 1205595000, "operatingExpenses": 1205595000, "costAndExpenses": 1412264000, "interestIncome": 11531000, "interestExpense": 31944000, "depreciationAndAmortization": 40348000, "ebitda": 250278000, "ebitdaratio": 0.4901971537, "operatingIncome": 3261000, "operatingIncomeRatio": 0.0063870293, "totalOtherIncomeExpensesNet": -31944000, "incomeBeforeTax": 177986000, "incomeBeforeTaxRatio": 0.3486052734, "incomeTaxExpense": 46272000, "netIncome": 131714000, "netIncomeRatio": 0.2579764418, "eps": 1.61, "epsdiluted": 1.57, "weightedAverageShsOut": 81833000, "weightedAverageShsOutDil": 83844000, "link": "https://www.sec.gov/Archives/edgar/data/1397911/000139791119000153/0001397911-19-000153-index.htm", "finalLink": "https://www.sec.gov/Archives/edgar/data/1397911/000139791119000153/lpla2019093010-q.htm"}, {"date": "2019-06-30", "symbol": "LPLA", "reportedCurrency": "USD", "cik": "0001397911", "fillingDate": "2019-07-30", "acceptedDate": "2019-07-30 16:09:25", "calendarYear": "2019", "period": "Q2", "revenue": 501784000, "costOfRevenue": 200194000, "grossProfit": 301590000, "grossProfitRatio": 0.6010355053, "researchAndDevelopmentExpenses": 0, "generalAndAdministrativeExpenses": 131788000, "sellingAndMarketingExpenses": 41423000, "sellingGeneralAndAdministrativeExpenses": 173211000, "otherExpenses": 1160724000, "operatingExpenses": 1160724000, "costAndExpenses": 1360918000, "interestIncome": 11690000, "interestExpense": 33957000, "depreciationAndAmortization": 38833000, "ebitda": 267866000, "ebitdaratio": 0.5338273042, "operatingIncome": -1358899000, "operatingIncomeRatio": -2.708135373, "totalOtherIncomeExpensesNet": -33957000, "incomeBeforeTax": 195076000, "incomeBeforeTaxRatio": 0.3887648869, "incomeTaxExpense": 48984000, "netIncome": 146092000, "netIncomeRatio": 0.2911451939, "eps": 1.75, "epsdiluted": 1.71, "weightedAverageShsOut": 83247000, "weightedAverageShsOutDil": 85350000, "link": "https://www.sec.gov/Archives/edgar/data/1397911/000139791119000119/0001397911-19-000119-index.htm", "finalLink": "https://www.sec.gov/Archives/edgar/data/1397911/000139791119000119/lpla2019063010-q.htm"}, {"date": "2019-03-31", "symbol": "LPLA", "reportedCurrency": "USD", "cik": "0001397911", "fillingDate": "2019-05-02", "acceptedDate": "2019-05-02 17:09:30", "calendarYear": "2019", "period": "Q1", "revenue": 523121000, "costOfRevenue": 205798000, "grossProfit": 317323000, "grossProfitRatio": 0.6065957971, "researchAndDevelopmentExpenses": 0, "generalAndAdministrativeExpenses": 136912000, "sellingAndMarketingExpenses": 51349000, "sellingGeneralAndAdministrativeExpenses": 188261000, "otherExpenses": 1135189000, "operatingExpenses": 1135189000, "costAndExpenses": 1340987000, "interestIncome": 12321000, "interestExpense": 32716000, "depreciationAndAmortization": 39638000, "ebitda": 276128000, "ebitdaratio": 0.5278472858, "operatingIncome": -1338968000, "operatingIncomeRatio": -2.5595760828, "totalOtherIncomeExpensesNet": -32716000, "incomeBeforeTax": 203774000, "incomeBeforeTaxRatio": 0.3895351171, "incomeTaxExpense": 48376000, "netIncome": 155398000, "netIncomeRatio": 0.2970593801, "eps": 1.84, "epsdiluted": 1.79, "weightedAverageShsOut": 84487000, "weightedAverageShsOutDil": 86742000, "link": "https://www.sec.gov/Archives/edgar/data/1397911/000139791119000065/0001397911-19-000065-index.htm", "finalLink": "https://www.sec.gov/Archives/edgar/data/1397911/000139791119000065/lpla2019033110-q.htm"}, {"date": "2018-12-31", "symbol": "LPLA", "reportedCurrency": "USD", "cik": "0001397911", "fillingDate": "2019-02-26", "acceptedDate": "2019-02-26 17:18:25", "calendarYear": "2018", "period": "Q4", "revenue": 475976000, "costOfRevenue": 942076000, "grossProfit": -466100000, "grossProfitRatio": -0.9792510547, "researchAndDevelopmentExpenses": 0, "generalAndAdministrativeExpenses": 132766000, "sellingAndMarketingExpenses": 45141000, "sellingGeneralAndAdministrativeExpenses": 177907000, "otherExpenses": 5042632000, "operatingExpenses": 4470740000, "costAndExpenses": 5238891000, "interestIncome": 11784000, "interestExpense": 31756000, "depreciationAndAmortization": 37569000, "ebitda": 231768000, "ebitdaratio": 0.4869321142, "operatingIncome": -50491000, "operatingIncomeRatio": -0.1060788779, "totalOtherIncomeExpensesNet": -31756000, "incomeBeforeTax": 162443000, "incomeBeforeTaxRatio": 0.3412840143, "incomeTaxExpense": 42145000, "netIncome": 120298000, "netIncomeRatio": 0.2527396339, "eps": 1.4, "epsdiluted": 1.36, "weightedAverageShsOut": 85976000, "weightedAverageShsOutDil": 88163000, "link": "https://www.sec.gov/Archives/edgar/data/1397911/000139791119000018/0001397911-19-000018-index.htm", "finalLink": "https://www.sec.gov/Archives/edgar/data/1397911/000139791119000018/lpla2018123110-k.htm"}, {"date": "2018-09-30", "symbol": "LPLA", "reportedCurrency": "USD", "cik": "0001397911", "fillingDate": "2018-10-30", "acceptedDate": "2018-10-30 17:05:47", "calendarYear": "2018", "period": "Q3", "revenue": 461498000, "costOfRevenue": 197120000, "grossProfit": 264378000, "grossProfitRatio": 0.5728692215, "researchAndDevelopmentExpenses": 0, "generalAndAdministrativeExpenses": 128007000, "sellingAndMarketingExpenses": 52628000, "sellingGeneralAndAdministrativeExpenses": 180635000, "otherExpenses": 1151933000, "operatingExpenses": 1151933000, "costAndExpenses": 1349053000, "interestIncome": 10512000, "interestExpense": 31705000, "depreciationAndAmortization": 38514000, "ebitda": 217578000, "ebitdaratio": 0.4714603314, "operatingIncome": -1347035000, "operatingIncomeRatio": -2.9188317176, "totalOtherIncomeExpensesNet": -31705000, "incomeBeforeTax": 147359000, "incomeBeforeTaxRatio": 0.3193058258, "incomeTaxExpense": 40494000, "netIncome": 106865000, "netIncomeRatio": 0.2315611335, "eps": 1.22, "epsdiluted": 1.19, "weightedAverageShsOut": 87426000, "weightedAverageShsOutDil": 89878000, "link": "https://www.sec.gov/Archives/edgar/data/1397911/000139791118000194/0001397911-18-000194-index.htm", "finalLink": "https://www.sec.gov/Archives/edgar/data/1397911/000139791118000194/lpla2018093010-q.htm"}, {"date": "2018-06-30", "symbol": "LPLA", "reportedCurrency": "USD", "cik": "0001397911", "fillingDate": "2018-07-31", "acceptedDate": "2018-07-31 16:11:04", "calendarYear": "2018", "period": "Q2", "revenue": 450812000, "costOfRevenue": 180868000, "grossProfit": 269944000, "grossProfitRatio": 0.5987950631, "researchAndDevelopmentExpenses": 0, "generalAndAdministrativeExpenses": 122360000, "sellingAndMarketingExpenses": 43407000, "sellingGeneralAndAdministrativeExpenses": 165767000, "otherExpenses": 1103955000, "operatingExpenses": 1103955000, "costAndExpenses": 1284823000, "interestIncome": 10133000, "interestExpense": 31940000, "depreciationAndAmortization": 37902000, "ebitda": 232751000, "ebitdaratio": 0.5162928227, "operatingIncome": -1282805000, "operatingIncomeRatio": -2.8455431532, "totalOtherIncomeExpensesNet": -31940000, "incomeBeforeTax": 162909000, "incomeBeforeTaxRatio": 0.3613679316, "incomeTaxExpense": 44143000, "netIncome": 118766000, "netIncomeRatio": 0.2634490652, "eps": 1.33, "epsdiluted": 1.3, "weightedAverageShsOut": 89128000, "weightedAverageShsOutDil": 91684000, "link": "https://www.sec.gov/Archives/edgar/data/1397911/000139791118000157/0001397911-18-000157-index.htm", "finalLink": "https://www.sec.gov/Archives/edgar/data/1397911/000139791118000157/lpla2018063010-q.htm"}, {"date": "2018-03-31", "symbol": "LPLA", "reportedCurrency": "USD", "cik": "0001397911", "fillingDate": "2018-05-04", "acceptedDate": "2018-05-04 17:27:05", "calendarYear": "2018", "period": "Q1", "revenue": 434361000, "costOfRevenue": 186547000, "grossProfit": 247814000, "grossProfitRatio": 0.5705254385, "researchAndDevelopmentExpenses": 0, "generalAndAdministrativeExpenses": 123517000, "sellingAndMarketingExpenses": 67427000, "sellingGeneralAndAdministrativeExpenses": 190944000, "otherExpenses": 1092009000, "operatingExpenses": 1092009000, "costAndExpenses": 1278556000, "interestIncome": 7781000, "interestExpense": 29622000, "depreciationAndAmortization": 33923000, "ebitda": 183471000, "ebitdaratio": 0.4223928944, "operatingIncome": -1276538000, "operatingIncomeRatio": -2.938887239, "totalOtherIncomeExpensesNet": -29622000, "incomeBeforeTax": 119926000, "incomeBeforeTaxRatio": 0.2760975318, "incomeTaxExpense": 26396000, "netIncome": 93530000, "netIncomeRatio": 0.2153278034, "eps": 1.04, "epsdiluted": 1.01, "weightedAverageShsOut": 89997000, "weightedAverageShsOutDil": 92784000, "link": "https://www.sec.gov/Archives/edgar/data/1397911/000139791118000104/0001397911-18-000104-index.htm", "finalLink": "https://www.sec.gov/Archives/edgar/data/1397911/000139791118000104/lpla2018033110-q.htm"}, {"date": "2017-12-31", "symbol": "LPLA", "reportedCurrency": "USD", "cik": "0001397911", "fillingDate": "2018-02-21", "acceptedDate": "2018-02-20 20:02:40", "calendarYear": "2017", "period": "Q4", "revenue": 374343000, "costOfRevenue": 832953000, "grossProfit": -458610000, "grossProfitRatio": -1.2251063864, "researchAndDevelopmentExpenses": 0, "generalAndAdministrativeExpenses": 119748000, "sellingAndMarketingExpenses": 60066000, "sellingGeneralAndAdministrativeExpenses": 179814000, "otherExpenses": 4268769000, "operatingExpenses": 3787479000, "costAndExpenses": 4451429000, "interestIncome": 6542000, "interestExpense": 28894000, "depreciationAndAmortization": 30135000, "ebitda": 138919000, "ebitdaratio": 0.3711008353, "operatingIncome": -169948000, "operatingIncomeRatio": -0.4539900572, "totalOtherIncomeExpensesNet": -28894000, "incomeBeforeTax": 79890000, "incomeBeforeTaxRatio": 0.2134139012, "incomeTaxExpense": 15792000, "netIncome": 64098000, "netIncomeRatio": 0.1712279914, "eps": 0.71, "epsdiluted": 0.69, "weightedAverageShsOut": 89921000, "weightedAverageShsOutDil": 92386000, "link": "https://www.sec.gov/Archives/edgar/data/1397911/000139791118000011/0001397911-18-000011-index.htm", "finalLink": "https://www.sec.gov/Archives/edgar/data/1397911/000139791118000011/lpla2017123110-k.htm"}, {"date": "2017-09-30", "symbol": "LPLA", "reportedCurrency": "USD", "cik": "0001397911", "fillingDate": "2017-10-31", "acceptedDate": "2017-10-31 16:32:20", "calendarYear": "2017", "period": "Q3", "revenue": 360333000, "costOfRevenue": 162252000, "grossProfit": 198081000, "grossProfitRatio": 0.5497165122, "researchAndDevelopmentExpenses": 0, "generalAndAdministrativeExpenses": 113659000, "sellingAndMarketingExpenses": 42935000, "sellingGeneralAndAdministrativeExpenses": 156594000, "otherExpenses": 939681000, "operatingExpenses": 939681000, "costAndExpenses": 1101933000, "interestIncome": 6162000, "interestExpense": 26519000, "depreciationAndAmortization": 31348000, "ebitda": 155775000, "ebitdaratio": 0.432308448, "operatingIncome": -1099916000, "operatingIncomeRatio": -3.052498661, "totalOtherIncomeExpensesNet": -27787000, "incomeBeforeTax": 96640000, "incomeBeforeTaxRatio": 0.2681963628, "incomeTaxExpense": 38498000, "netIncome": 58142000, "netIncomeRatio": 0.161356301, "eps": 0.65, "epsdiluted": 0.63, "weightedAverageShsOut": 89967000, "weightedAverageShsOutDil": 92042000, "link": "https://www.sec.gov/Archives/edgar/data/1397911/000139791117000184/0001397911-17-000184-index.htm", "finalLink": "https://www.sec.gov/Archives/edgar/data/1397911/000139791117000184/lpla2017093010-q.htm"}, {"date": "2017-06-30", "symbol": "LPLA", "reportedCurrency": "USD", "cik": "0001397911", "fillingDate": "2017-08-01", "acceptedDate": "2017-08-01 16:15:45", "calendarYear": "2017", "period": "Q2", "revenue": 362307000, "costOfRevenue": 161496000, "grossProfit": 200811000, "grossProfitRatio": 0.5542564731, "researchAndDevelopmentExpenses": 0, "generalAndAdministrativeExpenses": 110299000, "sellingAndMarketingExpenses": 32006000, "sellingGeneralAndAdministrativeExpenses": 142305000, "otherExpenses": 926474000, "operatingExpenses": 926474000, "costAndExpenses": 1087970000, "interestIncome": 5976000, "interestExpense": 26261000, "depreciationAndAmortization": 30643000, "ebitda": 169673000, "ebitdaratio": 0.4683127845, "operatingIncome": -1085953000, "operatingIncomeRatio": -2.9973282327, "totalOtherIncomeExpensesNet": -26261000, "incomeBeforeTax": 112769000, "incomeBeforeTaxRatio": 0.3112526117, "incomeTaxExpense": 44335000, "netIncome": 68434000, "netIncomeRatio": 0.1888840127, "eps": 0.76, "epsdiluted": 0.74, "weightedAverageShsOut": 90251000, "weightedAverageShsOutDil": 92013000, "link": "https://www.sec.gov/Archives/edgar/data/1397911/000139791117000158/0001397911-17-000158-index.htm", "finalLink": "https://www.sec.gov/Archives/edgar/data/1397911/000139791117000158/lpla2017063010-q.htm"}, {"date": "2017-03-31", "symbol": "LPLA", "reportedCurrency": "USD", "cik": "0001397911", "fillingDate": "2017-05-02", "acceptedDate": "2017-05-02 16:11:45", "calendarYear": "2017", "period": "Q1", "revenue": 350827000, "costOfRevenue": 163439000, "grossProfit": 187388000, "grossProfitRatio": 0.5341322076, "researchAndDevelopmentExpenses": 0, "generalAndAdministrativeExpenses": 113212000, "sellingAndMarketingExpenses": 36654000, "sellingGeneralAndAdministrativeExpenses": 149866000, "otherExpenses": 913666000, "operatingExpenses": 913666000, "costAndExpenses": 1077105000, "interestIncome": 5793000, "interestExpense": 25351000, "depreciationAndAmortization": 30238000, "ebitda": 151999000, "ebitdaratio": 0.4332591277, "operatingIncome": -1075088000, "operatingIncomeRatio": -3.064439168, "totalOtherIncomeExpensesNet": -46490000, "incomeBeforeTax": 75271000, "incomeBeforeTaxRatio": 0.2145530418, "incomeTaxExpense": 27082000, "netIncome": 48189000, "netIncomeRatio": 0.1373582991, "eps": 0.54, "epsdiluted": 0.52, "weightedAverageShsOut": 89868000, "weightedAverageShsOutDil": 92004000, "link": "https://www.sec.gov/Archives/edgar/data/1397911/000139791117000112/0001397911-17-000112-index.htm", "finalLink": "https://www.sec.gov/Archives/edgar/data/1397911/000139791117000112/lpla2017033110-q.htm"}, {"date": "2016-12-31", "symbol": "LPLA", "reportedCurrency": "USD", "cik": "0001397911", "fillingDate": "2017-02-24", "acceptedDate": "2017-02-24 16:39:13", "calendarYear": "2016", "period": "Q4", "revenue": 321848000, "costOfRevenue": 769455000, "grossProfit": -447607000, "grossProfitRatio": -1.3907403495, "researchAndDevelopmentExpenses": 0, "generalAndAdministrativeExpenses": 108741000, "sellingAndMarketingExpenses": 35602000, "sellingGeneralAndAdministrativeExpenses": 144343000, "otherExpenses": 4128016000, "operatingExpenses": 3655389000, "costAndExpenses": 4290065000, "interestIncome": 5342000, "interestExpense": 24895000, "depreciationAndAmortization": 29282000, "ebitda": 119120000, "ebitdaratio": 0.3701125997, "operatingIncome": -240682000, "operatingIncomeRatio": -0.747812632, "totalOtherIncomeExpensesNet": -24895000, "incomeBeforeTax": 64943000, "incomeBeforeTaxRatio": 0.2017815863, "incomeTaxExpense": 23207000, "netIncome": 41736000, "netIncomeRatio": 0.1296761204, "eps": 0.47, "epsdiluted": 0.46, "weightedAverageShsOut": 89212000, "weightedAverageShsOutDil": 91014000, "link": "https://www.sec.gov/Archives/edgar/data/1397911/000139791117000025/0001397911-17-000025-index.htm", "finalLink": "https://www.sec.gov/Archives/edgar/data/1397911/000139791117000025/lpla2016123110-k.htm"}, {"date": "2016-09-30", "symbol": "LPLA", "reportedCurrency": "USD", "cik": "0001397911", "fillingDate": "2016-11-03", "acceptedDate": "2016-11-03 16:34:02", "calendarYear": "2016", "period": "Q3", "revenue": 323021000, "costOfRevenue": 158065000, "grossProfit": 164956000, "grossProfitRatio": 0.5106664892, "researchAndDevelopmentExpenses": 0, "generalAndAdministrativeExpenses": 107988000, "sellingAndMarketingExpenses": 42609000, "sellingGeneralAndAdministrativeExpenses": 150597000, "otherExpenses": 925327000, "operatingExpenses": 925327000, "costAndExpenses": 1083392000, "interestIncome": 5372000, "interestExpense": 23889000, "depreciationAndAmortization": 27936000, "ebitda": 120049000, "ebitdaratio": 0.371644568, "operatingIncome": -65952000, "operatingIncomeRatio": -0.2041724841, "totalOtherIncomeExpensesNet": -23889000, "incomeBeforeTax": 68224000, "incomeBeforeTaxRatio": 0.2112060826, "incomeTaxExpense": 16270000, "netIncome": 51954000, "netIncomeRatio": 0.1608378403, "eps": 0.58, "epsdiluted": 0.58, "weightedAverageShsOut": 89092000, "weightedAverageShsOutDil": 89951000, "link": "https://www.sec.gov/Archives/edgar/data/1397911/000139791116000357/0001397911-16-000357-index.htm", "finalLink": "https://www.sec.gov/Archives/edgar/data/1397911/000139791116000357/lpla2016093010-q.htm"}, {"date": "2016-06-30", "symbol": "LPLA", "reportedCurrency": "USD", "cik": "0001397911", "fillingDate": "2016-07-29", "acceptedDate": "2016-07-29 16:42:25", "calendarYear": "2016", "period": "Q2", "revenue": 321088000, "costOfRevenue": 152246000, "grossProfit": 168842000, "grossProfitRatio": 0.5258433825, "researchAndDevelopmentExpenses": 0, "generalAndAdministrativeExpenses": 105773000, "sellingAndMarketingExpenses": 34717000, "sellingGeneralAndAdministrativeExpenses": 140490000, "otherExpenses": 915628000, "operatingExpenses": 915628000, "costAndExpenses": 1067874000, "interestIncome": 5238000, "interestExpense": 23804000, "depreciationAndAmortization": 28258000, "ebitda": 131811000, "ebitdaratio": 0.4105136287, "operatingIncome": -48693000, "operatingIncomeRatio": -0.1516500149, "totalOtherIncomeExpensesNet": -23804000, "incomeBeforeTax": 79749000, "incomeBeforeTaxRatio": 0.248371163, "incomeTaxExpense": 31900000, "netIncome": 47849000, "netIncomeRatio": 0.1490214521, "eps": 0.54, "epsdiluted": 0.53, "weightedAverageShsOut": 89019000, "weightedAverageShsOutDil": 89699000, "link": "https://www.sec.gov/Archives/edgar/data/1397911/000139791116000339/0001397911-16-000339-index.htm", "finalLink": "https://www.sec.gov/Archives/edgar/data/1397911/000139791116000339/lpla2016063010-q.htm"}, {"date": "2016-03-31", "symbol": "LPLA", "reportedCurrency": "USD", "cik": "0001397911", "fillingDate": "2016-05-04", "acceptedDate": "2016-05-04 17:20:29", "calendarYear": "2016", "period": "Q1", "revenue": 981415000, "costOfRevenue": 162572000, "grossProfit": 818843000, "grossProfitRatio": 0.8343493833, "researchAndDevelopmentExpenses": 0, "generalAndAdministrativeExpenses": 218728000, "sellingAndMarketingExpenses": 0, "sellingGeneralAndAdministrativeExpenses": 218728000, "otherExpenses": 896815000, "operatingExpenses": 896815000, "costAndExpenses": 1059387000, "interestIncome": 5330000, "interestExpense": 23890000, "depreciationAndAmortization": 28487000, "ebitda": 136977000, "ebitdaratio": 0.1395709257, "operatingIncome": -54082000, "operatingIncomeRatio": -0.0551061478, "totalOtherIncomeExpensesNet": -23890000, "incomeBeforeTax": 84600000, "incomeBeforeTaxRatio": 0.0862020654, "incomeTaxExpense": 34208000, "netIncome": 50392000, "netIncomeRatio": 0.0513462704, "eps": 0.57, "epsdiluted": 0.56, "weightedAverageShsOut": 88964000, "weightedAverageShsOutDil": 89621000, "link": "https://www.sec.gov/Archives/edgar/data/1397911/000139791116000315/0001397911-16-000315-index.htm", "finalLink": "https://www.sec.gov/Archives/edgar/data/1397911/000139791116000315/lpla2016033110-q.htm"}, {"date": "2015-12-31", "symbol": "LPLA", "reportedCurrency": "USD", "cik": "0001397911", "fillingDate": "2016-02-25", "acceptedDate": "2016-02-25 17:22:40", "calendarYear": "2015", "period": "Q4", "revenue": 1001881000, "costOfRevenue": 802901000, "grossProfit": 198980000, "grossProfitRatio": 0.1986064213, "researchAndDevelopmentExpenses": 0, "generalAndAdministrativeExpenses": 226277000, "sellingAndMarketingExpenses": 0, "sellingGeneralAndAdministrativeExpenses": 226277000, "otherExpenses": 4406864000, "operatingExpenses": 3933363000, "costAndExpenses": 4560285000, "interestIncome": 4216000, "interestExpense": 18465000, "depreciationAndAmortization": 32058000, "ebitda": 96106000, "ebitdaratio": 0.095925564, "operatingIncome": -285231000, "operatingIncomeRatio": -0.2846954878, "totalOtherIncomeExpensesNet": -18945000, "incomeBeforeTax": 45103000, "incomeBeforeTaxRatio": 0.0450183205, "incomeTaxExpense": 18291000, "netIncome": 26812000, "netIncomeRatio": 0.0267616613, "eps": 0.29, "epsdiluted": 0.28, "weightedAverageShsOut": 93878000, "weightedAverageShsOutDil": 95340000, "link": "https://www.sec.gov/Archives/edgar/data/1397911/000139791116000219/0001397911-16-000219-index.htm", "finalLink": "https://www.sec.gov/Archives/edgar/data/1397911/000139791116000219/lpla2015123110-k.htm"}, {"date": "2015-09-30", "symbol": "LPLA", "reportedCurrency": "USD", "cik": "0001397911", "fillingDate": "2015-10-29", "acceptedDate": "2015-10-29 17:21:57", "calendarYear": "2015", "period": "Q3", "revenue": 326264000, "costOfRevenue": 145595000, "grossProfit": 180669000, "grossProfitRatio": 0.5537509502, "researchAndDevelopmentExpenses": 0, "generalAndAdministrativeExpenses": 110494000, "sellingAndMarketingExpenses": 42040000, "sellingGeneralAndAdministrativeExpenses": 152534000, "otherExpenses": 972565000, "operatingExpenses": 972565000, "costAndExpenses": 1118160000, "interestIncome": 5221000, "interestExpense": 13493000, "depreciationAndAmortization": 26766000, "ebitda": 112017000, "ebitdaratio": 0.3433323934, "operatingIncome": -63415000, "operatingIncomeRatio": -0.1943671383, "totalOtherIncomeExpensesNet": -16564000, "incomeBeforeTax": 68687000, "incomeBeforeTaxRatio": 0.2105258318, "incomeTaxExpense": 27635000, "netIncome": 41052000, "netIncomeRatio": 0.1258244857, "eps": 0.43, "epsdiluted": 0.43, "weightedAverageShsOut": 94972000, "weightedAverageShsOutDil": 96472000, "link": "https://www.sec.gov/Archives/edgar/data/1397911/000139791115000177/0001397911-15-000177-index.htm", "finalLink": "https://www.sec.gov/Archives/edgar/data/1397911/000139791115000177/lpla2015093010-q.htm"}, {"date": "2015-06-30", "symbol": "LPLA", "reportedCurrency": "USD", "cik": "0001397911", "fillingDate": "2015-08-05", "acceptedDate": "2015-08-05 16:49:36", "calendarYear": "2015", "period": "Q2", "revenue": 327108000, "costOfRevenue": 148181000, "grossProfit": 178927000, "grossProfitRatio": 0.5469967106, "researchAndDevelopmentExpenses": 0, "generalAndAdministrativeExpenses": 112337000, "sellingAndMarketingExpenses": 26684000, "sellingGeneralAndAdministrativeExpenses": 139021000, "otherExpenses": 993408000, "operatingExpenses": 993408000, "costAndExpenses": 1141589000, "interestIncome": 5177000, "interestExpense": 13163000, "depreciationAndAmortization": 26732000, "ebitda": 128477000, "ebitdaratio": 0.3927663035, "operatingIncome": -50928000, "operatingIncomeRatio": -0.1556916982, "totalOtherIncomeExpensesNet": -17655000, "incomeBeforeTax": 84090000, "incomeBeforeTaxRatio": 0.2570710591, "incomeTaxExpense": 33848000, "netIncome": 50242000, "netIncomeRatio": 0.1535945315, "eps": 0.52, "epsdiluted": 0.52, "weightedAverageShsOut": 95724000, "weightedAverageShsOutDil": 97239000, "link": "https://www.sec.gov/Archives/edgar/data/1397911/000139791115000155/0001397911-15-000155-index.htm", "finalLink": "https://www.sec.gov/Archives/edgar/data/1397911/000139791115000155/lpla2015063010-q.htm"}, {"date": "2015-03-31", "symbol": "LPLA", "reportedCurrency": "USD", "cik": "0001397911", "fillingDate": "2015-04-30", "acceptedDate": "2015-04-30 17:16:23", "calendarYear": "2015", "period": "Q1", "revenue": 1095287000, "costOfRevenue": 147206000, "grossProfit": 948081000, "grossProfitRatio": 0.865600523, "researchAndDevelopmentExpenses": 0, "generalAndAdministrativeExpenses": 226634000, "sellingAndMarketingExpenses": 0, "sellingGeneralAndAdministrativeExpenses": 226634000, "otherExpenses": 1010612000, "operatingExpenses": 1010612000, "costAndExpenses": 1157818000, "interestIncome": 4578000, "interestExpense": 14015000, "depreciationAndAmortization": 26066000, "ebitda": 128680000, "ebitdaratio": 0.1174851888, "operatingIncome": -48516000, "operatingIncomeRatio": -0.0442952395, "totalOtherIncomeExpensesNet": -17939000, "incomeBeforeTax": 84675000, "incomeBeforeTaxRatio": 0.0773085045, "incomeTaxExpense": 33997000, "netIncome": 50678000, "netIncomeRatio": 0.0462691514, "eps": 0.52, "epsdiluted": 0.52, "weightedAverageShsOut": 96551000, "weightedAverageShsOutDil": 98227000, "link": "https://www.sec.gov/Archives/edgar/data/1397911/000139791115000104/0001397911-15-000104-index.htm", "finalLink": "https://www.sec.gov/Archives/edgar/data/1397911/000139791115000104/lpla2015033110-q.htm"}, {"date": "2014-12-31", "symbol": "LPLA", "reportedCurrency": "USD", "cik": "0001397911", "fillingDate": "2015-02-20", "acceptedDate": "2015-02-20 17:01:23", "calendarYear": "2014", "period": "Q4", "revenue": 1091381000, "costOfRevenue": 873287000, "grossProfit": 218094000, "grossProfitRatio": 0.1998330556, "researchAndDevelopmentExpenses": 0, "generalAndAdministrativeExpenses": 203579000, "sellingAndMarketingExpenses": 0, "sellingGeneralAndAdministrativeExpenses": 203579000, "otherExpenses": 4467122000, "operatingExpenses": 4023484000, "costAndExpenses": 4589927000, "interestIncome": 4703000, "interestExpense": 12887000, "depreciationAndAmortization": 26227000, "ebitda": 119650000, "ebitdaratio": 0.1096317418, "operatingIncome": -216265000, "operatingIncomeRatio": -0.1981571972, "totalOtherIncomeExpensesNet": -25009000, "incomeBeforeTax": 80536000, "incomeBeforeTaxRatio": 0.0737927452, "incomeTaxExpense": 31991000, "netIncome": 48545000, "netIncomeRatio": 0.0444803419, "eps": 0.5, "epsdiluted": 0.49, "weightedAverageShsOut": 97853000, "weightedAverageShsOutDil": 99469000, "link": "https://www.sec.gov/Archives/edgar/data/1397911/000139791115000007/0001397911-15-000007-index.htm", "finalLink": "https://www.sec.gov/Archives/edgar/data/1397911/000139791115000007/lpla2014123110-k.htm"}, {"date": "2014-09-30", "symbol": "LPLA", "reportedCurrency": "USD", "cik": "0001397911", "fillingDate": "2014-10-30", "acceptedDate": "2014-10-30 17:26:11", "calendarYear": "2014", "period": "Q3", "revenue": 1076337000, "costOfRevenue": 163507000, "grossProfit": 912830000, "grossProfitRatio": 0.8480893995, "researchAndDevelopmentExpenses": 0, "generalAndAdministrativeExpenses": 228346000, "sellingAndMarketingExpenses": 0, "sellingGeneralAndAdministrativeExpenses": 228346000, "otherExpenses": 1020884000, "operatingExpenses": 1020884000, "costAndExpenses": 1184391000, "interestIncome": 4727000, "interestExpense": 12897000, "depreciationAndAmortization": 24519000, "ebitda": 102797000, "ebitdaratio": 0.0955063331, "operatingIncome": -95157000, "operatingIncomeRatio": -0.0884081844, "totalOtherIncomeExpensesNet": -22825000, "incomeBeforeTax": 55453000, "incomeBeforeTaxRatio": 0.0515201094, "incomeTaxExpense": 22181000, "netIncome": 33272000, "netIncomeRatio": 0.0309122515, "eps": 0.33, "epsdiluted": 0.33, "weightedAverageShsOut": 100052000, "weightedAverageShsOutDil": 101834000, "link": "https://www.sec.gov/Archives/edgar/data/1397911/000139791114000144/0001397911-14-000144-index.htm", "finalLink": "https://www.sec.gov/Archives/edgar/data/1397911/000139791114000144/lpla2014093010-q.htm"}, {"date": "2014-06-30", "symbol": "LPLA", "reportedCurrency": "USD", "cik": "0001397911", "fillingDate": "2014-07-30", "acceptedDate": "2014-07-30 17:19:24", "calendarYear": "2014", "period": "Q2", "revenue": 307274000, "costOfRevenue": 152307000, "grossProfit": 154967000, "grossProfitRatio": 0.5043283844, "researchAndDevelopmentExpenses": 0, "generalAndAdministrativeExpenses": 104821000, "sellingAndMarketingExpenses": 29729000, "sellingGeneralAndAdministrativeExpenses": 134550000, "otherExpenses": 1008654000, "operatingExpenses": 1008654000, "costAndExpenses": 1160961000, "interestIncome": 4791000, "interestExpense": 12914000, "depreciationAndAmortization": 23818000, "ebitda": 117118000, "ebitdaratio": 0.3811516757, "operatingIncome": -68232000, "operatingIncomeRatio": -0.222055885, "totalOtherIncomeExpensesNet": -22139000, "incomeBeforeTax": 71161000, "incomeBeforeTaxRatio": 0.231588094, "incomeTaxExpense": 28070000, "netIncome": 43091000, "netIncomeRatio": 0.1402364014, "eps": 0.43, "epsdiluted": 0.42, "weightedAverageShsOut": 100244000, "weightedAverageShsOutDil": 102029000, "link": "https://www.sec.gov/Archives/edgar/data/1397911/000139791114000115/0001397911-14-000115-index.htm", "finalLink": "https://www.sec.gov/Archives/edgar/data/1397911/000139791114000115/lpla2014063010-q.htm"}, {"date": "2014-03-31", "symbol": "LPLA", "reportedCurrency": "USD", "cik": "0001397911", "fillingDate": "2014-04-28", "acceptedDate": "2014-04-25 20:00:14", "calendarYear": "2014", "period": "Q1", "revenue": 1074591000, "costOfRevenue": 147303000, "grossProfit": 927288000, "grossProfitRatio": 0.8629218, "researchAndDevelopmentExpenses": 0, "generalAndAdministrativeExpenses": 200725000, "sellingAndMarketingExpenses": 0, "sellingGeneralAndAdministrativeExpenses": 200725000, "otherExpenses": 987044000, "operatingExpenses": 987044000, "costAndExpenses": 1134347000, "interestIncome": 4761000, "interestExpense": 12840000, "depreciationAndAmortization": 22281000, "ebitda": 129988000, "ebitdaratio": 0.1209650928, "operatingIncome": -46916000, "operatingIncomeRatio": -0.0436594016, "totalOtherIncomeExpensesNet": -20160000, "incomeBeforeTax": 87547000, "incomeBeforeTaxRatio": 0.0814700663, "incomeTaxExpense": 34412000, "netIncome": 53135000, "netIncomeRatio": 0.0494467197, "eps": 0.52, "epsdiluted": 0.51, "weightedAverageShsOut": 101279000, "weightedAverageShsOutDil": 103339000, "link": "https://www.sec.gov/Archives/edgar/data/1397911/000139791114000091/0001397911-14-000091-index.htm", "finalLink": "https://www.sec.gov/Archives/edgar/data/1397911/000139791114000091/lpla2014033110-q.htm"}, {"date": "2013-12-31", "symbol": "LPLA", "reportedCurrency": "USD", "cik": "0001397911", "fillingDate": "2014-02-26", "acceptedDate": "2014-02-25 20:14:27", "calendarYear": "2013", "period": "Q4", "revenue": 1080674000, "costOfRevenue": 875461000, "grossProfit": 205213000, "grossProfitRatio": 0.1898935294, "researchAndDevelopmentExpenses": 0, "generalAndAdministrativeExpenses": 209943000, "sellingAndMarketingExpenses": 0, "sellingGeneralAndAdministrativeExpenses": 209943000, "otherExpenses": 4206141000, "operatingExpenses": 3790147000, "costAndExpenses": 4333355000, "interestIncome": 4544000, "interestExpense": 13256000, "depreciationAndAmortization": 22052000, "ebitda": 99528000, "ebitdaratio": 0.0920980795, "operatingIncome": -192497000, "operatingIncomeRatio": -0.1781267986, "totalOtherIncomeExpensesNet": -23591000, "incomeBeforeTax": 64548000, "incomeBeforeTaxRatio": 0.0597293911, "incomeTaxExpense": 20130000, "netIncome": 44418000, "netIncomeRatio": 0.041102127, "eps": 0.44, "epsdiluted": 0.43, "weightedAverageShsOut": 101812000, "weightedAverageShsOutDil": 103411000, "link": "https://www.sec.gov/Archives/edgar/data/1397911/000139791114000038/0001397911-14-000038-index.htm", "finalLink": "https://www.sec.gov/Archives/edgar/data/1397911/000139791114000038/lpla2013123110-k.htm"}, {"date": "2013-09-30", "symbol": "LPLA", "reportedCurrency": "USD", "cik": "0001397911", "fillingDate": "2013-10-30", "acceptedDate": "2013-10-30 16:11:37", "calendarYear": "2013", "period": "Q3", "revenue": 295420000, "costOfRevenue": 137833000, "grossProfit": 157587000, "grossProfitRatio": 0.5334337553, "researchAndDevelopmentExpenses": 0, "generalAndAdministrativeExpenses": 102310000, "sellingAndMarketingExpenses": 36807000, "sellingGeneralAndAdministrativeExpenses": 139117000, "otherExpenses": 978547000, "operatingExpenses": 978547000, "costAndExpenses": 1116380000, "interestIncome": 4509000, "interestExpense": 13363000, "depreciationAndAmortization": 21432000, "ebitda": 120113000, "ebitdaratio": 0.4065838467, "operatingIncome": -63168000, "operatingIncomeRatio": -0.2138243856, "totalOtherIncomeExpensesNet": -19845000, "incomeBeforeTax": 61302000, "incomeBeforeTaxRatio": 0.2075079548, "incomeTaxExpense": 23671000, "netIncome": 37631000, "netIncomeRatio": 0.1273813554, "eps": 0.36, "epsdiluted": 0.36, "weightedAverageShsOut": 104271000, "weightedAverageShsOutDil": 105705000, "link": "https://www.sec.gov/Archives/edgar/data/1397911/000139791113000083/0001397911-13-000083-index.htm", "finalLink": "https://www.sec.gov/Archives/edgar/data/1397911/000139791113000083/lpla2013093010-q.htm"}, {"date": "2013-06-30", "symbol": "LPLA", "reportedCurrency": "USD", "cik": "0001397911", "fillingDate": "2013-07-31", "acceptedDate": "2013-07-31 16:24:58", "calendarYear": "2013", "period": "Q2", "revenue": 285452000, "costOfRevenue": 128633000, "grossProfit": 156819000, "grossProfitRatio": 0.5493708224, "researchAndDevelopmentExpenses": 0, "generalAndAdministrativeExpenses": 98227000, "sellingAndMarketingExpenses": 24804000, "sellingGeneralAndAdministrativeExpenses": 123031000, "otherExpenses": 923389000, "operatingExpenses": 923389000, "costAndExpenses": 1052022000, "interestIncome": 4426000, "interestExpense": 12667000, "depreciationAndAmortization": 20245000, "ebitda": 107814000, "ebitdaratio": 0.3776957247, "operatingIncome": -33102000, "operatingIncomeRatio": -0.1159634545, "totalOtherIncomeExpensesNet": -27961000, "incomeBeforeTax": 74902000, "incomeBeforeTaxRatio": 0.2623978813, "incomeTaxExpense": 29811000, "netIncome": 45091000, "netIncomeRatio": 0.1579635105, "eps": 0.42, "epsdiluted": 0.42, "weightedAverageShsOut": 106414000, "weightedAverageShsOutDil": 107695000, "link": "https://www.sec.gov/Archives/edgar/data/1397911/000139791113000062/0001397911-13-000062-index.htm", "finalLink": "https://www.sec.gov/Archives/edgar/data/1397911/000139791113000062/lpla2013063010-q.htm"}, {"date": "2013-03-31", "symbol": "LPLA", "reportedCurrency": "USD", "cik": "0001397911", "fillingDate": "2013-04-25", "acceptedDate": "2013-04-25 17:22:34", "calendarYear": "2013", "period": "Q1", "revenue": 962636000, "costOfRevenue": 130088000, "grossProfit": 832548000, "grossProfitRatio": 0.8648627311, "researchAndDevelopmentExpenses": 0, "generalAndAdministrativeExpenses": 176551000, "sellingAndMarketingExpenses": 0, "sellingGeneralAndAdministrativeExpenses": 176551000, "otherExpenses": 872085000, "operatingExpenses": 872085000, "costAndExpenses": 1002173000, "interestIncome": 4408000, "interestExpense": 12160000, "depreciationAndAmortization": 19774000, "ebitda": 122485000, "ebitdaratio": 0.1272391641, "operatingIncome": -27377000, "operatingIncomeRatio": -0.0284396179, "totalOtherIncomeExpensesNet": -18197000, "incomeBeforeTax": 90551000, "incomeBeforeTaxRatio": 0.0940656697, "incomeTaxExpense": 35834000, "netIncome": 54717000, "netIncomeRatio": 0.0568407996, "eps": 0.51, "epsdiluted": 0.51, "weightedAverageShsOut": 106347000, "weightedAverageShsOutDil": 107297000, "link": "https://www.sec.gov/Archives/edgar/data/1397911/000139791113000037/0001397911-13-000037-index.htm", "finalLink": "https://www.sec.gov/Archives/edgar/data/1397911/000139791113000037/lpla2013033110-q.htm"}, {"date": "2012-12-31", "symbol": "LPLA", "reportedCurrency": "USD", "cik": "0001397911", "fillingDate": "2013-02-26", "acceptedDate": "2013-02-25 19:23:06", "calendarYear": "2012", "period": "Q4", "revenue": 931715000, "costOfRevenue": 672581000, "grossProfit": 259134000, "grossProfitRatio": 0.2781258217, "researchAndDevelopmentExpenses": 0, "generalAndAdministrativeExpenses": 188421000, "sellingAndMarketingExpenses": 0, "sellingGeneralAndAdministrativeExpenses": 188421000, "otherExpenses": -372844000, "operatingExpenses": -184423000, "costAndExpenses": 672581000, "interestIncome": 4603000, "interestExpense": 12529000, "depreciationAndAmortization": 18786000, "ebitda": 109593000, "ebitdaratio": 0.1176250248, "operatingIncome": 74711000, "operatingIncomeRatio": 0.0801865377, "totalOtherIncomeExpensesNet": -13164000, "incomeBeforeTax": 62182000, "incomeBeforeTaxRatio": 0.0667392926, "incomeTaxExpense": 25244000, "netIncome": 36938000, "netIncomeRatio": 0.0396451705, "eps": 0.34, "epsdiluted": 0.34, "weightedAverageShsOut": 108641176, "weightedAverageShsOutDil": 108644000, "link": "https://www.sec.gov/Archives/edgar/data/1397911/000139791113000012/0001397911-13-000012-index.htm", "finalLink": "https://www.sec.gov/Archives/edgar/data/1397911/000139791113000012/lpla2012123110-k.htm"}, {"date": "2012-09-30", "symbol": "LPLA", "reportedCurrency": "USD", "cik": "0001397911", "fillingDate": "2012-10-31", "acceptedDate": "2012-10-31 16:02:05", "calendarYear": "2012", "period": "Q3", "revenue": 894402000, "costOfRevenue": 120895000, "grossProfit": 773507000, "grossProfitRatio": 0.864831474, "researchAndDevelopmentExpenses": 0, "generalAndAdministrativeExpenses": 190427000, "sellingAndMarketingExpenses": 0, "sellingGeneralAndAdministrativeExpenses": 190427000, "otherExpenses": 840164000, "operatingExpenses": 840164000, "costAndExpenses": 961059000, "interestIncome": 4629000, "interestExpense": 12826000, "depreciationAndAmortization": 18423000, "ebitda": 85487000, "ebitdaratio": 0.0955800636, "operatingIncome": -53831000, "operatingIncomeRatio": -0.0601865828, "totalOtherIncomeExpensesNet": -14037000, "incomeBeforeTax": 54238000, "incomeBeforeTaxRatio": 0.0606416354, "incomeTaxExpense": 19939000, "netIncome": 34299000, "netIncomeRatio": 0.0383485278, "eps": 0.31, "epsdiluted": 0.31, "weightedAverageShsOut": 110213000, "weightedAverageShsOutDil": 111877000, "link": "https://www.sec.gov/Archives/edgar/data/1397911/000139791112000035/0001397911-12-000035-index.htm", "finalLink": "https://www.sec.gov/Archives/edgar/data/1397911/000139791112000035/lpla2012093010-q.htm"}, {"date": "2012-06-30", "symbol": "LPLA", "reportedCurrency": "USD", "cik": "0001397911", "fillingDate": "2012-08-01", "acceptedDate": "2012-08-01 16:01:35", "calendarYear": "2012", "period": "Q2", "revenue": 894404000, "costOfRevenue": 125240000, "grossProfit": 769164000, "grossProfitRatio": 0.8599737926, "researchAndDevelopmentExpenses": 0, "generalAndAdministrativeExpenses": 177491000, "sellingAndMarketingExpenses": 0, "sellingGeneralAndAdministrativeExpenses": 177491000, "otherExpenses": 827096000, "operatingExpenses": 827096000, "costAndExpenses": 952336000, "interestIncome": 4800000, "interestExpense": 13439000, "depreciationAndAmortization": 17412000, "ebitda": 98159000, "ebitdaratio": 0.1097479439, "operatingIncome": -44493000, "operatingIncomeRatio": -0.0497459761, "totalOtherIncomeExpensesNet": -15496000, "incomeBeforeTax": 67308000, "incomeBeforeTaxRatio": 0.0752545829, "incomeTaxExpense": 27806000, "netIncome": 39502000, "netIncomeRatio": 0.0441657238, "eps": 0.36, "epsdiluted": 0.35, "weightedAverageShsOut": 110820000, "weightedAverageShsOutDil": 112834000, "link": "https://www.sec.gov/Archives/edgar/data/1397911/000139791112000025/0001397911-12-000025-index.htm", "finalLink": "https://www.sec.gov/Archives/edgar/data/1397911/000139791112000025/lpla2012063010-q.htm"}, {"date": "2012-03-31", "symbol": "LPLA", "reportedCurrency": "USD", "cik": "0001397911", "fillingDate": "2012-04-30", "acceptedDate": "2012-04-30 16:01:45", "calendarYear": "2012", "period": "Q1", "revenue": 885741000, "costOfRevenue": 116630000, "grossProfit": 769111000, "grossProfitRatio": 0.8683249392, "researchAndDevelopmentExpenses": 0, "generalAndAdministrativeExpenses": 105457000, "sellingAndMarketingExpenses": 634223000, "sellingGeneralAndAdministrativeExpenses": 739680000, "otherExpenses": -16524000, "operatingExpenses": 802354000, "costAndExpenses": 918984000, "interestIncome": 4710000, "interestExpense": 16032000, "depreciationAndAmortization": 17175000, "ebitda": 100070000, "ebitdaratio": 0.1129788505, "operatingIncome": -17211000, "operatingIncomeRatio": -0.0194311881, "totalOtherIncomeExpensesNet": -34250000, "incomeBeforeTax": 66863000, "incomeBeforeTaxRatio": 0.075488207, "incomeTaxExpense": 25684000, "netIncome": 41179000, "netIncomeRatio": 0.0464910171, "eps": 0.38, "epsdiluted": 0.37, "weightedAverageShsOut": 108956000, "weightedAverageShsOutDil": 112529000, "link": "https://www.sec.gov/Archives/edgar/data/1397911/000139791112000016/0001397911-12-000016-index.htm", "finalLink": "https://www.sec.gov/Archives/edgar/data/1397911/000139791112000016/lpla2012033110-q.htm"}, {"date": "2011-12-31", "symbol": "LPLA", "reportedCurrency": "USD", "cik": "0001397911", "fillingDate": "2012-02-27", "acceptedDate": "2012-02-27 17:24:55", "calendarYear": "2011", "period": "Q4", "revenue": 812818000, "costOfRevenue": 0, "grossProfit": 812818000, "grossProfitRatio": 1, "researchAndDevelopmentExpenses": 0, "generalAndAdministrativeExpenses": 54285000, "sellingAndMarketingExpenses": 596804000, "sellingGeneralAndAdministrativeExpenses": 651089000, "otherExpenses": -1384486000, "operatingExpenses": -733397000, "costAndExpenses": -733397000, "interestIncome": 4777000, "interestExpense": 15835000, "depreciationAndAmortization": 16947000, "ebitda": 96368000, "ebitdaratio": 0.1185603665, "operatingIncome": 79421000, "operatingIncomeRatio": 0.0977106806, "totalOtherIncomeExpensesNet": -24207000, "incomeBeforeTax": 63586000, "incomeBeforeTaxRatio": 0.0782290747, "incomeTaxExpense": 24138000, "netIncome": 39448000, "netIncomeRatio": 0.0485323898, "eps": 0.36, "epsdiluted": 0.36, "weightedAverageShsOut": 107819000, "weightedAverageShsOutDil": 108956000, "link": "https://www.sec.gov/Archives/edgar/data/1397911/000139791112000009/0001397911-12-000009-index.htm", "finalLink": "https://www.sec.gov/Archives/edgar/data/1397911/000139791112000009/lpla2011123110-k.htm"}, {"date": "2011-09-30", "symbol": "LPLA", "reportedCurrency": "USD", "cik": "0001397911", "fillingDate": "2011-11-02", "acceptedDate": "2011-11-02 16:32:21", "calendarYear": "2011", "period": "Q3", "revenue": 866254000, "costOfRevenue": 101630000, "grossProfit": 764624000, "grossProfitRatio": 0.8826787524, "researchAndDevelopmentExpenses": 0, "generalAndAdministrativeExpenses": 106650000, "sellingAndMarketingExpenses": 642728000, "sellingGeneralAndAdministrativeExpenses": 749378000, "otherExpenses": 5036000, "operatingExpenses": 5036000, "costAndExpenses": 106666000, "interestIncome": 5036000, "interestExpense": 16603000, "depreciationAndAmortization": 19222000, "ebitda": 97887000, "ebitdaratio": 0.113000344, "operatingIncome": 776191000, "operatingIncomeRatio": 0.8960316489, "totalOtherIncomeExpensesNet": -24287000, "incomeBeforeTax": 62062000, "incomeBeforeTaxRatio": 0.0716441136, "incomeTaxExpense": 25634000, "netIncome": 36428000, "netIncomeRatio": 0.0420523311, "eps": 0.33, "epsdiluted": 0.32, "weightedAverageShsOut": 107835000, "weightedAverageShsOutDil": 111173000, "link": "https://www.sec.gov/Archives/edgar/data/1397911/000144530511003181/0001445305-11-003181-index.htm", "finalLink": "https://www.sec.gov/Archives/edgar/data/1397911/000144530511003181/lpla201193010q.htm"}, {"date": "2011-06-30", "symbol": "LPLA", "reportedCurrency": "USD", "cik": "0001397911", "fillingDate": "2011-08-03", "acceptedDate": "2011-08-03 17:06:17", "calendarYear": "2011", "period": "Q2", "revenue": 875842000, "costOfRevenue": 106293000, "grossProfit": 769549000, "grossProfitRatio": 0.8786390696, "researchAndDevelopmentExpenses": 0, "generalAndAdministrativeExpenses": 773666000, "sellingAndMarketingExpenses": 0, "sellingGeneralAndAdministrativeExpenses": 773666000, "otherExpenses": 5110000, "operatingExpenses": 5110000, "costAndExpenses": 111403000, "interestIncome": 5110000, "interestExpense": 18154000, "depreciationAndAmortization": 18407000, "ebitda": 112040000, "ebitdaratio": 0.1279226162, "operatingIncome": 782593000, "operatingIncomeRatio": 0.8935321668, "totalOtherIncomeExpensesNet": -22968000, "incomeBeforeTax": 75479000, "incomeBeforeTaxRatio": 0.0861787857, "incomeTaxExpense": 29972000, "netIncome": 45507000, "netIncomeRatio": 0.0519580016, "eps": 0.41, "epsdiluted": 0.4, "weightedAverageShsOut": 109055000, "weightedAverageShsOutDil": 113150000, "link": "https://www.sec.gov/Archives/edgar/data/1397911/000095012311072296/0000950123-11-072296-index.htm", "finalLink": "https://www.sec.gov/Archives/edgar/data/1397911/000095012311072296/b87151e10vq.htm"}, {"date": "2011-03-31", "symbol": "LPLA", "reportedCurrency": "USD", "cik": "0001397911", "fillingDate": "2011-04-26", "acceptedDate": "2011-04-26 06:01:17", "calendarYear": "2011", "period": "Q1", "revenue": 855697000, "costOfRevenue": 109831000, "grossProfit": 745866000, "grossProfitRatio": 0.8716473238, "researchAndDevelopmentExpenses": 0, "generalAndAdministrativeExpenses": 103199000, "sellingAndMarketingExpenses": 614214000, "sellingGeneralAndAdministrativeExpenses": 717413000, "otherExpenses": 5142000, "operatingExpenses": 5142000, "costAndExpenses": 114973000, "interestIncome": 14333000, "interestExpense": 18172000, "depreciationAndAmortization": 18165000, "ebitda": 117895000, "ebitdaratio": 0.1377765728, "operatingIncome": 758896000, "operatingIncomeRatio": 0.8868746764, "totalOtherIncomeExpensesNet": -18709000, "incomeBeforeTax": 81558000, "incomeBeforeTaxRatio": 0.0953117751, "incomeTaxExpense": 32559000, "netIncome": 48999000, "netIncomeRatio": 0.0572620916, "eps": 0.44, "epsdiluted": 0.43, "weightedAverageShsOut": 108807000, "weightedAverageShsOutDil": 113196000, "link": "https://www.sec.gov/Archives/edgar/data/1397911/000095012311038892/0000950123-11-038892-index.htm", "finalLink": "https://www.sec.gov/Archives/edgar/data/1397911/000095012311038892/b85841e10vq.htm"}, {"date": "2010-12-31", "symbol": "LPLA", "reportedCurrency": "USD", "cik": "0001397911", "fillingDate": "2011-03-09", "acceptedDate": "2011-03-09 16:35:51", "calendarYear": "2010", "period": "Q4", "revenue": 801078000, "costOfRevenue": 308656000, "grossProfit": 492422000, "grossProfitRatio": 0.6146991928, "researchAndDevelopmentExpenses": 0, "generalAndAdministrativeExpenses": 107024000, "sellingAndMarketingExpenses": 813536000, "sellingGeneralAndAdministrativeExpenses": 920560000, "otherExpenses": 1104009000, "operatingExpenses": 2765335000, "costAndExpenses": 3073991000, "interestIncome": 4925000, "interestExpense": 18877000, "depreciationAndAmortization": 18565000, "ebitda": -150763000, "ebitdaratio": -0.1882001503, "operatingIncome": 39495000, "operatingIncomeRatio": 0.0493023151, "totalOtherIncomeExpensesNet": -227700000, "incomeBeforeTax": -188205000, "incomeBeforeTaxRatio": -0.2349396688, "incomeTaxExpense": -71645000, "netIncome": -116560000, "netIncomeRatio": -0.1455039334, "eps": -1.07, "epsdiluted": -1.07, "weightedAverageShsOut": 108807000, "weightedAverageShsOutDil": 108807000, "link": "https://www.sec.gov/Archives/edgar/data/1397911/000095012311023662/0000950123-11-023662-index.htm", "finalLink": "https://www.sec.gov/Archives/edgar/data/1397911/000095012311023662/b84509e10vk.htm"}, {"date": "2010-09-30", "symbol": "LPLA", "reportedCurrency": "USD", "cik": "0001397911", "fillingDate": "2010-10-29", "acceptedDate": "2010-10-29 16:30:46", "calendarYear": "2010", "period": "Q3", "revenue": 740453000, "costOfRevenue": 102289000, "grossProfit": 638164000, "grossProfitRatio": 0.861856188, "researchAndDevelopmentExpenses": 0, "generalAndAdministrativeExpenses": 92266000, "sellingAndMarketingExpenses": 540763000, "sellingGeneralAndAdministrativeExpenses": 633029000, "otherExpenses": 5105000, "operatingExpenses": 5105000, "costAndExpenses": 107394000, "interestIncome": 5105000, "interestExpense": 19511000, "depreciationAndAmortization": 19772000, "ebitda": 85295000, "ebitdaratio": 0.1151929967, "operatingIncome": 652570000, "operatingIncomeRatio": 0.8813118456, "totalOtherIncomeExpensesNet": -21374000, "incomeBeforeTax": 46012000, "incomeBeforeTaxRatio": 0.0621403384, "incomeTaxExpense": 19868000, "netIncome": 26144000, "netIncomeRatio": 0.0353081154, "eps": 0.3, "epsdiluted": 0.26, "weightedAverageShsOut": 86838000, "weightedAverageShsOutDil": 99612000, "link": "https://www.sec.gov/Archives/edgar/data/1397911/000095012310098187/0000950123-10-098187-index.htm", "finalLink": "https://www.sec.gov/Archives/edgar/data/1397911/000095012310098187/b82936e10vq.htm"}]