[{"date": "2025-06-30", "symbol": "FELE", "reportedCurrency": "USD", "cik": "0000038725", "fillingDate": "2025-07-31", "acceptedDate": "2025-07-31 16:09:34", "calendarYear": "2025", "period": "Q2", "revenue": 587434000, "costOfRevenue": 375608000, "grossProfit": 211826000, "grossProfitRatio": 0.3605954031, "researchAndDevelopmentExpenses": 0, "generalAndAdministrativeExpenses": 0, "sellingAndMarketingExpenses": 0, "sellingGeneralAndAdministrativeExpenses": 123521000, "otherExpenses": 0, "operatingExpenses": 123521000, "costAndExpenses": 499129000, "interestIncome": 0, "interestExpense": 2805000, "depreciationAndAmortization": 15770000, "ebitda": 99199000, "ebitdaratio": 0.1688683324, "operatingIncome": 88141000, "operatingIncomeRatio": 0.1500440901, "totalOtherIncomeExpensesNet": -7517000, "incomeBeforeTax": 80624000, "incomeBeforeTaxRatio": 0.1372477589, "incomeTaxExpense": 20061000, "netIncome": 60140000, "netIncomeRatio": 0.1023774586, "eps": 1.32, "epsdiluted": 1.31, "weightedAverageShsOut": 45700000, "weightedAverageShsOutDil": 46300000, "link": "https://www.sec.gov/Archives/edgar/data/38725/000003872525000162/0000038725-25-000162-index.htm", "finalLink": "https://www.sec.gov/Archives/edgar/data/38725/000003872525000162/fele-20250630.htm"}, {"date": "2025-03-31", "symbol": "FELE", "reportedCurrency": "USD", "cik": "0000038725", "fillingDate": "2025-05-01", "acceptedDate": "2025-05-01 16:15:18", "calendarYear": "2025", "period": "Q1", "revenue": 455247000, "costOfRevenue": 291344000, "grossProfit": 163903000, "grossProfitRatio": 0.3600309283, "researchAndDevelopmentExpenses": 0, "generalAndAdministrativeExpenses": 0, "sellingAndMarketingExpenses": 0, "sellingGeneralAndAdministrativeExpenses": 119643000, "otherExpenses": 0, "operatingExpenses": 119643000, "costAndExpenses": 410987000, "interestIncome": 0, "interestExpense": 1799000, "depreciationAndAmortization": 450000, "ebitda": 44101000, "ebitdaratio": 0.0968726867, "operatingIncome": 44101000, "operatingIncomeRatio": 0.0968726867, "totalOtherIncomeExpensesNet": -2249000, "incomeBeforeTax": 41852000, "incomeBeforeTaxRatio": 0.0919325114, "incomeTaxExpense": 10478000, "netIncome": 30962000, "netIncomeRatio": 0.0680114312, "eps": 0.68, "epsdiluted": 0.67, "weightedAverageShsOut": 45700000, "weightedAverageShsOutDil": 46300000, "link": "https://www.sec.gov/Archives/edgar/data/38725/000003872525000084/0000038725-25-000084-index.htm", "finalLink": "https://www.sec.gov/Archives/edgar/data/38725/000003872525000084/fele-20250331.htm"}, {"date": "2024-12-31", "symbol": "FELE", "reportedCurrency": "USD", "cik": "0000038725", "fillingDate": "2025-02-21", "acceptedDate": "2025-02-21 16:07:55", "calendarYear": "2024", "period": "Q4", "revenue": 485745000, "costOfRevenue": 321505000, "grossProfit": 164240000, "grossProfitRatio": 0.3381197954, "researchAndDevelopmentExpenses": 21500000, "generalAndAdministrativeExpenses": 0, "sellingAndMarketingExpenses": 0, "sellingGeneralAndAdministrativeExpenses": 117846000, "otherExpenses": -18140000, "operatingExpenses": 121206000, "costAndExpenses": 442711000, "interestIncome": 0, "interestExpense": 1339000, "depreciationAndAmortization": 14248000, "ebitda": 56322000, "ebitdaratio": 0.1159497267, "operatingIncome": 43034000, "operatingIncomeRatio": 0.0885938095, "totalOtherIncomeExpensesNet": -2299000, "incomeBeforeTax": 40735000, "incomeBeforeTaxRatio": 0.0838608735, "incomeTaxExpense": 6443000, "netIncome": 33655000, "netIncomeRatio": 0.0692853246, "eps": 0.73, "epsdiluted": 0.72, "weightedAverageShsOut": 45700000, "weightedAverageShsOutDil": 46300000, "link": "https://www.sec.gov/Archives/edgar/data/38725/000003872525000026/0000038725-25-000026-index.htm", "finalLink": "https://www.sec.gov/Archives/edgar/data/38725/000003872525000026/fele-20241231.htm"}, {"date": "2024-09-30", "symbol": "FELE", "reportedCurrency": "USD", "cik": "0000038725", "fillingDate": "2024-10-31", "acceptedDate": "2024-10-31 16:21:02", "calendarYear": "2024", "period": "Q3", "revenue": 531438000, "costOfRevenue": 341775000, "grossProfit": 189663000, "grossProfitRatio": 0.3568864101, "researchAndDevelopmentExpenses": 0, "generalAndAdministrativeExpenses": 0, "sellingAndMarketingExpenses": 0, "sellingGeneralAndAdministrativeExpenses": 115998000, "otherExpenses": 0, "operatingExpenses": 115998000, "costAndExpenses": 457773000, "interestIncome": 0, "interestExpense": 1556000, "depreciationAndAmortization": 14135000, "ebitda": 87568000, "ebitdaratio": 0.1647755712, "operatingIncome": 73526000, "operatingIncomeRatio": 0.1383529217, "totalOtherIncomeExpensesNet": -1649000, "incomeBeforeTax": 71877000, "incomeBeforeTaxRatio": 0.1352500198, "incomeTaxExpense": 16983000, "netIncome": 54596000, "netIncomeRatio": 0.1027325859, "eps": 1.19, "epsdiluted": 1.17, "weightedAverageShsOut": 45700000, "weightedAverageShsOutDil": 46300000, "link": "https://www.sec.gov/Archives/edgar/data/38725/000003872524000167/0000038725-24-000167-index.htm", "finalLink": "https://www.sec.gov/Archives/edgar/data/38725/000003872524000167/fele-20240930.htm"}, {"date": "2024-06-30", "symbol": "FELE", "reportedCurrency": "USD", "cik": "0000038725", "fillingDate": "2024-07-26", "acceptedDate": "2024-07-26 16:10:51", "calendarYear": "2024", "period": "Q2", "revenue": 543258000, "costOfRevenue": 343461000, "grossProfit": 199797000, "grossProfitRatio": 0.3677755321, "researchAndDevelopmentExpenses": 0, "generalAndAdministrativeExpenses": 0, "sellingAndMarketingExpenses": 0, "sellingGeneralAndAdministrativeExpenses": 120648000, "otherExpenses": 0, "operatingExpenses": 120648000, "costAndExpenses": 464109000, "interestIncome": 0, "interestExpense": 1976000, "depreciationAndAmortization": 13898000, "ebitda": 92795000, "ebitdaratio": 0.1708120267, "operatingIncome": 79149000, "operatingIncomeRatio": 0.1456932065, "totalOtherIncomeExpensesNet": -2228000, "incomeBeforeTax": 76921000, "incomeBeforeTaxRatio": 0.1415920244, "incomeTaxExpense": 17590000, "netIncome": 59099000, "netIncomeRatio": 0.1087862489, "eps": 1.28, "epsdiluted": 1.26, "weightedAverageShsOut": 46100000, "weightedAverageShsOutDil": 46700000, "link": "https://www.sec.gov/Archives/edgar/data/38725/000003872524000143/0000038725-24-000143-index.htm", "finalLink": "https://www.sec.gov/Archives/edgar/data/38725/000003872524000143/fele-20240630.htm"}, {"date": "2024-03-31", "symbol": "FELE", "reportedCurrency": "USD", "cik": "0000038725", "fillingDate": "2024-04-30", "acceptedDate": "2024-04-30 16:47:33", "calendarYear": "2024", "period": "Q1", "revenue": 460900000, "costOfRevenue": 297320000, "grossProfit": 163580000, "grossProfitRatio": 0.3549142981, "researchAndDevelopmentExpenses": 0, "generalAndAdministrativeExpenses": 0, "sellingAndMarketingExpenses": 0, "sellingGeneralAndAdministrativeExpenses": 115644000, "otherExpenses": 0, "operatingExpenses": 115644000, "costAndExpenses": 412964000, "interestIncome": 0, "interestExpense": 1448000, "depreciationAndAmortization": 18592000, "ebitda": 62354000, "ebitdaratio": 0.135287481, "operatingIncome": 47936000, "operatingIncomeRatio": 0.1040052072, "totalOtherIncomeExpensesNet": -5622000, "incomeBeforeTax": 42314000, "incomeBeforeTaxRatio": 0.0918073335, "incomeTaxExpense": 9222000, "netIncome": 32959000, "netIncomeRatio": 0.071510089, "eps": 0.71, "epsdiluted": 0.7, "weightedAverageShsOut": 46100000, "weightedAverageShsOutDil": 46700000, "link": "https://www.sec.gov/Archives/edgar/data/38725/000003872524000078/0000038725-24-000078-index.htm", "finalLink": "https://www.sec.gov/Archives/edgar/data/38725/000003872524000078/fele-20240331.htm"}, {"date": "2023-12-31", "symbol": "FELE", "reportedCurrency": "USD", "cik": "0000038725", "fillingDate": "2024-02-23", "acceptedDate": "2024-02-23 16:03:11", "calendarYear": "2023", "period": "Q4", "revenue": 472970000, "costOfRevenue": 312961000, "grossProfit": 160009000, "grossProfitRatio": 0.3383068694, "researchAndDevelopmentExpenses": 17700000, "generalAndAdministrativeExpenses": 0, "sellingAndMarketingExpenses": 0, "sellingGeneralAndAdministrativeExpenses": 106725000, "otherExpenses": -15600000, "operatingExpenses": 108825000, "costAndExpenses": 421786000, "interestIncome": 0, "interestExpense": 1481000, "depreciationAndAmortization": 12678000, "ebitda": 63262000, "ebitdaratio": 0.1337547836, "operatingIncome": 50828000, "operatingIncomeRatio": 0.1074655898, "totalOtherIncomeExpensesNet": -3676000, "incomeBeforeTax": 47152000, "incomeBeforeTaxRatio": 0.0996934266, "incomeTaxExpense": 8322000, "netIncome": 38549000, "netIncomeRatio": 0.0815041123, "eps": 0.83, "epsdiluted": 0.82, "weightedAverageShsOut": 46203614, "weightedAverageShsOutDil": 46767073, "link": "https://www.sec.gov/Archives/edgar/data/38725/000003872524000038/0000038725-24-000038-index.htm", "finalLink": "https://www.sec.gov/Archives/edgar/data/38725/000003872524000038/fele-20231231.htm"}, {"date": "2023-09-30", "symbol": "FELE", "reportedCurrency": "USD", "cik": "0000038725", "fillingDate": "2023-10-27", "acceptedDate": "2023-10-27 16:04:05", "calendarYear": "2023", "period": "Q3", "revenue": 538431000, "costOfRevenue": 352178000, "grossProfit": 186253000, "grossProfitRatio": 0.3459180471, "researchAndDevelopmentExpenses": 0, "generalAndAdministrativeExpenses": 0, "sellingAndMarketingExpenses": 0, "sellingGeneralAndAdministrativeExpenses": 107687000, "otherExpenses": 0, "operatingExpenses": 107687000, "costAndExpenses": 459865000, "interestIncome": 0, "interestExpense": 2984000, "depreciationAndAmortization": 4800000, "ebitda": 80698000, "ebitdaratio": 0.1498762144, "operatingIncome": 78104000, "operatingIncomeRatio": 0.1450585126, "totalOtherIncomeExpensesNet": -5190000, "incomeBeforeTax": 72914000, "incomeBeforeTaxRatio": 0.1354193945, "incomeTaxExpense": 14746000, "netIncome": 57798000, "netIncomeRatio": 0.1073452309, "eps": 1.25, "epsdiluted": 1.23, "weightedAverageShsOut": 46200000, "weightedAverageShsOutDil": 46900000, "link": "https://www.sec.gov/Archives/edgar/data/38725/000003872523000182/0000038725-23-000182-index.htm", "finalLink": "https://www.sec.gov/Archives/edgar/data/38725/000003872523000182/fele-20230930.htm"}, {"date": "2023-06-30", "symbol": "FELE", "reportedCurrency": "USD", "cik": "0000038725", "fillingDate": "2023-07-28", "acceptedDate": "2023-07-28 16:10:50", "calendarYear": "2023", "period": "Q2", "revenue": 569181000, "costOfRevenue": 380700000, "grossProfit": 188481000, "grossProfitRatio": 0.331144223, "researchAndDevelopmentExpenses": 0, "generalAndAdministrativeExpenses": 0, "sellingAndMarketingExpenses": 0, "sellingGeneralAndAdministrativeExpenses": 107429000, "otherExpenses": 0, "operatingExpenses": 107429000, "costAndExpenses": 488129000, "interestIncome": 0, "interestExpense": 4178000, "depreciationAndAmortization": 17706000, "ebitda": 96217000, "ebitdaratio": 0.1690446448, "operatingIncome": 80903000, "operatingIncomeRatio": 0.1421393195, "totalOtherIncomeExpensesNet": -6570000, "incomeBeforeTax": 74333000, "incomeBeforeTaxRatio": 0.1305964184, "incomeTaxExpense": 14173000, "netIncome": 59600000, "netIncomeRatio": 0.1047118579, "eps": 1.29, "epsdiluted": 1.27, "weightedAverageShsOut": 46200000, "weightedAverageShsOutDil": 46900000, "link": "https://www.sec.gov/Archives/edgar/data/38725/000003872523000151/0000038725-23-000151-index.htm", "finalLink": "https://www.sec.gov/Archives/edgar/data/38725/000003872523000151/fele-20230630.htm"}, {"date": "2023-03-31", "symbol": "FELE", "reportedCurrency": "USD", "cik": "0000038725", "fillingDate": "2023-05-05", "acceptedDate": "2023-05-05 16:20:42", "calendarYear": "2023", "period": "Q1", "revenue": 484551000, "costOfRevenue": 322286000, "grossProfit": 162265000, "grossProfitRatio": 0.3348770305, "researchAndDevelopmentExpenses": 0, "generalAndAdministrativeExpenses": 0, "sellingAndMarketingExpenses": 0, "sellingGeneralAndAdministrativeExpenses": 109535000, "otherExpenses": 124000, "operatingExpenses": 109659000, "costAndExpenses": 431945000, "interestIncome": 0, "interestExpense": 3147000, "depreciationAndAmortization": 12837000, "ebitda": 63808000, "ebitdaratio": 0.1316847969, "operatingIncome": 52606000, "operatingIncomeRatio": 0.1085664873, "totalOtherIncomeExpensesNet": -4782000, "incomeBeforeTax": 47824000, "incomeBeforeTaxRatio": 0.0986975571, "incomeTaxExpense": 10248000, "netIncome": 37325000, "netIncomeRatio": 0.0770300753, "eps": 0.81, "epsdiluted": 0.79, "weightedAverageShsOut": 46200000, "weightedAverageShsOutDil": 46900000, "link": "https://www.sec.gov/Archives/edgar/data/38725/000003872523000070/0000038725-23-000070-index.htm", "finalLink": "https://www.sec.gov/Archives/edgar/data/38725/000003872523000070/fele-20230331.htm"}, {"date": "2022-12-31", "symbol": "FELE", "reportedCurrency": "USD", "cik": "0000038725", "fillingDate": "2023-02-22", "acceptedDate": "2023-02-22 16:20:48", "calendarYear": "2022", "period": "Q4", "revenue": 489431000, "costOfRevenue": 323213000, "grossProfit": 166218000, "grossProfitRatio": 0.3396147772, "researchAndDevelopmentExpenses": 16700000, "generalAndAdministrativeExpenses": 0, "sellingAndMarketingExpenses": 0, "sellingGeneralAndAdministrativeExpenses": 109724000, "otherExpenses": -414000, "operatingExpenses": 109724000, "costAndExpenses": 432937000, "interestIncome": 0, "interestExpense": 4033000, "depreciationAndAmortization": 13307000, "ebitda": 72401000, "ebitdaratio": 0.1479289215, "operatingIncome": 56222000, "operatingIncomeRatio": 0.1148721679, "totalOtherIncomeExpensesNet": -7393000, "incomeBeforeTax": 48829000, "incomeBeforeTaxRatio": 0.0997668721, "incomeTaxExpense": 8872000, "netIncome": 39579000, "netIncomeRatio": 0.0808673746, "eps": 0.86, "epsdiluted": 0.84, "weightedAverageShsOut": 46193000, "weightedAverageShsOutDil": 47000000, "link": "https://www.sec.gov/Archives/edgar/data/38725/000003872523000035/0000038725-23-000035-index.htm", "finalLink": "https://www.sec.gov/Archives/edgar/data/38725/000003872523000035/fele-20221231.htm"}, {"date": "2022-09-30", "symbol": "FELE", "reportedCurrency": "USD", "cik": "0000038725", "fillingDate": "2022-11-01", "acceptedDate": "2022-11-01 16:05:42", "calendarYear": "2022", "period": "Q3", "revenue": 551672000, "costOfRevenue": 361077000, "grossProfit": 190595000, "grossProfitRatio": 0.3454860859, "researchAndDevelopmentExpenses": 0, "generalAndAdministrativeExpenses": 0, "sellingAndMarketingExpenses": 0, "sellingGeneralAndAdministrativeExpenses": 109366000, "otherExpenses": 0, "operatingExpenses": 109366000, "costAndExpenses": 470443000, "interestIncome": 0, "interestExpense": 3066000, "depreciationAndAmortization": 12546000, "ebitda": 91975000, "ebitdaratio": 0.1667204426, "operatingIncome": 80044000, "operatingIncomeRatio": 0.1450934613, "totalOtherIncomeExpensesNet": -7692000, "incomeBeforeTax": 72352000, "incomeBeforeTaxRatio": 0.1311503937, "incomeTaxExpense": 13380000, "netIncome": 58424000, "netIncomeRatio": 0.1059035079, "eps": 1.26, "epsdiluted": 1.24, "weightedAverageShsOut": 46526984, "weightedAverageShsOutDil": 47000000, "link": "https://www.sec.gov/Archives/edgar/data/38725/000003872522000182/0000038725-22-000182-index.htm", "finalLink": "https://www.sec.gov/Archives/edgar/data/38725/000003872522000182/fele-20220930.htm"}, {"date": "2022-06-30", "symbol": "FELE", "reportedCurrency": "USD", "cik": "0000038725", "fillingDate": "2022-08-02", "acceptedDate": "2022-08-02 16:13:46", "calendarYear": "2022", "period": "Q2", "revenue": 551138000, "costOfRevenue": 361850000, "grossProfit": 189288000, "grossProfitRatio": 0.343449372, "researchAndDevelopmentExpenses": 0, "generalAndAdministrativeExpenses": 0, "sellingAndMarketingExpenses": 0, "sellingGeneralAndAdministrativeExpenses": 108313000, "otherExpenses": 0, "operatingExpenses": 108313000, "costAndExpenses": 470163000, "interestIncome": 0, "interestExpense": 2932000, "depreciationAndAmortization": 12443000, "ebitda": 95018000, "ebitdaratio": 0.1724032819, "operatingIncome": 80982000, "operatingIncomeRatio": 0.1469359761, "totalOtherIncomeExpensesNet": -4420000, "incomeBeforeTax": 76562000, "incomeBeforeTaxRatio": 0.1389162061, "incomeTaxExpense": 16799000, "netIncome": 59364000, "netIncomeRatio": 0.1077116802, "eps": 1.27, "epsdiluted": 1.27, "weightedAverageShsOut": 46743307, "weightedAverageShsOutDil": 46900000, "link": "https://www.sec.gov/Archives/edgar/data/38725/000003872522000148/0000038725-22-000148-index.htm", "finalLink": "https://www.sec.gov/Archives/edgar/data/38725/000003872522000148/fele-20220630.htm"}, {"date": "2022-03-31", "symbol": "FELE", "reportedCurrency": "USD", "cik": "0000038725", "fillingDate": "2022-05-03", "acceptedDate": "2022-05-03 16:04:38", "calendarYear": "2022", "period": "Q1", "revenue": 451470000, "costOfRevenue": 306136000, "grossProfit": 145334000, "grossProfitRatio": 0.3219128624, "researchAndDevelopmentExpenses": 0, "generalAndAdministrativeExpenses": 0, "sellingAndMarketingExpenses": 0, "sellingGeneralAndAdministrativeExpenses": 104673000, "otherExpenses": -378000, "operatingExpenses": 104673000, "costAndExpenses": 410809000, "interestIncome": 0, "interestExpense": 1494000, "depreciationAndAmortization": 16259000, "ebitda": 55237000, "ebitdaratio": 0.1223492148, "operatingIncome": 39941000, "operatingIncomeRatio": 0.0884687798, "totalOtherIncomeExpensesNet": -2457000, "incomeBeforeTax": 37484000, "incomeBeforeTaxRatio": 0.0830265577, "incomeTaxExpense": 7365000, "netIncome": 29665000, "netIncomeRatio": 0.0657075775, "eps": 0.64, "epsdiluted": 0.63, "weightedAverageShsOut": 46507812, "weightedAverageShsOutDil": 47100000, "link": "https://www.sec.gov/Archives/edgar/data/38725/000003872522000078/0000038725-22-000078-index.htm", "finalLink": "https://www.sec.gov/Archives/edgar/data/38725/000003872522000078/fele-20220331.htm"}, {"date": "2021-12-31", "symbol": "FELE", "reportedCurrency": "USD", "cik": "0000038725", "fillingDate": "2022-02-25", "acceptedDate": "2022-02-25 15:44:10", "calendarYear": "2021", "period": "Q4", "revenue": 432520000, "costOfRevenue": 287332000, "grossProfit": 145188000, "grossProfitRatio": 0.3356792749, "researchAndDevelopmentExpenses": 17300000, "generalAndAdministrativeExpenses": 0, "sellingAndMarketingExpenses": 0, "sellingGeneralAndAdministrativeExpenses": 97741000, "otherExpenses": 6447000, "operatingExpenses": 97741000, "costAndExpenses": 385073000, "interestIncome": 0, "interestExpense": 1356000, "depreciationAndAmortization": 16219000, "ebitda": 69258000, "ebitdaratio": 0.1601266993, "operatingIncome": 47207000, "operatingIncomeRatio": 0.1091440858, "totalOtherIncomeExpensesNet": 4476000, "incomeBeforeTax": 51683000, "incomeBeforeTaxRatio": 0.1194927402, "incomeTaxExpense": 10688000, "netIncome": 40667000, "netIncomeRatio": 0.0940233978, "eps": 0.87, "epsdiluted": 0.85, "weightedAverageShsOut": 46743678, "weightedAverageShsOutDil": 47843529, "link": "https://www.sec.gov/Archives/edgar/data/38725/000003872522000033/0000038725-22-000033-index.htm", "finalLink": "https://www.sec.gov/Archives/edgar/data/38725/000003872522000033/fele-20211231.htm"}, {"date": "2021-09-30", "symbol": "FELE", "reportedCurrency": "USD", "cik": "0000038725", "fillingDate": "2021-11-02", "acceptedDate": "2021-11-02 14:20:13", "calendarYear": "2021", "period": "Q3", "revenue": 459019000, "costOfRevenue": 295903000, "grossProfit": 163116000, "grossProfitRatio": 0.3553578392, "researchAndDevelopmentExpenses": 0, "generalAndAdministrativeExpenses": 0, "sellingAndMarketingExpenses": 0, "sellingGeneralAndAdministrativeExpenses": 106446000, "otherExpenses": 0, "operatingExpenses": 106446000, "costAndExpenses": 402349000, "interestIncome": 0, "interestExpense": 1384000, "depreciationAndAmortization": 15155000, "ebitda": 73402000, "ebitdaratio": 0.1599105919, "operatingIncome": 56594000, "operatingIncomeRatio": 0.1232933713, "totalOtherIncomeExpensesNet": 269000, "incomeBeforeTax": 56863000, "incomeBeforeTaxRatio": 0.1238794037, "incomeTaxExpense": 10409000, "netIncome": 45872000, "netIncomeRatio": 0.0999348611, "eps": 0.99, "epsdiluted": 0.98, "weightedAverageShsOut": 46500000, "weightedAverageShsOutDil": 47000000, "link": "https://www.sec.gov/Archives/edgar/data/38725/000003872521000210/0000038725-21-000210-index.htm", "finalLink": "https://www.sec.gov/Archives/edgar/data/38725/000003872521000210/fele-20210930.htm"}, {"date": "2021-06-30", "symbol": "FELE", "reportedCurrency": "USD", "cik": "0000038725", "fillingDate": "2021-08-03", "acceptedDate": "2021-08-03 16:06:08", "calendarYear": "2021", "period": "Q2", "revenue": 437280000, "costOfRevenue": 285041000, "grossProfit": 152239000, "grossProfitRatio": 0.3481499268, "researchAndDevelopmentExpenses": 0, "generalAndAdministrativeExpenses": 0, "sellingAndMarketingExpenses": 0, "sellingGeneralAndAdministrativeExpenses": 100485000, "otherExpenses": -430000, "operatingExpenses": 100485000, "costAndExpenses": 385526000, "interestIncome": 0, "interestExpense": 1366000, "depreciationAndAmortization": 14364000, "ebitda": 64346000, "ebitdaratio": 0.1471505671, "operatingIncome": 51601000, "operatingIncomeRatio": 0.1180044823, "totalOtherIncomeExpensesNet": -2985000, "incomeBeforeTax": 48616000, "incomeBeforeTaxRatio": 0.1111781925, "incomeTaxExpense": 9253000, "netIncome": 39141000, "netIncomeRatio": 0.0895101537, "eps": 0.84, "epsdiluted": 0.83, "weightedAverageShsOut": 46500000, "weightedAverageShsOutDil": 47100000, "link": "https://www.sec.gov/Archives/edgar/data/38725/000003872521000175/0000038725-21-000175-index.htm", "finalLink": "https://www.sec.gov/Archives/edgar/data/38725/000003872521000175/fele-20210630.htm"}, {"date": "2021-03-31", "symbol": "FELE", "reportedCurrency": "USD", "cik": "0000038725", "fillingDate": "2021-04-30", "acceptedDate": "2021-04-30 13:27:21", "calendarYear": "2021", "period": "Q1", "revenue": 333046000, "costOfRevenue": 217500000, "grossProfit": 115546000, "grossProfitRatio": 0.3469370597, "researchAndDevelopmentExpenses": 0, "generalAndAdministrativeExpenses": 0, "sellingAndMarketingExpenses": 0, "sellingGeneralAndAdministrativeExpenses": 81603000, "otherExpenses": -100000, "operatingExpenses": 81603000, "costAndExpenses": 299103000, "interestIncome": 0, "interestExpense": 1089000, "depreciationAndAmortization": 12642000, "ebitda": 46276000, "ebitdaratio": 0.138947773, "operatingIncome": 33791000, "operatingIncomeRatio": 0.1014604589, "totalOtherIncomeExpensesNet": -1247000, "incomeBeforeTax": 32544000, "incomeBeforeTaxRatio": 0.0977162314, "incomeTaxExpense": 4381000, "netIncome": 27880000, "netIncomeRatio": 0.0837121599, "eps": 0.6, "epsdiluted": 0.59, "weightedAverageShsOut": 46300000, "weightedAverageShsOutDil": 46900000, "link": "https://www.sec.gov/Archives/edgar/data/38725/000003872521000092/0000038725-21-000092-index.htm", "finalLink": "https://www.sec.gov/Archives/edgar/data/38725/000003872521000092/fele-20210331.htm"}, {"date": "2020-12-31", "symbol": "FELE", "reportedCurrency": "USD", "cik": "0000038725", "fillingDate": "2021-02-24", "acceptedDate": "2021-02-24 15:37:54", "calendarYear": "2020", "period": "Q4", "revenue": 321106000, "costOfRevenue": 209703000, "grossProfit": 111403000, "grossProfitRatio": 0.3469352799, "researchAndDevelopmentExpenses": 21700000, "generalAndAdministrativeExpenses": 0, "sellingAndMarketingExpenses": 0, "sellingGeneralAndAdministrativeExpenses": 76713000, "otherExpenses": 267000, "operatingExpenses": 76713000, "costAndExpenses": 286416000, "interestIncome": 0, "interestExpense": 1131000, "depreciationAndAmortization": 9571000, "ebitda": 42561000, "ebitdaratio": 0.1325450163, "operatingIncome": 34373000, "operatingIncomeRatio": 0.1070456485, "totalOtherIncomeExpensesNet": -2172000, "incomeBeforeTax": 32201000, "incomeBeforeTaxRatio": 0.100281527, "incomeTaxExpense": 5213000, "netIncome": 26794000, "netIncomeRatio": 0.0834428506, "eps": 0.58, "epsdiluted": 0.57, "weightedAverageShsOut": 46196552, "weightedAverageShsOutDil": 46800000, "link": "https://www.sec.gov/Archives/edgar/data/38725/000003872521000044/0000038725-21-000044-index.htm", "finalLink": "https://www.sec.gov/Archives/edgar/data/38725/000003872521000044/fele-20201231.htm"}, {"date": "2020-09-30", "symbol": "FELE", "reportedCurrency": "USD", "cik": "0000038725", "fillingDate": "2020-10-30", "acceptedDate": "2020-10-30 13:14:47", "calendarYear": "2020", "period": "Q3", "revenue": 351190000, "costOfRevenue": 226893000, "grossProfit": 124297000, "grossProfitRatio": 0.3539309206, "researchAndDevelopmentExpenses": 0, "generalAndAdministrativeExpenses": 0, "sellingAndMarketingExpenses": 0, "sellingGeneralAndAdministrativeExpenses": 75472000, "otherExpenses": -463000, "operatingExpenses": 75472000, "costAndExpenses": 302365000, "interestIncome": 0, "interestExpense": 1130000, "depreciationAndAmortization": 8927000, "ebitda": 55452000, "ebitdaratio": 0.1578974344, "operatingIncome": 48384000, "operatingIncomeRatio": 0.1377715766, "totalOtherIncomeExpensesNet": -1733000, "incomeBeforeTax": 46651000, "incomeBeforeTaxRatio": 0.1328369259, "incomeTaxExpense": 8076000, "netIncome": 38372000, "netIncomeRatio": 0.1092627922, "eps": 0.82, "epsdiluted": 0.82, "weightedAverageShsOut": 46429268, "weightedAverageShsOutDil": 46795122, "link": "https://www.sec.gov/Archives/edgar/data/38725/000003872520000208/0000038725-20-000208-index.htm", "finalLink": "https://www.sec.gov/Archives/edgar/data/38725/000003872520000208/fele-20200930.htm"}, {"date": "2020-06-30", "symbol": "FELE", "reportedCurrency": "USD", "cik": "0000038725", "fillingDate": "2020-08-04", "acceptedDate": "2020-08-04 10:38:00", "calendarYear": "2020", "period": "Q2", "revenue": 308281000, "costOfRevenue": 201159000, "grossProfit": 107122000, "grossProfitRatio": 0.3474816807, "researchAndDevelopmentExpenses": 0, "generalAndAdministrativeExpenses": 0, "sellingAndMarketingExpenses": 0, "sellingGeneralAndAdministrativeExpenses": 72314000, "otherExpenses": -397000, "operatingExpenses": 72314000, "costAndExpenses": 273473000, "interestIncome": 0, "interestExpense": 1132000, "depreciationAndAmortization": 8791000, "ebitda": 41999000, "ebitdaratio": 0.1362360963, "operatingIncome": 33933000, "operatingIncomeRatio": 0.1100716554, "totalOtherIncomeExpensesNet": -2435000, "incomeBeforeTax": 31498000, "incomeBeforeTaxRatio": 0.1021730175, "incomeTaxExpense": 6696000, "netIncome": 24451000, "netIncomeRatio": 0.0793140025, "eps": 0.53, "epsdiluted": 0.52, "weightedAverageShsOut": 46133962, "weightedAverageShsOutDil": 46500000, "link": "https://www.sec.gov/Archives/edgar/data/38725/000003872520000179/0000038725-20-000179-index.htm", "finalLink": "https://www.sec.gov/Archives/edgar/data/38725/000003872520000179/fele-20200630.htm"}, {"date": "2020-03-31", "symbol": "FELE", "reportedCurrency": "USD", "cik": "0000038725", "fillingDate": "2020-05-05", "acceptedDate": "2020-05-05 09:34:50", "calendarYear": "2020", "period": "Q1", "revenue": 266754000, "costOfRevenue": 176437000, "grossProfit": 90317000, "grossProfitRatio": 0.3385778657, "researchAndDevelopmentExpenses": 0, "generalAndAdministrativeExpenses": 0, "sellingAndMarketingExpenses": 0, "sellingGeneralAndAdministrativeExpenses": 75623000, "otherExpenses": -202000, "operatingExpenses": 75623000, "costAndExpenses": 252060000, "interestIncome": 0, "interestExpense": 1234000, "depreciationAndAmortization": 9199000, "ebitda": 26193000, "ebitdaratio": 0.0981915923, "operatingIncome": 13821000, "operatingIncomeRatio": 0.0518117816, "totalOtherIncomeExpensesNet": -474000, "incomeBeforeTax": 13347000, "incomeBeforeTaxRatio": 0.0500348636, "incomeTaxExpense": 2555000, "netIncome": 10643000, "netIncomeRatio": 0.0398981833, "eps": 0.23, "epsdiluted": 0.23, "weightedAverageShsOut": 46273913, "weightedAverageShsOutDil": 46800000, "link": "https://www.sec.gov/Archives/edgar/data/38725/000003872520000107/0000038725-20-000107-index.htm", "finalLink": "https://www.sec.gov/Archives/edgar/data/38725/000003872520000107/fele-20200331.htm"}, {"date": "2019-12-31", "symbol": "FELE", "reportedCurrency": "USD", "cik": "0000038725", "fillingDate": "2020-02-25", "acceptedDate": "2020-02-25 16:06:07", "calendarYear": "2019", "period": "Q4", "revenue": 320107000, "costOfRevenue": 218851000, "grossProfit": 101256000, "grossProfitRatio": 0.3163192308, "researchAndDevelopmentExpenses": 20800000, "generalAndAdministrativeExpenses": 0, "sellingAndMarketingExpenses": 0, "sellingGeneralAndAdministrativeExpenses": 71870000, "otherExpenses": -109000, "operatingExpenses": 71870000, "costAndExpenses": 290721000, "interestIncome": 0, "interestExpense": 1571000, "depreciationAndAmortization": 9272000, "ebitda": 37658000, "ebitdaratio": 0.1176419135, "operatingIncome": 28602000, "operatingIncomeRatio": 0.0893513731, "totalOtherIncomeExpensesNet": -5487000, "incomeBeforeTax": 23115000, "incomeBeforeTaxRatio": 0.0722102297, "incomeTaxExpense": 3130000, "netIncome": 19775000, "netIncomeRatio": 0.0617762186, "eps": 0.42, "epsdiluted": 0.42, "weightedAverageShsOut": 46607142, "weightedAverageShsOutDil": 47083333, "link": "https://www.sec.gov/Archives/edgar/data/38725/000003872520000053/0000038725-20-000053-index.htm", "finalLink": "https://www.sec.gov/Archives/edgar/data/38725/000003872520000053/fele-20191231.htm"}, {"date": "2019-09-30", "symbol": "FELE", "reportedCurrency": "USD", "cik": "0000038725", "fillingDate": "2019-11-05", "acceptedDate": "2019-11-05 15:27:22", "calendarYear": "2019", "period": "Q3", "revenue": 348416000, "costOfRevenue": 230793000, "grossProfit": 117623000, "grossProfitRatio": 0.3375935663, "researchAndDevelopmentExpenses": 0, "generalAndAdministrativeExpenses": 0, "sellingAndMarketingExpenses": 0, "sellingGeneralAndAdministrativeExpenses": 74500000, "otherExpenses": -250000, "operatingExpenses": 74500000, "costAndExpenses": 305293000, "interestIncome": 0, "interestExpense": 2037000, "depreciationAndAmortization": 9355000, "ebitda": 52078000, "ebitdaratio": 0.1494707476, "operatingIncome": 42719000, "operatingIncomeRatio": 0.1226091798, "totalOtherIncomeExpensesNet": -205000, "incomeBeforeTax": 42514000, "incomeBeforeTaxRatio": 0.1220208027, "incomeTaxExpense": 8439000, "netIncome": 33707000, "netIncomeRatio": 0.0967435479, "eps": 0.73, "epsdiluted": 0.72, "weightedAverageShsOut": 46447945, "weightedAverageShsOutDil": 46700000, "link": "https://www.sec.gov/Archives/edgar/data/38725/000003872519000242/0000038725-19-000242-index.htm", "finalLink": "https://www.sec.gov/Archives/edgar/data/38725/000003872519000242/a2019q3form10-q.htm"}, {"date": "2019-06-30", "symbol": "FELE", "reportedCurrency": "USD", "cik": "0000038725", "fillingDate": "2019-07-30", "acceptedDate": "2019-07-30 13:13:50", "calendarYear": "2019", "period": "Q2", "revenue": 355340000, "costOfRevenue": 235622000, "grossProfit": 119718000, "grossProfitRatio": 0.3369111274, "researchAndDevelopmentExpenses": 0, "generalAndAdministrativeExpenses": 0, "sellingAndMarketingExpenses": 0, "sellingGeneralAndAdministrativeExpenses": 75782000, "otherExpenses": -292000, "operatingExpenses": 75782000, "costAndExpenses": 311404000, "interestIncome": 0, "interestExpense": 2295000, "depreciationAndAmortization": 9082000, "ebitda": 53518000, "ebitdaratio": 0.1506106827, "operatingIncome": 43691000, "operatingIncomeRatio": 0.1229554793, "totalOtherIncomeExpensesNet": -3092000, "incomeBeforeTax": 40599000, "incomeBeforeTaxRatio": 0.114253954, "incomeTaxExpense": 7787000, "netIncome": 32545000, "netIncomeRatio": 0.0915883379, "eps": 0.7, "epsdiluted": 0.7, "weightedAverageShsOut": 46492857, "weightedAverageShsOutDil": 46778571, "link": "https://www.sec.gov/Archives/edgar/data/38725/000003872519000185/0000038725-19-000185-index.htm", "finalLink": "https://www.sec.gov/Archives/edgar/data/38725/000003872519000185/a2019q2form10-q.htm"}, {"date": "2019-03-31", "symbol": "FELE", "reportedCurrency": "USD", "cik": "0000038725", "fillingDate": "2019-04-30", "acceptedDate": "2019-04-30 12:54:31", "calendarYear": "2019", "period": "Q1", "revenue": 290715000, "costOfRevenue": 201209000, "grossProfit": 89506000, "grossProfitRatio": 0.3078822902, "researchAndDevelopmentExpenses": 0, "generalAndAdministrativeExpenses": 0, "sellingAndMarketingExpenses": 0, "sellingGeneralAndAdministrativeExpenses": 76299000, "otherExpenses": 239000, "operatingExpenses": 76299000, "costAndExpenses": 277508000, "interestIncome": 0, "interestExpense": 2342000, "depreciationAndAmortization": 9268000, "ebitda": 20075000, "ebitdaratio": 0.0690538844, "operatingIncome": 12121000, "operatingIncomeRatio": 0.0416937551, "totalOtherIncomeExpensesNet": -1514000, "incomeBeforeTax": 10607000, "incomeBeforeTaxRatio": 0.0364859054, "incomeTaxExpense": 1480000, "netIncome": 8956000, "netIncomeRatio": 0.0308068039, "eps": 0.19, "epsdiluted": 0.19, "weightedAverageShsOut": 47136842, "weightedAverageShsOutDil": 47663158, "link": "https://www.sec.gov/Archives/edgar/data/38725/000003872519000118/0000038725-19-000118-index.htm", "finalLink": "https://www.sec.gov/Archives/edgar/data/38725/000003872519000118/a2019q1form10-q.htm"}, {"date": "2018-12-31", "symbol": "FELE", "reportedCurrency": "USD", "cik": "0000038725", "fillingDate": "2019-02-28", "acceptedDate": "2019-02-28 12:50:34", "calendarYear": "2018", "period": "Q4", "revenue": 316663000, "costOfRevenue": 212321000, "grossProfit": 104342000, "grossProfitRatio": 0.329504868, "researchAndDevelopmentExpenses": 22100000, "generalAndAdministrativeExpenses": 0, "sellingAndMarketingExpenses": 0, "sellingGeneralAndAdministrativeExpenses": 74983000, "otherExpenses": -461000, "operatingExpenses": 74983000, "costAndExpenses": 287304000, "interestIncome": 0, "interestExpense": 2362000, "depreciationAndAmortization": 9617000, "ebitda": 41976000, "ebitdaratio": 0.1325573243, "operatingIncome": 28683000, "operatingIncomeRatio": 0.0905789435, "totalOtherIncomeExpensesNet": -378000, "incomeBeforeTax": 28305000, "incomeBeforeTaxRatio": 0.0893852455, "incomeTaxExpense": 3974000, "netIncome": 24000000, "netIncomeRatio": 0.0757903513, "eps": 0.52, "epsdiluted": 0.51, "weightedAverageShsOut": 46538462, "weightedAverageShsOutDil": 46800000, "link": "https://www.sec.gov/Archives/edgar/data/38725/000003872519000046/0000038725-19-000046-index.htm", "finalLink": "https://www.sec.gov/Archives/edgar/data/38725/000003872519000046/a2018123110-k.htm"}, {"date": "2018-09-30", "symbol": "FELE", "reportedCurrency": "USD", "cik": "0000038725", "fillingDate": "2018-11-02", "acceptedDate": "2018-11-02 12:57:46", "calendarYear": "2018", "period": "Q3", "revenue": 341866000, "costOfRevenue": 228900000, "grossProfit": 112966000, "grossProfitRatio": 0.3304394119, "researchAndDevelopmentExpenses": 0, "generalAndAdministrativeExpenses": 0, "sellingAndMarketingExpenses": 0, "sellingGeneralAndAdministrativeExpenses": 72483000, "otherExpenses": -422000, "operatingExpenses": 72483000, "costAndExpenses": 301383000, "interestIncome": 0, "interestExpense": 2443000, "depreciationAndAmortization": 9392000, "ebitda": 49575000, "ebitdaratio": 0.1450129583, "operatingIncome": 40137000, "operatingIncomeRatio": 0.1174056502, "totalOtherIncomeExpensesNet": -4466000, "incomeBeforeTax": 35671000, "incomeBeforeTaxRatio": 0.1043420521, "incomeTaxExpense": 5739000, "netIncome": 29806000, "netIncomeRatio": 0.0871862075, "eps": 0.64, "epsdiluted": 0.63, "weightedAverageShsOut": 46884375, "weightedAverageShsOutDil": 47200000, "link": "https://www.sec.gov/Archives/edgar/data/38725/000003872518000191/0000038725-18-000191-index.htm", "finalLink": "https://www.sec.gov/Archives/edgar/data/38725/000003872518000191/a2018q3form10-q.htm"}, {"date": "2018-06-30", "symbol": "FELE", "reportedCurrency": "USD", "cik": "0000038725", "fillingDate": "2018-07-31", "acceptedDate": "2018-07-31 12:44:40", "calendarYear": "2018", "period": "Q2", "revenue": 343970000, "costOfRevenue": 227894000, "grossProfit": 116076000, "grossProfitRatio": 0.3374596622, "researchAndDevelopmentExpenses": 0, "generalAndAdministrativeExpenses": 0, "sellingAndMarketingExpenses": 0, "sellingGeneralAndAdministrativeExpenses": 74965000, "otherExpenses": 45000, "operatingExpenses": 74965000, "costAndExpenses": 302859000, "interestIncome": 0, "interestExpense": 2606000, "depreciationAndAmortization": 9699000, "ebitda": 50110000, "ebitdaratio": 0.1456813094, "operatingIncome": 40474000, "operatingIncomeRatio": 0.1176672384, "totalOtherIncomeExpensesNet": -3560000, "incomeBeforeTax": 36914000, "incomeBeforeTaxRatio": 0.1073174986, "incomeTaxExpense": 6875000, "netIncome": 30297000, "netIncomeRatio": 0.0880803558, "eps": 0.65, "epsdiluted": 0.64, "weightedAverageShsOut": 46918462, "weightedAverageShsOutDil": 47000000, "link": "https://www.sec.gov/Archives/edgar/data/38725/000003872518000152/0000038725-18-000152-index.htm", "finalLink": "https://www.sec.gov/Archives/edgar/data/38725/000003872518000152/a2018q2form10-q.htm"}, {"date": "2018-03-31", "symbol": "FELE", "reportedCurrency": "USD", "cik": "0000038725", "fillingDate": "2018-05-08", "acceptedDate": "2018-05-08 13:07:11", "calendarYear": "2018", "period": "Q1", "revenue": 295630000, "costOfRevenue": 196648000, "grossProfit": 98982000, "grossProfitRatio": 0.3348171701, "researchAndDevelopmentExpenses": 0, "generalAndAdministrativeExpenses": 0, "sellingAndMarketingExpenses": 0, "sellingGeneralAndAdministrativeExpenses": 76275000, "otherExpenses": -204000, "operatingExpenses": 76275000, "costAndExpenses": 272923000, "interestIncome": 0, "interestExpense": 2428000, "depreciationAndAmortization": 9896000, "ebitda": 33203000, "ebitdaratio": 0.1123126882, "operatingIncome": 22700000, "operatingIncomeRatio": 0.0767851707, "totalOtherIncomeExpensesNet": -3183000, "incomeBeforeTax": 19517000, "incomeBeforeTaxRatio": 0.0660183337, "incomeTaxExpense": -1698000, "netIncome": 20974000, "netIncomeRatio": 0.0709467916, "eps": 0.45, "epsdiluted": 0.45, "weightedAverageShsOut": 47053333, "weightedAverageShsOutDil": 47100000, "link": "https://www.sec.gov/Archives/edgar/data/38725/000003872518000096/0000038725-18-000096-index.htm", "finalLink": "https://www.sec.gov/Archives/edgar/data/38725/000003872518000096/a2018q1form10-q.htm"}, {"date": "2017-12-31", "symbol": "FELE", "reportedCurrency": "USD", "cik": "0000038725", "fillingDate": "2018-02-27", "acceptedDate": "2018-02-27 13:22:54", "calendarYear": "2017", "period": "Q4", "revenue": 288195000, "costOfRevenue": 193624000, "grossProfit": 94571000, "grossProfitRatio": 0.3281493433, "researchAndDevelopmentExpenses": 20800000, "generalAndAdministrativeExpenses": 0, "sellingAndMarketingExpenses": 0, "sellingGeneralAndAdministrativeExpenses": 69411000, "otherExpenses": 81000, "operatingExpenses": 69411000, "costAndExpenses": 263035000, "interestIncome": 0, "interestExpense": 2267000, "depreciationAndAmortization": 10088000, "ebitda": 35389000, "ebitdaratio": 0.1227953296, "operatingIncome": 22428000, "operatingIncomeRatio": 0.0778223078, "totalOtherIncomeExpensesNet": -1498000, "incomeBeforeTax": 20971000, "incomeBeforeTaxRatio": 0.0727667031, "incomeTaxExpense": 13104000, "netIncome": 7971000, "netIncomeRatio": 0.0276583563, "eps": 0.17, "epsdiluted": 0.17, "weightedAverageShsOut": 46988015, "weightedAverageShsOutDil": 47476471, "link": "https://www.sec.gov/Archives/edgar/data/38725/000003872518000039/0000038725-18-000039-index.htm", "finalLink": "https://www.sec.gov/Archives/edgar/data/38725/000003872518000039/a2017123110-k.htm"}, {"date": "2017-09-30", "symbol": "FELE", "reportedCurrency": "USD", "cik": "0000038725", "fillingDate": "2017-10-31", "acceptedDate": "2017-10-31 11:32:40", "calendarYear": "2017", "period": "Q3", "revenue": 311113000, "costOfRevenue": 207271000, "grossProfit": 103842000, "grossProfitRatio": 0.3337758306, "researchAndDevelopmentExpenses": 0, "generalAndAdministrativeExpenses": 0, "sellingAndMarketingExpenses": 0, "sellingGeneralAndAdministrativeExpenses": 70986000, "otherExpenses": 574000, "operatingExpenses": 70986000, "costAndExpenses": 278257000, "interestIncome": 0, "interestExpense": 2297000, "depreciationAndAmortization": 10006000, "ebitda": 42620000, "ebitdaratio": 0.1369920254, "operatingIncome": 31847000, "operatingIncomeRatio": 0.1023647356, "totalOtherIncomeExpensesNet": -1666000, "incomeBeforeTax": 30317000, "incomeBeforeTaxRatio": 0.0974469084, "incomeTaxExpense": 5769000, "netIncome": 24270000, "netIncomeRatio": 0.0780102407, "eps": 0.52, "epsdiluted": 0.52, "weightedAverageShsOut": 46673076, "weightedAverageShsOutDil": 47057692, "link": "https://www.sec.gov/Archives/edgar/data/38725/000003872517000168/0000038725-17-000168-index.htm", "finalLink": "https://www.sec.gov/Archives/edgar/data/38725/000003872517000168/a2017q3form10-q.htm"}, {"date": "2017-06-30", "symbol": "FELE", "reportedCurrency": "USD", "cik": "0000038725", "fillingDate": "2017-08-01", "acceptedDate": "2017-08-01 14:29:55", "calendarYear": "2017", "period": "Q2", "revenue": 305349000, "costOfRevenue": 202596000, "grossProfit": 102753000, "grossProfitRatio": 0.3365100262, "researchAndDevelopmentExpenses": 0, "generalAndAdministrativeExpenses": 0, "sellingAndMarketingExpenses": 0, "sellingGeneralAndAdministrativeExpenses": 68298000, "otherExpenses": 0, "operatingExpenses": 68298000, "costAndExpenses": 270894000, "interestIncome": 0, "interestExpense": 2244000, "depreciationAndAmortization": 9488000, "ebitda": 44510000, "ebitdaratio": 0.1457676298, "operatingIncome": 34204000, "operatingIncomeRatio": 0.1120160865, "totalOtherIncomeExpensesNet": 2890000, "incomeBeforeTax": 37161000, "incomeBeforeTaxRatio": 0.1217000874, "incomeTaxExpense": 6917000, "netIncome": 29909000, "netIncomeRatio": 0.0979502143, "eps": 0.64, "epsdiluted": 0.64, "weightedAverageShsOut": 46732812, "weightedAverageShsOutDil": 46732812, "link": "https://www.sec.gov/Archives/edgar/data/38725/000003872517000145/0000038725-17-000145-index.htm", "finalLink": "https://www.sec.gov/Archives/edgar/data/38725/000003872517000145/a2017q2form10-q.htm"}, {"date": "2017-03-31", "symbol": "FELE", "reportedCurrency": "USD", "cik": "0000038725", "fillingDate": "2017-05-02", "acceptedDate": "2017-05-02 13:05:29", "calendarYear": "2017", "period": "Q1", "revenue": 220252000, "costOfRevenue": 144436000, "grossProfit": 75816000, "grossProfitRatio": 0.344223889, "researchAndDevelopmentExpenses": 0, "generalAndAdministrativeExpenses": 0, "sellingAndMarketingExpenses": 0, "sellingGeneralAndAdministrativeExpenses": 56991000, "otherExpenses": 0, "operatingExpenses": 56991000, "costAndExpenses": 201427000, "interestIncome": 0, "interestExpense": 3514000, "depreciationAndAmortization": 8924000, "ebitda": 27144000, "ebitdaratio": 0.1232406516, "operatingIncome": 18510000, "operatingIncomeRatio": 0.0840400995, "totalOtherIncomeExpensesNet": -2367000, "incomeBeforeTax": 16138000, "incomeBeforeTaxRatio": 0.0732706173, "incomeTaxExpense": 204000, "netIncome": 15530000, "netIncomeRatio": 0.0705101429, "eps": 0.33, "epsdiluted": 0.33, "weightedAverageShsOut": 47060606, "weightedAverageShsOutDil": 47666667, "link": "https://www.sec.gov/Archives/edgar/data/38725/000003872517000089/0000038725-17-000089-index.htm", "finalLink": "https://www.sec.gov/Archives/edgar/data/38725/000003872517000089/a2017q1form10-q.htm"}, {"date": "2016-12-31", "symbol": "FELE", "reportedCurrency": "USD", "cik": "0000038725", "fillingDate": "2017-03-01", "acceptedDate": "2017-03-01 12:52:11", "calendarYear": "2016", "period": "Q4", "revenue": 239590000, "costOfRevenue": 158567000, "grossProfit": 81023000, "grossProfitRatio": 0.3381735465, "researchAndDevelopmentExpenses": 21500000, "generalAndAdministrativeExpenses": 0, "sellingAndMarketingExpenses": 0, "sellingGeneralAndAdministrativeExpenses": 55537000, "otherExpenses": -1794000, "operatingExpenses": 55537000, "costAndExpenses": 214104000, "interestIncome": 0, "interestExpense": 2101000, "depreciationAndAmortization": 8782000, "ebitda": 36968000, "ebitdaratio": 0.1542969239, "operatingIncome": 25234000, "operatingIncomeRatio": 0.1053215911, "totalOtherIncomeExpensesNet": -3475000, "incomeBeforeTax": 21759000, "incomeBeforeTaxRatio": 0.0908176468, "incomeTaxExpense": 3958000, "netIncome": 17342000, "netIncomeRatio": 0.0723819859, "eps": 0.37, "epsdiluted": 0.37, "weightedAverageShsOut": 47071021, "weightedAverageShsOutDil": 47681081, "link": "https://www.sec.gov/Archives/edgar/data/38725/000003872517000042/0000038725-17-000042-index.htm", "finalLink": "https://www.sec.gov/Archives/edgar/data/38725/000003872517000042/a2016123110-k.htm"}, {"date": "2016-10-01", "symbol": "FELE", "reportedCurrency": "USD", "cik": "0000038725", "fillingDate": "2016-11-01", "acceptedDate": "2016-11-01 11:36:50", "calendarYear": "2016", "period": "Q3", "revenue": 239755000, "costOfRevenue": 154286000, "grossProfit": 85469000, "grossProfitRatio": 0.3564847448, "researchAndDevelopmentExpenses": 0, "generalAndAdministrativeExpenses": 0, "sellingAndMarketingExpenses": 0, "sellingGeneralAndAdministrativeExpenses": 55373000, "otherExpenses": 0, "operatingExpenses": 55373000, "costAndExpenses": 209659000, "interestIncome": 0, "interestExpense": 1983000, "depreciationAndAmortization": 9119000, "ebitda": 37715000, "ebitdaratio": 0.157306417, "operatingIncome": 31811000, "operatingIncomeRatio": 0.1326812788, "totalOtherIncomeExpensesNet": -138000, "incomeBeforeTax": 31673000, "incomeBeforeTaxRatio": 0.1321056912, "incomeTaxExpense": 7926000, "netIncome": 23364000, "netIncomeRatio": 0.0974494797, "eps": 0.51, "epsdiluted": 0.5, "weightedAverageShsOut": 46400000, "weightedAverageShsOutDil": 46900000, "link": "https://www.sec.gov/Archives/edgar/data/38725/000003872516000438/0000038725-16-000438-index.htm", "finalLink": "https://www.sec.gov/Archives/edgar/data/38725/000003872516000438/a2016q3form10-q.htm"}, {"date": "2016-07-02", "symbol": "FELE", "reportedCurrency": "USD", "cik": "0000038725", "fillingDate": "2016-08-02", "acceptedDate": "2016-08-02 10:02:31", "calendarYear": "2016", "period": "Q2", "revenue": 252081000, "costOfRevenue": 161403000, "grossProfit": 90678000, "grossProfitRatio": 0.3597177098, "researchAndDevelopmentExpenses": 0, "generalAndAdministrativeExpenses": 0, "sellingAndMarketingExpenses": 0, "sellingGeneralAndAdministrativeExpenses": 57954000, "otherExpenses": 0, "operatingExpenses": 57954000, "costAndExpenses": 219357000, "interestIncome": 0, "interestExpense": 2221000, "depreciationAndAmortization": 8881000, "ebitda": 41305000, "ebitdaratio": 0.1638560621, "operatingIncome": 32679000, "operatingIncomeRatio": 0.1296369024, "totalOtherIncomeExpensesNet": -533000, "incomeBeforeTax": 32146000, "incomeBeforeTaxRatio": 0.1275225027, "incomeTaxExpense": 7959000, "netIncome": 23482000, "netIncomeRatio": 0.0931525978, "eps": 0.51, "epsdiluted": 0.5, "weightedAverageShsOut": 46964000, "weightedAverageShsOutDil": 47023529, "link": "https://www.sec.gov/Archives/edgar/data/38725/000003872516000385/0000038725-16-000385-index.htm", "finalLink": "https://www.sec.gov/Archives/edgar/data/38725/000003872516000385/a2016q2form10-q.htm"}, {"date": "2016-04-02", "symbol": "FELE", "reportedCurrency": "USD", "cik": "0000038725", "fillingDate": "2016-05-10", "acceptedDate": "2016-05-10 13:27:23", "calendarYear": "2016", "period": "Q1", "revenue": 218430000, "costOfRevenue": 144194000, "grossProfit": 74236000, "grossProfitRatio": 0.3398617406, "researchAndDevelopmentExpenses": 0, "generalAndAdministrativeExpenses": 0, "sellingAndMarketingExpenses": 0, "sellingGeneralAndAdministrativeExpenses": 52345000, "otherExpenses": -32000, "operatingExpenses": 52345000, "costAndExpenses": 196539000, "interestIncome": 0, "interestExpense": 2427000, "depreciationAndAmortization": 8752000, "ebitda": 29843000, "ebitdaratio": 0.1366250057, "operatingIncome": 21071000, "operatingIncomeRatio": 0.0964656869, "totalOtherIncomeExpensesNet": -2536000, "incomeBeforeTax": 18535000, "incomeBeforeTaxRatio": 0.0848555601, "incomeTaxExpense": 4955000, "netIncome": 12857000, "netIncomeRatio": 0.0588609623, "eps": 0.28, "epsdiluted": 0.28, "weightedAverageShsOut": 46100117, "weightedAverageShsOutDil": 48060714, "link": "https://www.sec.gov/Archives/edgar/data/38725/000003872516000333/0000038725-16-000333-index.htm", "finalLink": "https://www.sec.gov/Archives/edgar/data/38725/000003872516000333/a2016q1form10-q.htm"}, {"date": "2016-01-02", "symbol": "FELE", "reportedCurrency": "USD", "cik": "0000038725", "fillingDate": "2016-03-02", "acceptedDate": "2016-03-02 13:17:16", "calendarYear": "2015", "period": "Q4", "revenue": 219283000, "costOfRevenue": 150165000, "grossProfit": 69118000, "grossProfitRatio": 0.3151999927, "researchAndDevelopmentExpenses": 18400000, "generalAndAdministrativeExpenses": 0, "sellingAndMarketingExpenses": 0, "sellingGeneralAndAdministrativeExpenses": 45090000, "otherExpenses": 838000, "operatingExpenses": 45090000, "costAndExpenses": 195255000, "interestIncome": 0, "interestExpense": 2322000, "depreciationAndAmortization": 8672000, "ebitda": 31000000, "ebitdaratio": 0.141369828, "operatingIncome": 23556000, "operatingIncomeRatio": 0.107422828, "totalOtherIncomeExpensesNet": -2314000, "incomeBeforeTax": 21242000, "incomeBeforeTaxRatio": 0.0968702544, "incomeTaxExpense": 4991000, "netIncome": 15561000, "netIncomeRatio": 0.0709630934, "eps": 0.34, "epsdiluted": 0.33, "weightedAverageShsOut": 46962568, "weightedAverageShsOutDil": 47532353, "link": "https://www.sec.gov/Archives/edgar/data/38725/000003872516000276/0000038725-16-000276-index.htm", "finalLink": "https://www.sec.gov/Archives/edgar/data/38725/000003872516000276/a2016010210-k.htm"}, {"date": "2015-10-03", "symbol": "FELE", "reportedCurrency": "USD", "cik": "0000038725", "fillingDate": "2015-11-03", "acceptedDate": "2015-11-03 14:03:00", "calendarYear": "2015", "period": "Q3", "revenue": 232485000, "costOfRevenue": 155693000, "grossProfit": 76792000, "grossProfitRatio": 0.3303094823, "researchAndDevelopmentExpenses": 0, "generalAndAdministrativeExpenses": 0, "sellingAndMarketingExpenses": 0, "sellingGeneralAndAdministrativeExpenses": 47722000, "otherExpenses": 0, "operatingExpenses": 47722000, "costAndExpenses": 203415000, "interestIncome": 0, "interestExpense": 2604000, "depreciationAndAmortization": 8760000, "ebitda": 38730000, "ebitdaratio": 0.166591393, "operatingIncome": 27766000, "operatingIncomeRatio": 0.1194313612, "totalOtherIncomeExpensesNet": -1084000, "incomeBeforeTax": 26682000, "incomeBeforeTaxRatio": 0.1147686948, "incomeTaxExpense": 5656000, "netIncome": 20425000, "netIncomeRatio": 0.0878551304, "eps": 0.44, "epsdiluted": 0.43, "weightedAverageShsOut": 47329545, "weightedAverageShsOutDil": 47329545, "link": "https://www.sec.gov/Archives/edgar/data/38725/000003872515000195/0000038725-15-000195-index.htm", "finalLink": "https://www.sec.gov/Archives/edgar/data/38725/000003872515000195/a2015q3form10-q.htm"}, {"date": "2015-07-04", "symbol": "FELE", "reportedCurrency": "USD", "cik": "0000038725", "fillingDate": "2015-08-04", "acceptedDate": "2015-08-04 15:20:01", "calendarYear": "2015", "period": "Q2", "revenue": 247427000, "costOfRevenue": 167219000, "grossProfit": 80208000, "grossProfitRatio": 0.3241683406, "researchAndDevelopmentExpenses": 0, "generalAndAdministrativeExpenses": 0, "sellingAndMarketingExpenses": 0, "sellingGeneralAndAdministrativeExpenses": 56278000, "otherExpenses": 0, "operatingExpenses": 56278000, "costAndExpenses": 223497000, "interestIncome": 0, "interestExpense": 2405000, "depreciationAndAmortization": 9204000, "ebitda": 34034000, "ebitdaratio": 0.1375516819, "operatingIncome": 23172000, "operatingIncomeRatio": 0.093651865, "totalOtherIncomeExpensesNet": -1374000, "incomeBeforeTax": 21798000, "incomeBeforeTaxRatio": 0.0880987119, "incomeTaxExpense": 5360000, "netIncome": 15964000, "netIncomeRatio": 0.0645200403, "eps": 0.33, "epsdiluted": 0.33, "weightedAverageShsOut": 48375757, "weightedAverageShsOutDil": 48981818, "link": "https://www.sec.gov/Archives/edgar/data/38725/000003872515000161/0000038725-15-000161-index.htm", "finalLink": "https://www.sec.gov/Archives/edgar/data/38725/000003872515000161/a2015q2form10-q.htm"}, {"date": "2015-04-04", "symbol": "FELE", "reportedCurrency": "USD", "cik": "0000038725", "fillingDate": "2015-05-06", "acceptedDate": "2015-05-06 11:06:35", "calendarYear": "2015", "period": "Q1", "revenue": 225728000, "costOfRevenue": 154238000, "grossProfit": 71490000, "grossProfitRatio": 0.316708605, "researchAndDevelopmentExpenses": 0, "generalAndAdministrativeExpenses": 0, "sellingAndMarketingExpenses": 0, "sellingGeneralAndAdministrativeExpenses": 55160000, "otherExpenses": 0, "operatingExpenses": 55160000, "costAndExpenses": 209398000, "interestIncome": 0, "interestExpense": 2708000, "depreciationAndAmortization": 8840000, "ebitda": 25270000, "ebitdaratio": 0.1119488942, "operatingIncome": 15867000, "operatingIncomeRatio": 0.0702925645, "totalOtherIncomeExpensesNet": 727000, "incomeBeforeTax": 16594000, "incomeBeforeTaxRatio": 0.0735132549, "incomeTaxExpense": -3382000, "netIncome": 19495000, "netIncomeRatio": 0.0863650057, "eps": 0.41, "epsdiluted": 0.41, "weightedAverageShsOut": 47600095, "weightedAverageShsOutDil": 48280488, "link": "https://www.sec.gov/Archives/edgar/data/38725/000003872515000090/0000038725-15-000090-index.htm", "finalLink": "https://www.sec.gov/Archives/edgar/data/38725/000003872515000090/a2015q1form10-q.htm"}, {"date": "2015-01-03", "symbol": "FELE", "reportedCurrency": "USD", "cik": "0000038725", "fillingDate": "2015-03-04", "acceptedDate": "2015-03-04 13:29:11", "calendarYear": "2014", "period": "Q4", "revenue": 253837000, "costOfRevenue": 176083000, "grossProfit": 77754000, "grossProfitRatio": 0.3063146823, "researchAndDevelopmentExpenses": 19300000, "generalAndAdministrativeExpenses": 0, "sellingAndMarketingExpenses": 0, "sellingGeneralAndAdministrativeExpenses": 60090000, "otherExpenses": -202000, "operatingExpenses": 60090000, "costAndExpenses": 236173000, "interestIncome": 0, "interestExpense": 2697000, "depreciationAndAmortization": 9419000, "ebitda": 26983000, "ebitdaratio": 0.1063004999, "operatingIncome": 2570000, "operatingIncomeRatio": 0.0101246075, "totalOtherIncomeExpensesNet": -3296000, "incomeBeforeTax": -726000, "incomeBeforeTaxRatio": -0.0028601031, "incomeTaxExpense": -3894000, "netIncome": 2802000, "netIncomeRatio": 0.0110385799, "eps": 0.06, "epsdiluted": 0.06, "weightedAverageShsOut": 51700000, "weightedAverageShsOutDil": 51700000, "link": "https://www.sec.gov/Archives/edgar/data/38725/000003872515000043/0000038725-15-000043-index.htm", "finalLink": "https://www.sec.gov/Archives/edgar/data/38725/000003872515000043/a2015010310-k.htm"}, {"date": "2014-09-27", "symbol": "FELE", "reportedCurrency": "USD", "cik": "0000038725", "fillingDate": "2014-11-06", "acceptedDate": "2014-11-06 09:50:49", "calendarYear": "2014", "period": "Q3", "revenue": 278053000, "costOfRevenue": 188902000, "grossProfit": 89151000, "grossProfitRatio": 0.3206259238, "researchAndDevelopmentExpenses": 0, "generalAndAdministrativeExpenses": 0, "sellingAndMarketingExpenses": 0, "sellingGeneralAndAdministrativeExpenses": 55635000, "otherExpenses": 355000, "operatingExpenses": 55635000, "costAndExpenses": 244537000, "interestIncome": 0, "interestExpense": 2744000, "depreciationAndAmortization": 9618000, "ebitda": 45034000, "ebitdaratio": 0.1619619281, "operatingIncome": 32430000, "operatingIncomeRatio": 0.1166324406, "totalOtherIncomeExpensesNet": -2899000, "incomeBeforeTax": 29531000, "incomeBeforeTaxRatio": 0.1062063707, "incomeTaxExpense": 6726000, "netIncome": 22073000, "netIncomeRatio": 0.0793841462, "eps": 0.46, "epsdiluted": 0.46, "weightedAverageShsOut": 47984782, "weightedAverageShsOutDil": 49289130, "link": "https://www.sec.gov/Archives/edgar/data/38725/000003872514000200/0000038725-14-000200-index.htm", "finalLink": "https://www.sec.gov/Archives/edgar/data/38725/000003872514000200/a2014q3form10-q.htm"}, {"date": "2014-06-28", "symbol": "FELE", "reportedCurrency": "USD", "cik": "0000038725", "fillingDate": "2014-08-07", "acceptedDate": "2014-08-07 11:37:52", "calendarYear": "2014", "period": "Q2", "revenue": 284466000, "costOfRevenue": 185072000, "grossProfit": 99394000, "grossProfitRatio": 0.3494055529, "researchAndDevelopmentExpenses": 0, "generalAndAdministrativeExpenses": 0, "sellingAndMarketingExpenses": 0, "sellingGeneralAndAdministrativeExpenses": 59971000, "otherExpenses": 0, "operatingExpenses": 59971000, "costAndExpenses": 245043000, "interestIncome": 0, "interestExpense": 2510000, "depreciationAndAmortization": 9326000, "ebitda": 48849000, "ebitdaratio": 0.1717217523, "operatingIncome": 39128000, "operatingIncomeRatio": 0.1375489514, "totalOtherIncomeExpensesNet": -1311000, "incomeBeforeTax": 37817000, "incomeBeforeTaxRatio": 0.1329403162, "incomeTaxExpense": 10359000, "netIncome": 26574000, "netIncomeRatio": 0.0934171395, "eps": 0.56, "epsdiluted": 0.55, "weightedAverageShsOut": 48316363, "weightedAverageShsOutDil": 48346429, "link": "https://www.sec.gov/Archives/edgar/data/38725/000003872514000166/0000038725-14-000166-index.htm", "finalLink": "https://www.sec.gov/Archives/edgar/data/38725/000003872514000166/a2014q2form10-q.htm"}, {"date": "2014-03-29", "symbol": "FELE", "reportedCurrency": "USD", "cik": "0000038725", "fillingDate": "2014-05-08", "acceptedDate": "2014-05-08 10:52:46", "calendarYear": "2014", "period": "Q1", "revenue": 231421000, "costOfRevenue": 153310000, "grossProfit": 78111000, "grossProfitRatio": 0.3375277092, "researchAndDevelopmentExpenses": 0, "generalAndAdministrativeExpenses": 0, "sellingAndMarketingExpenses": 0, "sellingGeneralAndAdministrativeExpenses": 52015000, "otherExpenses": 325000, "operatingExpenses": 52015000, "costAndExpenses": 205325000, "interestIncome": 0, "interestExpense": 2784000, "depreciationAndAmortization": 8847000, "ebitda": 35243000, "ebitdaratio": 0.1522895502, "operatingIncome": 25960000, "operatingIncomeRatio": 0.1121765095, "totalOtherIncomeExpensesNet": -2879000, "incomeBeforeTax": 23081000, "incomeBeforeTaxRatio": 0.099735979, "incomeTaxExpense": 5660000, "netIncome": 16657000, "netIncomeRatio": 0.0719770462, "eps": 0.35, "epsdiluted": 0.35, "weightedAverageShsOut": 47700048, "weightedAverageShsOutDil": 48448571, "link": "https://www.sec.gov/Archives/edgar/data/38725/000003872514000108/0000038725-14-000108-index.htm", "finalLink": "https://www.sec.gov/Archives/edgar/data/38725/000003872514000108/a2014q1form10-q.htm"}, {"date": "2013-12-28", "symbol": "FELE", "reportedCurrency": "USD", "cik": "0000038725", "fillingDate": "2014-02-26", "acceptedDate": "2014-02-26 13:59:18", "calendarYear": "2013", "period": "Q4", "revenue": 229651000, "costOfRevenue": 153640000, "grossProfit": 76011000, "grossProfitRatio": 0.3309848422, "researchAndDevelopmentExpenses": 16800000, "generalAndAdministrativeExpenses": 0, "sellingAndMarketingExpenses": 0, "sellingGeneralAndAdministrativeExpenses": 52346000, "otherExpenses": 589000, "operatingExpenses": 52346000, "costAndExpenses": 205986000, "interestIncome": 0, "interestExpense": 2786000, "depreciationAndAmortization": 8550000, "ebitda": 32015000, "ebitdaratio": 0.1394071874, "operatingIncome": 22181000, "operatingIncomeRatio": 0.0965856887, "totalOtherIncomeExpensesNet": -4350000, "incomeBeforeTax": 17831000, "incomeBeforeTaxRatio": 0.0776439031, "incomeTaxExpense": 4484000, "netIncome": 13006000, "netIncomeRatio": 0.0566337617, "eps": 0.27, "epsdiluted": 0.27, "weightedAverageShsOut": 49281481, "weightedAverageShsOutDil": 49281481, "link": "https://www.sec.gov/Archives/edgar/data/38725/000003872514000042/0000038725-14-000042-index.htm", "finalLink": "https://www.sec.gov/Archives/edgar/data/38725/000003872514000042/a2013122810-k.htm"}, {"date": "2013-09-28", "symbol": "FELE", "reportedCurrency": "USD", "cik": "0000038725", "fillingDate": "2013-11-07", "acceptedDate": "2013-11-07 08:00:09", "calendarYear": "2013", "period": "Q3", "revenue": 249844000, "costOfRevenue": 162873000, "grossProfit": 86971000, "grossProfitRatio": 0.3481012152, "researchAndDevelopmentExpenses": 0, "generalAndAdministrativeExpenses": 0, "sellingAndMarketingExpenses": 0, "sellingGeneralAndAdministrativeExpenses": 48415000, "otherExpenses": 296000, "operatingExpenses": 48415000, "costAndExpenses": 211288000, "interestIncome": 0, "interestExpense": 2665000, "depreciationAndAmortization": 7929000, "ebitda": 46485000, "ebitdaratio": 0.186056099, "operatingIncome": 37728000, "operatingIncomeRatio": 0.1510062279, "totalOtherIncomeExpensesNet": -2835000, "incomeBeforeTax": 34893000, "incomeBeforeTaxRatio": 0.1396591473, "incomeTaxExpense": 9596000, "netIncome": 24761000, "netIncomeRatio": 0.099105842, "eps": 0.52, "epsdiluted": 0.51, "weightedAverageShsOut": 48194231, "weightedAverageShsOutDil": 48200000, "link": "https://www.sec.gov/Archives/edgar/data/38725/000003872513000228/0000038725-13-000228-index.htm", "finalLink": "https://www.sec.gov/Archives/edgar/data/38725/000003872513000228/a2013092810-q.htm"}, {"date": "2013-06-29", "symbol": "FELE", "reportedCurrency": "USD", "cik": "0000038725", "fillingDate": "2013-08-08", "acceptedDate": "2013-08-08 11:57:55", "calendarYear": "2013", "period": "Q2", "revenue": 263443000, "costOfRevenue": 168852000, "grossProfit": 94591000, "grossProfitRatio": 0.3590567979, "researchAndDevelopmentExpenses": 0, "generalAndAdministrativeExpenses": 0, "sellingAndMarketingExpenses": 0, "sellingGeneralAndAdministrativeExpenses": 53188000, "otherExpenses": 364000, "operatingExpenses": 53188000, "costAndExpenses": 222040000, "interestIncome": 0, "interestExpense": 2556000, "depreciationAndAmortization": 7510000, "ebitda": 48039000, "ebitdaratio": 0.1823506413, "operatingIncome": 40706000, "operatingIncomeRatio": 0.154515398, "totalOtherIncomeExpensesNet": -2733000, "incomeBeforeTax": 37973000, "incomeBeforeTaxRatio": 0.1441412374, "incomeTaxExpense": 9534000, "netIncome": 27835000, "netIncomeRatio": 0.1056585295, "eps": 0.59, "epsdiluted": 0.58, "weightedAverageShsOut": 47686441, "weightedAverageShsOutDil": 48100000, "link": "https://www.sec.gov/Archives/edgar/data/38725/000003872513000183/0000038725-13-000183-index.htm", "finalLink": "https://www.sec.gov/Archives/edgar/data/38725/000003872513000183/a2013062910-q.htm"}, {"date": "2013-03-30", "symbol": "FELE", "reportedCurrency": "USD", "cik": "0000038725", "fillingDate": "2013-05-09", "acceptedDate": "2013-05-09 13:24:39", "calendarYear": "2013", "period": "Q1", "revenue": 222524000, "costOfRevenue": 148583000, "grossProfit": 73941000, "grossProfitRatio": 0.3322832593, "researchAndDevelopmentExpenses": 0, "generalAndAdministrativeExpenses": 0, "sellingAndMarketingExpenses": 0, "sellingGeneralAndAdministrativeExpenses": 50065000, "otherExpenses": 447000, "operatingExpenses": 50065000, "costAndExpenses": 198648000, "interestIncome": 0, "interestExpense": 2590000, "depreciationAndAmortization": 7367000, "ebitda": 30809000, "ebitdaratio": 0.1384524815, "operatingIncome": 23166000, "operatingIncomeRatio": 0.1041056246, "totalOtherIncomeExpensesNet": -2314000, "incomeBeforeTax": 20852000, "incomeBeforeTaxRatio": 0.0937067462, "incomeTaxExpense": 5237000, "netIncome": 15256000, "netIncomeRatio": 0.068558897, "eps": 0.32, "epsdiluted": 0.32, "weightedAverageShsOut": 47675000, "weightedAverageShsOutDil": 48300000, "link": "https://www.sec.gov/Archives/edgar/data/38725/000003872513000125/0000038725-13-000125-index.htm", "finalLink": "https://www.sec.gov/Archives/edgar/data/38725/000003872513000125/a2013033010-q.htm"}, {"date": "2012-12-29", "symbol": "FELE", "reportedCurrency": "USD", "cik": "0000038725", "fillingDate": "2013-02-27", "acceptedDate": "2013-02-27 15:12:22", "calendarYear": "2012", "period": "Q4", "revenue": 205168000, "costOfRevenue": 136695000, "grossProfit": 68473000, "grossProfitRatio": 0.3337411292, "researchAndDevelopmentExpenses": 9900000, "generalAndAdministrativeExpenses": 0, "sellingAndMarketingExpenses": 0, "sellingGeneralAndAdministrativeExpenses": 47369000, "otherExpenses": 485000, "operatingExpenses": 47369000, "costAndExpenses": 184064000, "interestIncome": 0, "interestExpense": 2891000, "depreciationAndAmortization": 8857000, "ebitda": 30188000, "ebitdaratio": 0.1471379552, "operatingIncome": 20957000, "operatingIncomeRatio": 0.1021455588, "totalOtherIncomeExpensesNet": -2517000, "incomeBeforeTax": 18440000, "incomeBeforeTaxRatio": 0.0898775638, "incomeTaxExpense": 5111000, "netIncome": 13145000, "netIncomeRatio": 0.0640694455, "eps": 0.28, "epsdiluted": 0.28, "weightedAverageShsOut": 47800000, "weightedAverageShsOutDil": 48000000, "link": "https://www.sec.gov/Archives/edgar/data/38725/000003872513000044/0000038725-13-000044-index.htm", "finalLink": "https://www.sec.gov/Archives/edgar/data/38725/000003872513000044/a2012122910-k.htm"}, {"date": "2012-09-29", "symbol": "FELE", "reportedCurrency": "USD", "cik": "0000038725", "fillingDate": "2012-11-08", "acceptedDate": "2012-11-08 13:19:31", "calendarYear": "2012", "period": "Q3", "revenue": 237557000, "costOfRevenue": 154976000, "grossProfit": 82581000, "grossProfitRatio": 0.3476260434, "researchAndDevelopmentExpenses": 0, "generalAndAdministrativeExpenses": 0, "sellingAndMarketingExpenses": 0, "sellingGeneralAndAdministrativeExpenses": 49001000, "otherExpenses": 430000, "operatingExpenses": 49001000, "costAndExpenses": 203977000, "interestIncome": 0, "interestExpense": 2367000, "depreciationAndAmortization": 6593000, "ebitda": 39619000, "ebitdaratio": 0.1667768157, "operatingIncome": 33492000, "operatingIncomeRatio": 0.1409851109, "totalOtherIncomeExpensesNet": -2833000, "incomeBeforeTax": 30659000, "incomeBeforeTaxRatio": 0.129059552, "incomeTaxExpense": 8653000, "netIncome": 21866000, "netIncomeRatio": 0.0920452776, "eps": 0.47, "epsdiluted": 0.46, "weightedAverageShsOut": 47023656, "weightedAverageShsOutDil": 47800000, "link": "https://www.sec.gov/Archives/edgar/data/38725/000003872512000158/0000038725-12-000158-index.htm", "finalLink": "https://www.sec.gov/Archives/edgar/data/38725/000003872512000158/a201292910-q.htm"}, {"date": "2012-06-30", "symbol": "FELE", "reportedCurrency": "USD", "cik": "0000038725", "fillingDate": "2012-08-08", "acceptedDate": "2012-08-08 15:16:39", "calendarYear": "2012", "period": "Q2", "revenue": 246696000, "costOfRevenue": 162358000, "grossProfit": 84338000, "grossProfitRatio": 0.341870156, "researchAndDevelopmentExpenses": 0, "generalAndAdministrativeExpenses": 0, "sellingAndMarketingExpenses": 0, "sellingGeneralAndAdministrativeExpenses": 46769000, "otherExpenses": 452000, "operatingExpenses": 46769000, "costAndExpenses": 209127000, "interestIncome": 0, "interestExpense": 2362000, "depreciationAndAmortization": 6727000, "ebitda": 44332000, "ebitdaratio": 0.1797029542, "operatingIncome": 37510000, "operatingIncomeRatio": 0.152049486, "totalOtherIncomeExpensesNet": -2267000, "incomeBeforeTax": 35243000, "incomeBeforeTaxRatio": 0.1428600383, "incomeTaxExpense": 10001000, "netIncome": 24807000, "netIncomeRatio": 0.1005569608, "eps": 0.53, "epsdiluted": 0.52, "weightedAverageShsOut": 46805660, "weightedAverageShsOutDil": 47800000, "link": "https://www.sec.gov/Archives/edgar/data/38725/000003872512000130/0000038725-12-000130-index.htm", "finalLink": "https://www.sec.gov/Archives/edgar/data/38725/000003872512000130/a201263010-q.htm"}, {"date": "2012-03-31", "symbol": "FELE", "reportedCurrency": "USD", "cik": "0000038725", "fillingDate": "2012-05-10", "acceptedDate": "2012-05-10 12:36:03", "calendarYear": "2012", "period": "Q1", "revenue": 201924000, "costOfRevenue": 135652000, "grossProfit": 66272000, "grossProfitRatio": 0.3282026901, "researchAndDevelopmentExpenses": 0, "generalAndAdministrativeExpenses": 0, "sellingAndMarketingExpenses": 0, "sellingGeneralAndAdministrativeExpenses": 45347000, "otherExpenses": 0, "operatingExpenses": 45347000, "costAndExpenses": 180999000, "interestIncome": 0, "interestExpense": 2588000, "depreciationAndAmortization": 6158000, "ebitda": 40392000, "ebitdaratio": 0.200035657, "operatingIncome": 20998000, "operatingIncomeRatio": 0.1039896199, "totalOtherIncomeExpensesNet": 10648000, "incomeBeforeTax": 31646000, "incomeBeforeTaxRatio": 0.1567223312, "incomeTaxExpense": 8485000, "netIncome": 23046000, "netIncomeRatio": 0.1141320497, "eps": 0.5, "epsdiluted": 0.48, "weightedAverageShsOut": 46557576, "weightedAverageShsOutDil": 47800000, "link": "https://www.sec.gov/Archives/edgar/data/38725/000003872512000092/0000038725-12-000092-index.htm", "finalLink": "https://www.sec.gov/Archives/edgar/data/38725/000003872512000092/a201233110-q.htm"}, {"date": "2011-12-31", "symbol": "FELE", "reportedCurrency": "USD", "cik": "0000038725", "fillingDate": "2012-02-29", "acceptedDate": "2012-02-29 13:43:23", "calendarYear": "2011", "period": "Q4", "revenue": 187236000, "costOfRevenue": 126391000, "grossProfit": 60845000, "grossProfitRatio": 0.3249642163, "researchAndDevelopmentExpenses": 0, "generalAndAdministrativeExpenses": 0, "sellingAndMarketingExpenses": 0, "sellingGeneralAndAdministrativeExpenses": 44405000, "otherExpenses": 0, "operatingExpenses": 44405000, "costAndExpenses": 170796000, "interestIncome": 0, "interestExpense": 2973000, "depreciationAndAmortization": 6018000, "ebitda": 22458000, "ebitdaratio": 0.1199448824, "operatingIncome": 16326000, "operatingIncomeRatio": 0.0871947702, "totalOtherIncomeExpensesNet": -933000, "incomeBeforeTax": 15393000, "incomeBeforeTaxRatio": 0.0822117541, "incomeTaxExpense": 3881000, "netIncome": 11545000, "netIncomeRatio": 0.0616601508, "eps": 0.25, "epsdiluted": 0.24, "weightedAverageShsOut": 46567528, "weightedAverageShsOutDil": 47621887, "link": "https://www.sec.gov/Archives/edgar/data/38725/000003872512000025/0000038725-12-000025-index.htm", "finalLink": "https://www.sec.gov/Archives/edgar/data/38725/000003872512000025/a2011123110-k.htm"}, {"date": "2011-10-01", "symbol": "FELE", "reportedCurrency": "USD", "cik": "0000038725", "fillingDate": "2011-11-08", "acceptedDate": "2011-11-08 15:14:17", "calendarYear": "2011", "period": "Q3", "revenue": 224391000, "costOfRevenue": 150674000, "grossProfit": 73717000, "grossProfitRatio": 0.3285203061, "researchAndDevelopmentExpenses": 0, "generalAndAdministrativeExpenses": 0, "sellingAndMarketingExpenses": 0, "sellingGeneralAndAdministrativeExpenses": 44840000, "otherExpenses": 0, "operatingExpenses": 44840000, "costAndExpenses": 195514000, "interestIncome": 0, "interestExpense": 2917000, "depreciationAndAmortization": 6548000, "ebitda": 35860000, "ebitdaratio": 0.1598103311, "operatingIncome": 28324000, "operatingIncomeRatio": 0.1262260964, "totalOtherIncomeExpensesNet": -1929000, "incomeBeforeTax": 26395000, "incomeBeforeTaxRatio": 0.1176294949, "incomeTaxExpense": 7098000, "netIncome": 19220000, "netIncomeRatio": 0.0856540592, "eps": 0.41, "epsdiluted": 0.4, "weightedAverageShsOut": 46384000, "weightedAverageShsOutDil": 47326000, "link": "https://www.sec.gov/Archives/edgar/data/38725/000003872511000107/0000038725-11-000107-index.htm", "finalLink": "https://www.sec.gov/Archives/edgar/data/38725/000003872511000107/a201110110q.htm"}, {"date": "2011-07-02", "symbol": "FELE", "reportedCurrency": "USD", "cik": "0000038725", "fillingDate": "2011-08-09", "acceptedDate": "2011-08-09 16:42:06", "calendarYear": "2011", "period": "Q2", "revenue": 224119000, "costOfRevenue": 146904000, "grossProfit": 77215000, "grossProfitRatio": 0.3445267916, "researchAndDevelopmentExpenses": 0, "generalAndAdministrativeExpenses": 0, "sellingAndMarketingExpenses": 0, "sellingGeneralAndAdministrativeExpenses": 43931000, "otherExpenses": 0, "operatingExpenses": 43931000, "costAndExpenses": 190835000, "interestIncome": 0, "interestExpense": 2406000, "depreciationAndAmortization": 6889000, "ebitda": 39683000, "ebitdaratio": 0.1770621857, "operatingIncome": 32783000, "operatingIncomeRatio": 0.14627497, "totalOtherIncomeExpensesNet": -2395000, "incomeBeforeTax": 30388000, "incomeBeforeTaxRatio": 0.1355886828, "incomeTaxExpense": 8381000, "netIncome": 21650000, "netIncomeRatio": 0.0966004667, "eps": 0.46, "epsdiluted": 0.46, "weightedAverageShsOut": 46444000, "weightedAverageShsOutDil": 47434000, "link": "https://www.sec.gov/Archives/edgar/data/38725/000003872511000084/0000038725-11-000084-index.htm", "finalLink": "https://www.sec.gov/Archives/edgar/data/38725/000003872511000084/a20117210q.htm"}, {"date": "2011-04-02", "symbol": "FELE", "reportedCurrency": "USD", "cik": "0000038725", "fillingDate": "2011-05-12", "acceptedDate": "2011-05-12 14:25:56", "calendarYear": "2011", "period": "Q1", "revenue": 185331000, "costOfRevenue": 124800000, "grossProfit": 60531000, "grossProfitRatio": 0.3266102271, "researchAndDevelopmentExpenses": 0, "generalAndAdministrativeExpenses": 0, "sellingAndMarketingExpenses": 0, "sellingGeneralAndAdministrativeExpenses": 44150000, "otherExpenses": 0, "operatingExpenses": 44150000, "costAndExpenses": 168950000, "interestIncome": 0, "interestExpense": 2206000, "depreciationAndAmortization": 5840000, "ebitda": 23001000, "ebitdaratio": 0.1241076776, "operatingIncome": 15963000, "operatingIncomeRatio": 0.0861323794, "totalOtherIncomeExpensesNet": -1008000, "incomeBeforeTax": 14955000, "incomeBeforeTaxRatio": 0.080693462, "incomeTaxExpense": 4053000, "netIncome": 10679000, "netIncomeRatio": 0.057621229, "eps": 0.23, "epsdiluted": 0.23, "weightedAverageShsOut": 46528000, "weightedAverageShsOutDil": 47488000, "link": "https://www.sec.gov/Archives/edgar/data/38725/000003872511000062/0000038725-11-000062-index.htm", "finalLink": "https://www.sec.gov/Archives/edgar/data/38725/000003872511000062/firstquarterform10q.htm"}, {"date": "2011-01-01", "symbol": "FELE", "reportedCurrency": "USD", "cik": "0000038725", "fillingDate": "2011-03-02", "acceptedDate": "2011-03-02 16:54:49", "calendarYear": "2010", "period": "Q4", "revenue": 174972000, "costOfRevenue": 118849000, "grossProfit": 56123000, "grossProfitRatio": 0.3207541778, "researchAndDevelopmentExpenses": 0, "generalAndAdministrativeExpenses": 0, "sellingAndMarketingExpenses": 0, "sellingGeneralAndAdministrativeExpenses": 42265000, "otherExpenses": 0, "operatingExpenses": 42265000, "costAndExpenses": 161114000, "interestIncome": 0, "interestExpense": 2947000, "depreciationAndAmortization": 5402000, "ebitda": 19260000, "ebitdaratio": 0.1100747548, "operatingIncome": 13867000, "operatingIncomeRatio": 0.0792526804, "totalOtherIncomeExpensesNet": -1013000, "incomeBeforeTax": 12854000, "incomeBeforeTaxRatio": 0.0734631827, "incomeTaxExpense": 4133000, "netIncome": 8510000, "netIncomeRatio": 0.0486363532, "eps": 0.18, "epsdiluted": 0.18, "weightedAverageShsOut": 46346000, "weightedAverageShsOutDil": 47034000, "link": "https://www.sec.gov/Archives/edgar/data/38725/000003872511000017/0000038725-11-000017-index.htm", "finalLink": "https://www.sec.gov/Archives/edgar/data/38725/000003872511000017/fourthquarter10k.htm"}, {"date": "2010-10-02", "symbol": "FELE", "reportedCurrency": "USD", "cik": "0000038725", "fillingDate": "2010-11-08", "acceptedDate": "2010-11-08 16:56:51", "calendarYear": "2010", "period": "Q3", "revenue": 188409000, "costOfRevenue": 129138000, "grossProfit": 59271000, "grossProfitRatio": 0.3145868828, "researchAndDevelopmentExpenses": 0, "generalAndAdministrativeExpenses": 0, "sellingAndMarketingExpenses": 0, "sellingGeneralAndAdministrativeExpenses": 39596000, "otherExpenses": 0, "operatingExpenses": 39596000, "costAndExpenses": 168734000, "interestIncome": 0, "interestExpense": 2254000, "depreciationAndAmortization": 5920000, "ebitda": 25774000, "ebitdaratio": 0.136798136, "operatingIncome": 19433000, "operatingIncomeRatio": 0.1031426312, "totalOtherIncomeExpensesNet": -2169000, "incomeBeforeTax": 17432000, "incomeBeforeTaxRatio": 0.0925221194, "incomeTaxExpense": 4960000, "netIncome": 12332000, "netIncomeRatio": 0.0654533488, "eps": 0.27, "epsdiluted": 0.26, "weightedAverageShsOut": 46414000, "weightedAverageShsOutDil": 47048000, "link": "https://www.sec.gov/Archives/edgar/data/38725/000003872510000102/0000038725-10-000102-index.htm", "finalLink": "https://www.sec.gov/Archives/edgar/data/38725/000003872510000102/thirdquarterform10q.htm"}]