[{"date": "2025-05-03", "symbol": "OLLI", "reportedCurrency": "USD", "cik": "0001639300", "fillingDate": "2025-06-03", "acceptedDate": "2025-06-03 16:31:03", "calendarYear": "2025", "period": "Q1", "revenue": 576767000, "costOfRevenue": 349093000, "grossProfit": 237031000, "grossProfitRatio": 0.410964913, "researchAndDevelopmentExpenses": 0, "generalAndAdministrativeExpenses": 0, "sellingAndMarketingExpenses": 0, "sellingGeneralAndAdministrativeExpenses": 164832000, "otherExpenses": 16013000, "operatingExpenses": 180845000, "costAndExpenses": 520581000, "interestIncome": 4788000, "interestExpense": 0, "depreciationAndAmortization": 9357000, "ebitda": 68958000, "ebitdaratio": 0.1195595448, "operatingIncome": 56186000, "operatingIncomeRatio": 0.0974154208, "totalOtherIncomeExpensesNet": 4788000, "incomeBeforeTax": 60974000, "incomeBeforeTaxRatio": 0.1057168666, "incomeTaxExpense": 13414000, "netIncome": 47560000, "netIncomeRatio": 0.0824596414, "eps": 0.78, "epsdiluted": 0.77, "weightedAverageShsOut": 61343000, "weightedAverageShsOutDil": 61816000, "link": "https://www.sec.gov/Archives/edgar/data/1639300/000114036125021300/0001140361-25-021300-index.htm", "finalLink": "https://www.sec.gov/Archives/edgar/data/1639300/000114036125021300/ef20047562_10q.htm"}, {"date": "2025-02-01", "symbol": "OLLI", "reportedCurrency": "USD", "cik": "0001639300", "fillingDate": "2025-04-11", "acceptedDate": "2025-04-11 17:19:17", "calendarYear": "2024", "period": "Q4", "revenue": 667084000, "costOfRevenue": 395480000, "grossProfit": 271604000, "grossProfitRatio": 0.4071511234, "researchAndDevelopmentExpenses": 0, "generalAndAdministrativeExpenses": 0, "sellingAndMarketingExpenses": 0, "sellingGeneralAndAdministrativeExpenses": 169847000, "otherExpenses": 14032000, "operatingExpenses": 183879000, "costAndExpenses": 557611000, "interestIncome": 4054000, "interestExpense": 0, "depreciationAndAmortization": 12551000, "ebitda": 100276000, "ebitdaratio": 0.1503198997, "operatingIncome": 87725000, "operatingIncomeRatio": 0.1315051778, "totalOtherIncomeExpensesNet": 4054000, "incomeBeforeTax": 91779000, "incomeBeforeTaxRatio": 0.1375823734, "incomeTaxExpense": 23225000, "netIncome": 68554000, "netIncomeRatio": 0.1027666681, "eps": 1.12, "epsdiluted": 1.11, "weightedAverageShsOut": 61335000, "weightedAverageShsOutDil": 61884000, "link": "https://www.sec.gov/Archives/edgar/data/1639300/000114036125013535/0001140361-25-013535-index.htm", "finalLink": "https://www.sec.gov/Archives/edgar/data/1639300/000114036125013535/ef20047304_10ka.htm"}, {"date": "2024-11-02", "symbol": "OLLI", "reportedCurrency": "USD", "cik": "0001639300", "fillingDate": "2024-12-10", "acceptedDate": "2024-12-10 16:38:11", "calendarYear": "2024", "period": "Q3", "revenue": 517428000, "costOfRevenue": 302969000, "grossProfit": 214459000, "grossProfitRatio": 0.4144711921, "researchAndDevelopmentExpenses": 0, "generalAndAdministrativeExpenses": 0, "sellingAndMarketingExpenses": 0, "sellingGeneralAndAdministrativeExpenses": 154467000, "otherExpenses": 15470000, "operatingExpenses": 169937000, "costAndExpenses": 472906000, "interestIncome": 4028000, "interestExpense": 0, "depreciationAndAmortization": 11674000, "ebitda": 63370000, "ebitdaratio": 0.1224711457, "operatingIncome": 44522000, "operatingIncomeRatio": 0.0860448217, "totalOtherIncomeExpensesNet": 4028000, "incomeBeforeTax": 48550000, "incomeBeforeTaxRatio": 0.0938294797, "incomeTaxExpense": 12666000, "netIncome": 35884000, "netIncomeRatio": 0.0693507116, "eps": 0.59, "epsdiluted": 0.58, "weightedAverageShsOut": 61330000, "weightedAverageShsOutDil": 61764000, "link": "https://www.sec.gov/Archives/edgar/data/1639300/000114036124048926/0001140361-24-048926-index.htm", "finalLink": "https://www.sec.gov/Archives/edgar/data/1639300/000114036124048926/ef20035378_10q.htm"}, {"date": "2024-08-03", "symbol": "OLLI", "reportedCurrency": "USD", "cik": "0001639300", "fillingDate": "2024-08-29", "acceptedDate": "2024-08-29 16:30:52", "calendarYear": "2024", "period": "Q2", "revenue": 578375000, "costOfRevenue": 359344000, "grossProfit": 219031000, "grossProfitRatio": 0.37870067, "researchAndDevelopmentExpenses": 0, "generalAndAdministrativeExpenses": 0, "sellingAndMarketingExpenses": 0, "sellingGeneralAndAdministrativeExpenses": 145673000, "otherExpenses": 0, "operatingExpenses": 145673000, "costAndExpenses": 517616000, "interestIncome": 3928000, "interestExpense": 0, "depreciationAndAmortization": 9991000, "ebitda": 74678000, "ebitdaratio": 0.1291169224, "operatingIncome": 60759000, "operatingIncomeRatio": 0.1050512211, "totalOtherIncomeExpensesNet": 3928000, "incomeBeforeTax": 64687000, "incomeBeforeTaxRatio": 0.1118426626, "incomeTaxExpense": 15705000, "netIncome": 48982000, "netIncomeRatio": 0.0846889994, "eps": 0.8, "epsdiluted": 0.79, "weightedAverageShsOut": 61313000, "weightedAverageShsOutDil": 61721000, "link": "https://www.sec.gov/Archives/edgar/data/1639300/000114036124039300/0001140361-24-039300-index.htm", "finalLink": "https://www.sec.gov/Archives/edgar/data/1639300/000114036124039300/ef20030919_10q.htm"}, {"date": "2024-05-04", "symbol": "OLLI", "reportedCurrency": "USD", "cik": "0001639300", "fillingDate": "2024-06-05", "acceptedDate": "2024-06-05 16:43:13", "calendarYear": "2024", "period": "Q1", "revenue": 508818000, "costOfRevenue": 307176000, "grossProfit": 201642000, "grossProfitRatio": 0.3962949424, "researchAndDevelopmentExpenses": 0, "generalAndAdministrativeExpenses": 0, "sellingAndMarketingExpenses": 0, "sellingGeneralAndAdministrativeExpenses": 142419000, "otherExpenses": 0, "operatingExpenses": 142419000, "costAndExpenses": 449595000, "interestIncome": 4301000, "interestExpense": 0, "depreciationAndAmortization": 9742000, "ebitda": 66239000, "ebitdaratio": 0.1301821083, "operatingIncome": 59223000, "operatingIncomeRatio": 0.116393288, "totalOtherIncomeExpensesNet": 4301000, "incomeBeforeTax": 60798000, "incomeBeforeTaxRatio": 0.1194886973, "incomeTaxExpense": 14456000, "netIncome": 46342000, "netIncomeRatio": 0.0910777528, "eps": 0.76, "epsdiluted": 0.75, "weightedAverageShsOut": 61380000, "weightedAverageShsOutDil": 61739000, "link": "https://www.sec.gov/Archives/edgar/data/1639300/000114036124029017/0001140361-24-029017-index.htm", "finalLink": "https://www.sec.gov/Archives/edgar/data/1639300/000114036124029017/ef20026294_10q.htm"}, {"date": "2024-02-03", "symbol": "OLLI", "reportedCurrency": "USD", "cik": "0001639300", "fillingDate": "2024-03-27", "acceptedDate": "2024-03-27 17:15:36", "calendarYear": "2023", "period": "Q4", "revenue": 648949000, "costOfRevenue": 393566000, "grossProfit": 255383000, "grossProfitRatio": 0.393533236, "researchAndDevelopmentExpenses": 0, "generalAndAdministrativeExpenses": 134623000, "sellingAndMarketingExpenses": 21474000, "sellingGeneralAndAdministrativeExpenses": 156097000, "otherExpenses": 0, "operatingExpenses": 156097000, "costAndExpenses": 549663000, "interestIncome": 4632000, "interestExpense": 0, "depreciationAndAmortization": 9664000, "ebitda": 107318000, "ebitdaratio": 0.1653720092, "operatingIncome": 99286000, "operatingIncomeRatio": 0.1529950736, "totalOtherIncomeExpensesNet": 4632000, "incomeBeforeTax": 102286000, "incomeBeforeTaxRatio": 0.157617933, "incomeTaxExpense": 25811000, "netIncome": 76475000, "netIncomeRatio": 0.1178443915, "eps": 1.24, "epsdiluted": 1.23, "weightedAverageShsOut": 61558000, "weightedAverageShsOutDil": 61956000, "link": "https://www.sec.gov/Archives/edgar/data/1639300/000114036124015681/0001140361-24-015681-index.htm", "finalLink": "https://www.sec.gov/Archives/edgar/data/1639300/000114036124015681/ef20015294_10k.htm"}, {"date": "2023-10-28", "symbol": "OLLI", "reportedCurrency": "USD", "cik": "0001639300", "fillingDate": "2023-12-06", "acceptedDate": "2023-12-06 16:06:14", "calendarYear": "2023", "period": "Q3", "revenue": 480050000, "costOfRevenue": 285939000, "grossProfit": 194111000, "grossProfitRatio": 0.4043557963, "researchAndDevelopmentExpenses": 0, "generalAndAdministrativeExpenses": 0, "sellingAndMarketingExpenses": 0, "sellingGeneralAndAdministrativeExpenses": 141684000, "otherExpenses": 0, "operatingExpenses": 155042000, "costAndExpenses": 440981000, "interestIncome": 3977000, "interestExpense": 0, "depreciationAndAmortization": 9003000, "ebitda": 48072000, "ebitdaratio": 0.1001395688, "operatingIncome": 39069000, "operatingIncomeRatio": 0.0813852724, "totalOtherIncomeExpensesNet": 3977000, "incomeBeforeTax": 43046000, "incomeBeforeTaxRatio": 0.0896698261, "incomeTaxExpense": 11243000, "netIncome": 31803000, "netIncomeRatio": 0.066249349, "eps": 0.52, "epsdiluted": 0.51, "weightedAverageShsOut": 61682000, "weightedAverageShsOutDil": 62068000, "link": "https://www.sec.gov/Archives/edgar/data/1639300/000114036123056505/0001140361-23-056505-index.htm", "finalLink": "https://www.sec.gov/Archives/edgar/data/1639300/000114036123056505/ef20012458_10q.htm"}, {"date": "2023-07-29", "symbol": "OLLI", "reportedCurrency": "USD", "cik": "0001639300", "fillingDate": "2023-08-31", "acceptedDate": "2023-08-31 16:16:03", "calendarYear": "2023", "period": "Q2", "revenue": 514509000, "costOfRevenue": 317825000, "grossProfit": 196684000, "grossProfitRatio": 0.38227514, "researchAndDevelopmentExpenses": 0, "generalAndAdministrativeExpenses": 134623000, "sellingAndMarketingExpenses": 0, "sellingGeneralAndAdministrativeExpenses": 134623000, "otherExpenses": 0, "operatingExpenses": 144147000, "costAndExpenses": 461972000, "interestIncome": 3402000, "interestExpense": 0, "depreciationAndAmortization": 8244000, "ebitda": 60781000, "ebitdaratio": 0.1181339879, "operatingIncome": 52537000, "operatingIncomeRatio": 0.1021109446, "totalOtherIncomeExpensesNet": 3402000, "incomeBeforeTax": 55939000, "incomeBeforeTaxRatio": 0.1087230738, "incomeTaxExpense": 13758000, "netIncome": 42181000, "netIncomeRatio": 0.0819830168, "eps": 0.68, "epsdiluted": 0.68, "weightedAverageShsOut": 61768000, "weightedAverageShsOutDil": 62055000, "link": "https://www.sec.gov/Archives/edgar/data/1639300/000114036123042063/0001140361-23-042063-index.htm", "finalLink": "https://www.sec.gov/Archives/edgar/data/1639300/000114036123042063/brhc20058186_10q.htm"}, {"date": "2023-04-29", "symbol": "OLLI", "reportedCurrency": "USD", "cik": "0001639300", "fillingDate": "2023-06-07", "acceptedDate": "2023-06-07 16:16:19", "calendarYear": "2023", "period": "Q1", "revenue": 459154000, "costOfRevenue": 280583000, "grossProfit": 178571000, "grossProfitRatio": 0.388913088, "researchAndDevelopmentExpenses": 0, "generalAndAdministrativeExpenses": 0, "sellingAndMarketingExpenses": 0, "sellingGeneralAndAdministrativeExpenses": 130268000, "otherExpenses": 9764000, "operatingExpenses": 140032000, "costAndExpenses": 420615000, "interestIncome": 2675000, "interestExpense": 0, "depreciationAndAmortization": 8025000, "ebitda": 49845000, "ebitdaratio": 0.1085583486, "operatingIncome": 38539000, "operatingIncomeRatio": 0.0839348018, "totalOtherIncomeExpensesNet": 2675000, "incomeBeforeTax": 41214000, "incomeBeforeTaxRatio": 0.0897607339, "incomeTaxExpense": 10234000, "netIncome": 30980000, "netIncomeRatio": 0.0674719157, "eps": 0.5, "epsdiluted": 0.5, "weightedAverageShsOut": 61970000, "weightedAverageShsOutDil": 62207000, "link": "https://www.sec.gov/Archives/edgar/data/1639300/000114036123028795/0001140361-23-028795-index.htm", "finalLink": "https://www.sec.gov/Archives/edgar/data/1639300/000114036123028795/brhc20053995_10q.htm"}, {"date": "2023-01-28", "symbol": "OLLI", "reportedCurrency": "USD", "cik": "0001639300", "fillingDate": "2023-03-24", "acceptedDate": "2023-03-24 13:42:29", "calendarYear": "2022", "period": "Q4", "revenue": 549789000, "costOfRevenue": 343306000, "grossProfit": 206483000, "grossProfitRatio": 0.3755677178, "researchAndDevelopmentExpenses": 0, "generalAndAdministrativeExpenses": 0, "sellingAndMarketingExpenses": 0, "sellingGeneralAndAdministrativeExpenses": 131020000, "otherExpenses": 7767000, "operatingExpenses": 138787000, "costAndExpenses": 482093000, "interestIncome": 2085000, "interestExpense": 0, "depreciationAndAmortization": 7725000, "ebitda": 76979000, "ebitdaratio": 0.1400155332, "operatingIncome": 67696000, "operatingIncomeRatio": 0.1231308738, "totalOtherIncomeExpensesNet": 2085000, "incomeBeforeTax": 69781000, "incomeBeforeTaxRatio": 0.1269232378, "incomeTaxExpense": 16693000, "netIncome": 53088000, "netIncomeRatio": 0.0965606806, "eps": 0.85, "epsdiluted": 0.85, "weightedAverageShsOut": 62178000, "weightedAverageShsOutDil": 62394000, "link": "https://www.sec.gov/Archives/edgar/data/1639300/000114036123013669/0001140361-23-013669-index.htm", "finalLink": "https://www.sec.gov/Archives/edgar/data/1639300/000114036123013669/brhc10050136_10k.htm"}, {"date": "2022-10-29", "symbol": "OLLI", "reportedCurrency": "USD", "cik": "0001639300", "fillingDate": "2022-12-07", "acceptedDate": "2022-12-07 16:30:42", "calendarYear": "2022", "period": "Q3", "revenue": 418072000, "costOfRevenue": 253396000, "grossProfit": 164676000, "grossProfitRatio": 0.3938938747, "researchAndDevelopmentExpenses": 0, "generalAndAdministrativeExpenses": 0, "sellingAndMarketingExpenses": 0, "sellingGeneralAndAdministrativeExpenses": 124810000, "otherExpenses": 5872000, "operatingExpenses": 130682000, "costAndExpenses": 384078000, "interestIncome": 866000, "interestExpense": 0, "depreciationAndAmortization": 7306000, "ebitda": 36838000, "ebitdaratio": 0.0881140091, "operatingIncome": 29532000, "operatingIncomeRatio": 0.0706385503, "totalOtherIncomeExpensesNet": 866000, "incomeBeforeTax": 30398000, "incomeBeforeTaxRatio": 0.0727099638, "incomeTaxExpense": 7316000, "netIncome": 23082000, "netIncomeRatio": 0.0552105857, "eps": 0.37, "epsdiluted": 0.37, "weightedAverageShsOut": 62507000, "weightedAverageShsOutDil": 62751000, "link": "https://www.sec.gov/Archives/edgar/data/1639300/000114036122044735/0001140361-22-044735-index.htm", "finalLink": "https://www.sec.gov/Archives/edgar/data/1639300/000114036122044735/brhc10045127_10q.htm"}, {"date": "2022-07-30", "symbol": "OLLI", "reportedCurrency": "USD", "cik": "0001639300", "fillingDate": "2022-09-01", "acceptedDate": "2022-09-01 16:36:10", "calendarYear": "2022", "period": "Q2", "revenue": 452482000, "costOfRevenue": 308872000, "grossProfit": 143610000, "grossProfitRatio": 0.3173827909, "researchAndDevelopmentExpenses": 0, "generalAndAdministrativeExpenses": 0, "sellingAndMarketingExpenses": 0, "sellingGeneralAndAdministrativeExpenses": 118466000, "otherExpenses": 0, "operatingExpenses": 127065000, "costAndExpenses": 435937000, "interestIncome": 123000, "interestExpense": 0, "depreciationAndAmortization": 6998000, "ebitda": 23543000, "ebitdaratio": 0.052030799, "operatingIncome": 16545000, "operatingIncomeRatio": 0.0365649904, "totalOtherIncomeExpensesNet": 123000, "incomeBeforeTax": 16668000, "incomeBeforeTaxRatio": 0.0368368244, "incomeTaxExpense": 2571000, "netIncome": 14097000, "netIncomeRatio": 0.0311548305, "eps": 0.23, "epsdiluted": 0.22, "weightedAverageShsOut": 62584000, "weightedAverageShsOutDil": 62818000, "link": "https://www.sec.gov/Archives/edgar/data/1639300/000114036122031989/0001140361-22-031989-index.htm", "finalLink": "https://www.sec.gov/Archives/edgar/data/1639300/000114036122031989/brhc10041411_10q.htm"}, {"date": "2022-04-30", "symbol": "OLLI", "reportedCurrency": "USD", "cik": "0001639300", "fillingDate": "2022-06-08", "acceptedDate": "2022-06-08 16:30:38", "calendarYear": "2022", "period": "Q1", "revenue": 406666000, "costOfRevenue": 265341000, "grossProfit": 141325000, "grossProfitRatio": 0.3475210615, "researchAndDevelopmentExpenses": 0, "generalAndAdministrativeExpenses": 0, "sellingAndMarketingExpenses": 0, "sellingGeneralAndAdministrativeExpenses": 116273000, "otherExpenses": 7907000, "operatingExpenses": 124180000, "costAndExpenses": 389521000, "interestIncome": 0, "interestExpense": 109000, "depreciationAndAmortization": 6660000, "ebitda": 23805000, "ebitdaratio": 0.0585369812, "operatingIncome": 17145000, "operatingIncomeRatio": 0.0421599052, "totalOtherIncomeExpensesNet": -109000, "incomeBeforeTax": 17036000, "incomeBeforeTaxRatio": 0.041891872, "incomeTaxExpense": 4513000, "netIncome": 12523000, "netIncomeRatio": 0.0307943128, "eps": 0.2, "epsdiluted": 0.2, "weightedAverageShsOut": 62869000, "weightedAverageShsOutDil": 63011000, "link": "https://www.sec.gov/Archives/edgar/data/1639300/000114036122022350/0001140361-22-022350-index.htm", "finalLink": "https://www.sec.gov/Archives/edgar/data/1639300/000114036122022350/brhc10038537_10q.htm"}, {"date": "2022-01-29", "symbol": "OLLI", "reportedCurrency": "USD", "cik": "0001639300", "fillingDate": "2022-03-25", "acceptedDate": "2022-03-25 16:42:00", "calendarYear": "2021", "period": "Q4", "revenue": 501135000, "costOfRevenue": 318094000, "grossProfit": 183041000, "grossProfitRatio": 0.365252876, "researchAndDevelopmentExpenses": 0, "generalAndAdministrativeExpenses": 0, "sellingAndMarketingExpenses": 0, "sellingGeneralAndAdministrativeExpenses": 119078000, "otherExpenses": 6511000, "operatingExpenses": 125589000, "costAndExpenses": 443683000, "interestIncome": 0, "interestExpense": 98000, "depreciationAndAmortization": 6704000, "ebitda": 64156000, "ebitdaratio": 0.1280213914, "operatingIncome": 57452000, "operatingIncomeRatio": 0.1146437587, "totalOtherIncomeExpensesNet": -98000, "incomeBeforeTax": 57354000, "incomeBeforeTaxRatio": 0.1144482026, "incomeTaxExpense": 12627000, "netIncome": 44727000, "netIncomeRatio": 0.0892513993, "eps": 0.71, "epsdiluted": 0.71, "weightedAverageShsOut": 63059000, "weightedAverageShsOutDil": 63270000, "link": "https://www.sec.gov/Archives/edgar/data/1639300/000114036122011225/0001140361-22-011225-index.htm", "finalLink": "https://www.sec.gov/Archives/edgar/data/1639300/000114036122011225/brhc10035363_10k.htm"}, {"date": "2021-10-30", "symbol": "OLLI", "reportedCurrency": "USD", "cik": "0001639300", "fillingDate": "2021-12-07", "acceptedDate": "2021-12-07 16:23:29", "calendarYear": "2021", "period": "Q3", "revenue": 383487000, "costOfRevenue": 230927000, "grossProfit": 152560000, "grossProfitRatio": 0.3978231335, "researchAndDevelopmentExpenses": 0, "generalAndAdministrativeExpenses": 0, "sellingAndMarketingExpenses": 0, "sellingGeneralAndAdministrativeExpenses": 114048000, "otherExpenses": 8299000, "operatingExpenses": 122347000, "costAndExpenses": 353274000, "interestIncome": 0, "interestExpense": 70000, "depreciationAndAmortization": 6339000, "ebitda": 39895000, "ebitdaratio": 0.1040322097, "operatingIncome": 30213000, "operatingIncomeRatio": 0.0787849393, "totalOtherIncomeExpensesNet": -70000, "incomeBeforeTax": 30143000, "incomeBeforeTaxRatio": 0.0786024037, "incomeTaxExpense": 6958000, "netIncome": 23185000, "netIncomeRatio": 0.0604583728, "eps": 0.36, "epsdiluted": 0.36, "weightedAverageShsOut": 63915000, "weightedAverageShsOutDil": 64298000, "link": "https://www.sec.gov/Archives/edgar/data/1639300/000114036121040668/0001140361-21-040668-index.htm", "finalLink": "https://www.sec.gov/Archives/edgar/data/1639300/000114036121040668/brhc10031437_10q.htm"}, {"date": "2021-07-31", "symbol": "OLLI", "reportedCurrency": "USD", "cik": "0001639300", "fillingDate": "2021-08-31", "acceptedDate": "2021-08-31 17:10:02", "calendarYear": "2021", "period": "Q2", "revenue": 415881000, "costOfRevenue": 252846000, "grossProfit": 163035000, "grossProfitRatio": 0.3920231989, "researchAndDevelopmentExpenses": 0, "generalAndAdministrativeExpenses": 0, "sellingAndMarketingExpenses": 0, "sellingGeneralAndAdministrativeExpenses": 110119000, "otherExpenses": 7210000, "operatingExpenses": 117329000, "costAndExpenses": 370175000, "interestIncome": 0, "interestExpense": 66000, "depreciationAndAmortization": 6034000, "ebitda": 51740000, "ebitdaratio": 0.1244105886, "operatingIncome": 45706000, "operatingIncomeRatio": 0.1099016305, "totalOtherIncomeExpensesNet": -66000, "incomeBeforeTax": 45640000, "incomeBeforeTaxRatio": 0.1097429313, "incomeTaxExpense": 11317000, "netIncome": 34323000, "netIncomeRatio": 0.0825308201, "eps": 0.53, "epsdiluted": 0.52, "weightedAverageShsOut": 65311000, "weightedAverageShsOutDil": 65825000, "link": "https://www.sec.gov/Archives/edgar/data/1639300/000114036121029880/0001140361-21-029880-index.htm", "finalLink": "https://www.sec.gov/Archives/edgar/data/1639300/000114036121029880/brhc10028404_10q.htm"}, {"date": "2021-05-01", "symbol": "OLLI", "reportedCurrency": "USD", "cik": "0001639300", "fillingDate": "2021-06-03", "acceptedDate": "2021-06-03 13:43:52", "calendarYear": "2021", "period": "Q1", "revenue": 452492000, "costOfRevenue": 269882000, "grossProfit": 182610000, "grossProfitRatio": 0.4035651459, "researchAndDevelopmentExpenses": 0, "generalAndAdministrativeExpenses": 0, "sellingAndMarketingExpenses": 0, "sellingGeneralAndAdministrativeExpenses": 104370000, "otherExpenses": 7019000, "operatingExpenses": 111389000, "costAndExpenses": 381271000, "interestIncome": 25000, "interestExpense": 0, "depreciationAndAmortization": 5859000, "ebitda": 77080000, "ebitdaratio": 0.1703455531, "operatingIncome": 71221000, "operatingIncomeRatio": 0.1573972579, "totalOtherIncomeExpensesNet": 25000, "incomeBeforeTax": 71246000, "incomeBeforeTaxRatio": 0.1574525074, "incomeTaxExpense": 16026000, "netIncome": 55220000, "netIncomeRatio": 0.1220353067, "eps": 0.84, "epsdiluted": 0.84, "weightedAverageShsOut": 65503000, "weightedAverageShsOutDil": 66119000, "link": "https://www.sec.gov/Archives/edgar/data/1639300/000114036121019704/0001140361-21-019704-index.htm", "finalLink": "https://www.sec.gov/Archives/edgar/data/1639300/000114036121019704/brhc10025031_10q.htm"}, {"date": "2021-01-30", "symbol": "OLLI", "reportedCurrency": "USD", "cik": "0001639300", "fillingDate": "2021-03-24", "acceptedDate": "2021-03-24 16:51:47", "calendarYear": "2020", "period": "Q4", "revenue": 515763000, "costOfRevenue": 311106000, "grossProfit": 204657000, "grossProfitRatio": 0.3968043462, "researchAndDevelopmentExpenses": 0, "generalAndAdministrativeExpenses": 0, "sellingAndMarketingExpenses": 0, "sellingGeneralAndAdministrativeExpenses": 114190000, "otherExpenses": 5758000, "operatingExpenses": 119948000, "costAndExpenses": 431054000, "interestIncome": 76000, "interestExpense": 76000, "depreciationAndAmortization": 4409000, "ebitda": 90293000, "ebitdaratio": 0.1750668427, "operatingIncome": 84709000, "operatingIncomeRatio": 0.1642401646, "totalOtherIncomeExpensesNet": 76000, "incomeBeforeTax": 84785000, "incomeBeforeTaxRatio": 0.1643875191, "incomeTaxExpense": 20125000, "netIncome": 64660000, "netIncomeRatio": 0.1253676592, "eps": 0.99, "epsdiluted": 0.98, "weightedAverageShsOut": 65426000, "weightedAverageShsOutDil": 66096000, "link": "https://www.sec.gov/Archives/edgar/data/1639300/000114036121009817/0001140361-21-009817-index.htm", "finalLink": "https://www.sec.gov/Archives/edgar/data/1639300/000114036121009817/brhc10022152_10k.htm"}, {"date": "2020-10-31", "symbol": "OLLI", "reportedCurrency": "USD", "cik": "0001639300", "fillingDate": "2020-12-08", "acceptedDate": "2020-12-08 17:13:59", "calendarYear": "2020", "period": "Q3", "revenue": 414382000, "costOfRevenue": 242881000, "grossProfit": 171501000, "grossProfitRatio": 0.4138717415, "researchAndDevelopmentExpenses": 0, "generalAndAdministrativeExpenses": 0, "sellingAndMarketingExpenses": 0, "sellingGeneralAndAdministrativeExpenses": 105830000, "otherExpenses": 7886000, "operatingExpenses": 113716000, "costAndExpenses": 356597000, "interestIncome": 93000, "interestExpense": 0, "depreciationAndAmortization": 4230000, "ebitda": 63498000, "ebitdaratio": 0.1532354205, "operatingIncome": 57785000, "operatingIncomeRatio": 0.1394486247, "totalOtherIncomeExpensesNet": 93000, "incomeBeforeTax": 57878000, "incomeBeforeTaxRatio": 0.1396730553, "incomeTaxExpense": 12681000, "netIncome": 45197000, "netIncomeRatio": 0.1090708573, "eps": 0.69, "epsdiluted": 0.68, "weightedAverageShsOut": 65388000, "weightedAverageShsOutDil": 66121000, "link": "https://www.sec.gov/Archives/edgar/data/1639300/000114036120027686/0001140361-20-027686-index.htm", "finalLink": "https://www.sec.gov/Archives/edgar/data/1639300/000114036120027686/brhc10017639_10q.htm"}, {"date": "2020-08-01", "symbol": "OLLI", "reportedCurrency": "USD", "cik": "0001639300", "fillingDate": "2020-09-01", "acceptedDate": "2020-09-01 15:45:59", "calendarYear": "2020", "period": "Q2", "revenue": 529313000, "costOfRevenue": 322471000, "grossProfit": 206842000, "grossProfitRatio": 0.3907744567, "researchAndDevelopmentExpenses": 0, "generalAndAdministrativeExpenses": 0, "sellingAndMarketingExpenses": 0, "sellingGeneralAndAdministrativeExpenses": 109149000, "otherExpenses": 5667000, "operatingExpenses": 114816000, "costAndExpenses": 437287000, "interestIncome": 26000, "interestExpense": 0, "depreciationAndAmortization": 4122000, "ebitda": 97608000, "ebitdaratio": 0.1844050685, "operatingIncome": 92026000, "operatingIncomeRatio": 0.1738593233, "totalOtherIncomeExpensesNet": 26000, "incomeBeforeTax": 92052000, "incomeBeforeTaxRatio": 0.1739084436, "incomeTaxExpense": -7331000, "netIncome": 99383000, "netIncomeRatio": 0.1877584718, "eps": 1.53, "epsdiluted": 1.5, "weightedAverageShsOut": 65137000, "weightedAverageShsOutDil": 66051000, "link": "https://www.sec.gov/Archives/edgar/data/1639300/000114036120019549/0001140361-20-019549-index.htm", "finalLink": "https://www.sec.gov/Archives/edgar/data/1639300/000114036120019549/brhc10014604_10q.htm"}, {"date": "2020-05-02", "symbol": "OLLI", "reportedCurrency": "USD", "cik": "0001639300", "fillingDate": "2020-06-03", "acceptedDate": "2020-06-03 16:29:50", "calendarYear": "2020", "period": "Q1", "revenue": 349363000, "costOfRevenue": 208997000, "grossProfit": 140366000, "grossProfitRatio": 0.4017769483, "researchAndDevelopmentExpenses": 0, "generalAndAdministrativeExpenses": 0, "sellingAndMarketingExpenses": 0, "sellingGeneralAndAdministrativeExpenses": 89720000, "otherExpenses": 7666000, "operatingExpenses": 97386000, "costAndExpenses": 306383000, "interestIncome": 83000, "interestExpense": 0, "depreciationAndAmortization": 3944000, "ebitda": 48319000, "ebitdaratio": 0.1383060026, "operatingIncome": 42980000, "operatingIncomeRatio": 0.1230239035, "totalOtherIncomeExpensesNet": 83000, "incomeBeforeTax": 43063000, "incomeBeforeTaxRatio": 0.1232614787, "incomeTaxExpense": 9607000, "netIncome": 33456000, "netIncomeRatio": 0.0957628598, "eps": 0.53, "epsdiluted": 0.51, "weightedAverageShsOut": 63061000, "weightedAverageShsOutDil": 65242000, "link": "https://www.sec.gov/Archives/edgar/data/1639300/000114036120012985/0001140361-20-012985-index.htm", "finalLink": "https://www.sec.gov/Archives/edgar/data/1639300/000114036120012985/form10q.htm"}, {"date": "2020-02-01", "symbol": "OLLI", "reportedCurrency": "USD", "cik": "0001639300", "fillingDate": "2020-03-25", "acceptedDate": "2020-03-25 10:42:34", "calendarYear": "2019", "period": "Q4", "revenue": 422431000, "costOfRevenue": 256891000, "grossProfit": 165540000, "grossProfitRatio": 0.3918746494, "researchAndDevelopmentExpenses": 0, "generalAndAdministrativeExpenses": 0, "sellingAndMarketingExpenses": 0, "sellingGeneralAndAdministrativeExpenses": 94897000, "otherExpenses": 6056000, "operatingExpenses": 100953000, "costAndExpenses": 357844000, "interestIncome": 0, "interestExpense": 219000, "depreciationAndAmortization": 3895000, "ebitda": 68211000, "ebitdaratio": 0.1614725245, "operatingIncome": 64587000, "operatingIncomeRatio": 0.1528936087, "totalOtherIncomeExpensesNet": 219000, "incomeBeforeTax": 64806000, "incomeBeforeTaxRatio": 0.1534120365, "incomeTaxExpense": 14519000, "netIncome": 50287000, "netIncomeRatio": 0.1190419264, "eps": 0.8, "epsdiluted": 0.77, "weightedAverageShsOut": 62980000, "weightedAverageShsOutDil": 65347000, "link": "https://www.sec.gov/Archives/edgar/data/1639300/000114036120006788/0001140361-20-006788-index.htm", "finalLink": "https://www.sec.gov/Archives/edgar/data/1639300/000114036120006788/form10k.htm"}, {"date": "2019-11-02", "symbol": "OLLI", "reportedCurrency": "USD", "cik": "0001639300", "fillingDate": "2019-12-12", "acceptedDate": "2019-12-12 10:56:17", "calendarYear": "2019", "period": "Q3", "revenue": 327049000, "costOfRevenue": 193767000, "grossProfit": 133282000, "grossProfitRatio": 0.407529147, "researchAndDevelopmentExpenses": 0, "generalAndAdministrativeExpenses": 0, "sellingAndMarketingExpenses": 0, "sellingGeneralAndAdministrativeExpenses": 90481000, "otherExpenses": 7068000, "operatingExpenses": 97549000, "costAndExpenses": 291316000, "interestIncome": 0, "interestExpense": 142000, "depreciationAndAmortization": 3766000, "ebitda": 40254000, "ebitdaratio": 0.1230824739, "operatingIncome": 35733000, "operatingIncomeRatio": 0.1092588572, "totalOtherIncomeExpensesNet": 142000, "incomeBeforeTax": 35875000, "incomeBeforeTaxRatio": 0.1096930429, "incomeTaxExpense": 8919000, "netIncome": 26956000, "netIncomeRatio": 0.0824219001, "eps": 0.43, "epsdiluted": 0.41, "weightedAverageShsOut": 63173000, "weightedAverageShsOutDil": 65672000, "link": "https://www.sec.gov/Archives/edgar/data/1639300/000114036119022407/0001140361-19-022407-index.htm", "finalLink": "https://www.sec.gov/Archives/edgar/data/1639300/000114036119022407/form10q.htm"}, {"date": "2019-08-03", "symbol": "OLLI", "reportedCurrency": "USD", "cik": "0001639300", "fillingDate": "2019-09-06", "acceptedDate": "2019-09-05 20:17:53", "calendarYear": "2019", "period": "Q2", "revenue": 333865000, "costOfRevenue": 209832000, "grossProfit": 124033000, "grossProfitRatio": 0.3715064472, "researchAndDevelopmentExpenses": 0, "generalAndAdministrativeExpenses": 0, "sellingAndMarketingExpenses": 0, "sellingGeneralAndAdministrativeExpenses": 87350000, "otherExpenses": 5932000, "operatingExpenses": 93282000, "costAndExpenses": 303114000, "interestIncome": 0, "interestExpense": 372000, "depreciationAndAmortization": 3512000, "ebitda": 35004000, "ebitdaratio": 0.1048447726, "operatingIncome": 30751000, "operatingIncomeRatio": 0.0921060908, "totalOtherIncomeExpensesNet": 372000, "incomeBeforeTax": 31123000, "incomeBeforeTaxRatio": 0.0932203136, "incomeTaxExpense": 5953000, "netIncome": 25170000, "netIncomeRatio": 0.0753897533, "eps": 0.4, "epsdiluted": 0.38, "weightedAverageShsOut": 63517000, "weightedAverageShsOutDil": 66300000, "link": "https://www.sec.gov/Archives/edgar/data/1639300/000114036119016225/0001140361-19-016225-index.htm", "finalLink": "https://www.sec.gov/Archives/edgar/data/1639300/000114036119016225/form10q.htm"}, {"date": "2019-05-04", "symbol": "OLLI", "reportedCurrency": "USD", "cik": "0001639300", "fillingDate": "2019-06-10", "acceptedDate": "2019-06-10 16:58:48", "calendarYear": "2019", "period": "Q1", "revenue": 324854000, "costOfRevenue": 192120000, "grossProfit": 132734000, "grossProfitRatio": 0.4085958615, "researchAndDevelopmentExpenses": 0, "generalAndAdministrativeExpenses": 0, "sellingAndMarketingExpenses": 0, "sellingGeneralAndAdministrativeExpenses": 83332000, "otherExpenses": 8618000, "operatingExpenses": 91950000, "costAndExpenses": 284070000, "interestIncome": 0, "interestExpense": 145000, "depreciationAndAmortization": 3409000, "ebitda": 44335000, "ebitdaratio": 0.1364766941, "operatingIncome": 40784000, "operatingIncomeRatio": 0.1255456297, "totalOtherIncomeExpensesNet": 145000, "incomeBeforeTax": 40929000, "incomeBeforeTaxRatio": 0.1259919841, "incomeTaxExpense": 2212000, "netIncome": 38717000, "netIncomeRatio": 0.1191827713, "eps": 0.61, "epsdiluted": 0.59, "weightedAverageShsOut": 63188000, "weightedAverageShsOutDil": 66176000, "link": "https://www.sec.gov/Archives/edgar/data/1639300/000114036119010760/0001140361-19-010760-index.htm", "finalLink": "https://www.sec.gov/Archives/edgar/data/1639300/000114036119010760/form10q.htm"}, {"date": "2019-02-02", "symbol": "OLLI", "reportedCurrency": "USD", "cik": "0001639300", "fillingDate": "2019-03-29", "acceptedDate": "2019-03-29 15:18:16", "calendarYear": "2018", "period": "Q4", "revenue": 393934000, "costOfRevenue": 237205000, "grossProfit": 156729000, "grossProfitRatio": 0.397855986, "researchAndDevelopmentExpenses": 0, "generalAndAdministrativeExpenses": 0, "sellingAndMarketingExpenses": 0, "sellingGeneralAndAdministrativeExpenses": 88996000, "otherExpenses": 5816000, "operatingExpenses": 94812000, "costAndExpenses": 332017000, "interestIncome": 0, "interestExpense": 73000, "depreciationAndAmortization": 3133000, "ebitda": 65802000, "ebitdaratio": 0.1670381333, "operatingIncome": 61917000, "operatingIncomeRatio": 0.1571760752, "totalOtherIncomeExpensesNet": -123000, "incomeBeforeTax": 61794000, "incomeBeforeTaxRatio": 0.1568638401, "incomeTaxExpense": 11900000, "netIncome": 49894000, "netIncomeRatio": 0.1266557342, "eps": 0.79, "epsdiluted": 0.76, "weightedAverageShsOut": 62915000, "weightedAverageShsOutDil": 66038000, "link": "https://www.sec.gov/Archives/edgar/data/1639300/000114036119006044/0001140361-19-006044-index.htm", "finalLink": "https://www.sec.gov/Archives/edgar/data/1639300/000114036119006044/brhc10000484x1_10k.htm"}, {"date": "2018-11-03", "symbol": "OLLI", "reportedCurrency": "USD", "cik": "0001639300", "fillingDate": "2018-12-07", "acceptedDate": "2018-12-07 17:25:56", "calendarYear": "2018", "period": "Q3", "revenue": 283606000, "costOfRevenue": 168184000, "grossProfit": 115422000, "grossProfitRatio": 0.4069801062, "researchAndDevelopmentExpenses": 0, "generalAndAdministrativeExpenses": 0, "sellingAndMarketingExpenses": 0, "sellingGeneralAndAdministrativeExpenses": 78440000, "otherExpenses": 7693000, "operatingExpenses": 86133000, "costAndExpenses": 254317000, "interestIncome": 0, "interestExpense": 372000, "depreciationAndAmortization": 2914000, "ebitda": 37636000, "ebitdaratio": 0.1327052319, "operatingIncome": 29289000, "operatingIncomeRatio": 0.1032735556, "totalOtherIncomeExpensesNet": -372000, "incomeBeforeTax": 28917000, "incomeBeforeTaxRatio": 0.1019618767, "incomeTaxExpense": 4100000, "netIncome": 24817000, "netIncomeRatio": 0.0875052009, "eps": 0.4, "epsdiluted": 0.38, "weightedAverageShsOut": 62747000, "weightedAverageShsOutDil": 66095000, "link": "https://www.sec.gov/Archives/edgar/data/1639300/000114036118044734/0001140361-18-044734-index.htm", "finalLink": "https://www.sec.gov/Archives/edgar/data/1639300/000114036118044734/form10q.htm"}, {"date": "2018-08-04", "symbol": "OLLI", "reportedCurrency": "USD", "cik": "0001639300", "fillingDate": "2018-09-07", "acceptedDate": "2018-09-07 14:08:52", "calendarYear": "2018", "period": "Q2", "revenue": 288098000, "costOfRevenue": 175474000, "grossProfit": 112624000, "grossProfitRatio": 0.3909225333, "researchAndDevelopmentExpenses": 0, "generalAndAdministrativeExpenses": 0, "sellingAndMarketingExpenses": 0, "sellingGeneralAndAdministrativeExpenses": 72990000, "otherExpenses": 4771000, "operatingExpenses": 77761000, "costAndExpenses": 253235000, "interestIncome": 0, "interestExpense": 278000, "depreciationAndAmortization": 2854000, "ebitda": 40277000, "ebitdaratio": 0.1398031225, "operatingIncome": 34863000, "operatingIncomeRatio": 0.121010906, "totalOtherIncomeExpensesNet": -278000, "incomeBeforeTax": 34585000, "incomeBeforeTaxRatio": 0.1200459566, "incomeTaxExpense": 4737000, "netIncome": 29848000, "netIncomeRatio": 0.1036036349, "eps": 0.48, "epsdiluted": 0.45, "weightedAverageShsOut": 62444000, "weightedAverageShsOutDil": 65868000, "link": "https://www.sec.gov/Archives/edgar/data/1639300/000114036118038028/0001140361-18-038028-index.htm", "finalLink": "https://www.sec.gov/Archives/edgar/data/1639300/000114036118038028/form10q.htm"}, {"date": "2018-05-05", "symbol": "OLLI", "reportedCurrency": "USD", "cik": "0001639300", "fillingDate": "2018-06-07", "acceptedDate": "2018-06-07 16:59:58", "calendarYear": "2018", "period": "Q1", "revenue": 275739000, "costOfRevenue": 162863000, "grossProfit": 112876000, "grossProfitRatio": 0.4093581249, "researchAndDevelopmentExpenses": 0, "generalAndAdministrativeExpenses": 0, "sellingAndMarketingExpenses": 0, "sellingGeneralAndAdministrativeExpenses": 72364000, "otherExpenses": 4527000, "operatingExpenses": 76891000, "costAndExpenses": 239754000, "interestIncome": 0, "interestExpense": 538000, "depreciationAndAmortization": 2763000, "ebitda": 39378000, "ebitdaratio": 0.1428089606, "operatingIncome": 35985000, "operatingIncomeRatio": 0.130503846, "totalOtherIncomeExpensesNet": -638000, "incomeBeforeTax": 35347000, "incomeBeforeTaxRatio": 0.1281900638, "incomeTaxExpense": 4893000, "netIncome": 30454000, "netIncomeRatio": 0.1104450223, "eps": 0.49, "epsdiluted": 0.46, "weightedAverageShsOut": 62169000, "weightedAverageShsOutDil": 65624000, "link": "https://www.sec.gov/Archives/edgar/data/1639300/000114036118027708/0001140361-18-027708-index.htm", "finalLink": "https://www.sec.gov/Archives/edgar/data/1639300/000114036118027708/form10q.htm"}, {"date": "2018-02-03", "symbol": "OLLI", "reportedCurrency": "USD", "cik": "0001639300", "fillingDate": "2018-04-04", "acceptedDate": "2018-04-04 17:10:05", "calendarYear": "2017", "period": "Q4", "revenue": 356669000, "costOfRevenue": 216172000, "grossProfit": 140497000, "grossProfitRatio": 0.3939142454, "researchAndDevelopmentExpenses": 0, "generalAndAdministrativeExpenses": 0, "sellingAndMarketingExpenses": 0, "sellingGeneralAndAdministrativeExpenses": 82541000, "otherExpenses": 3562000, "operatingExpenses": 86103000, "costAndExpenses": 302275000, "interestIncome": 0, "interestExpense": 870000, "depreciationAndAmortization": 2667000, "ebitda": 57694000, "ebitdaratio": 0.1617578203, "operatingIncome": 54394000, "operatingIncomeRatio": 0.1525055444, "totalOtherIncomeExpensesNet": -1271000, "incomeBeforeTax": 53123000, "incomeBeforeTaxRatio": 0.1489420163, "incomeTaxExpense": -16931000, "netIncome": 70054000, "netIncomeRatio": 0.1964117992, "eps": 1.13, "epsdiluted": 1.07, "weightedAverageShsOut": 61786000, "weightedAverageShsOutDil": 65351000, "link": "https://www.sec.gov/Archives/edgar/data/1639300/000114036118017136/0001140361-18-017136-index.htm", "finalLink": "https://www.sec.gov/Archives/edgar/data/1639300/000114036118017136/h10052210x1_10k.htm"}, {"date": "2017-10-28", "symbol": "OLLI", "reportedCurrency": "USD", "cik": "0001639300", "fillingDate": "2017-12-07", "acceptedDate": "2017-12-07 16:54:11", "calendarYear": "2017", "period": "Q3", "revenue": 238116000, "costOfRevenue": 140127000, "grossProfit": 97989000, "grossProfitRatio": 0.4115179156, "researchAndDevelopmentExpenses": 0, "generalAndAdministrativeExpenses": 0, "sellingAndMarketingExpenses": 0, "sellingGeneralAndAdministrativeExpenses": 68124000, "otherExpenses": 5655000, "operatingExpenses": 73779000, "costAndExpenses": 213906000, "interestIncome": 0, "interestExpense": 1143000, "depreciationAndAmortization": 2503000, "ebitda": 27333000, "ebitdaratio": 0.1147885904, "operatingIncome": 24210000, "operatingIncomeRatio": 0.1016731341, "totalOtherIncomeExpensesNet": -1143000, "incomeBeforeTax": 23067000, "incomeBeforeTaxRatio": 0.0968729527, "incomeTaxExpense": 4205000, "netIncome": 18862000, "netIncomeRatio": 0.0792134926, "eps": 0.31, "epsdiluted": 0.29, "weightedAverageShsOut": 61488000, "weightedAverageShsOutDil": 65102000, "link": "https://www.sec.gov/Archives/edgar/data/1639300/000114036117045337/0001140361-17-045337-index.htm", "finalLink": "https://www.sec.gov/Archives/edgar/data/1639300/000114036117045337/form10q.htm"}, {"date": "2017-07-29", "symbol": "OLLI", "reportedCurrency": "USD", "cik": "0001639300", "fillingDate": "2017-09-01", "acceptedDate": "2017-09-01 12:14:18", "calendarYear": "2017", "period": "Q2", "revenue": 254645000, "costOfRevenue": 154419000, "grossProfit": 100226000, "grossProfitRatio": 0.3935910778, "researchAndDevelopmentExpenses": 0, "generalAndAdministrativeExpenses": 0, "sellingAndMarketingExpenses": 0, "sellingGeneralAndAdministrativeExpenses": 65778000, "otherExpenses": 4630000, "operatingExpenses": 70408000, "costAndExpenses": 224827000, "interestIncome": 0, "interestExpense": 1124000, "depreciationAndAmortization": 2375000, "ebitda": 32193000, "ebitdaratio": 0.1264230596, "operatingIncome": 29818000, "operatingIncomeRatio": 0.1170963498, "totalOtherIncomeExpensesNet": -1124000, "incomeBeforeTax": 28694000, "incomeBeforeTaxRatio": 0.1126823617, "incomeTaxExpense": 8982000, "netIncome": 19712000, "netIncomeRatio": 0.0774097273, "eps": 0.32, "epsdiluted": 0.3, "weightedAverageShsOut": 61194000, "weightedAverageShsOutDil": 64889000, "link": "https://www.sec.gov/Archives/edgar/data/1639300/000114036117034091/0001140361-17-034091-index.htm", "finalLink": "https://www.sec.gov/Archives/edgar/data/1639300/000114036117034091/form10q.htm"}, {"date": "2017-04-29", "symbol": "OLLI", "reportedCurrency": "USD", "cik": "0001639300", "fillingDate": "2017-06-02", "acceptedDate": "2017-06-02 13:53:59", "calendarYear": "2017", "period": "Q1", "revenue": 227602000, "costOfRevenue": 134667000, "grossProfit": 92935000, "grossProfitRatio": 0.4083224225, "researchAndDevelopmentExpenses": 0, "generalAndAdministrativeExpenses": 0, "sellingAndMarketingExpenses": 0, "sellingGeneralAndAdministrativeExpenses": 61731000, "otherExpenses": 3870000, "operatingExpenses": 65601000, "costAndExpenses": 200268000, "interestIncome": 0, "interestExpense": 1334000, "depreciationAndAmortization": 2272000, "ebitda": 30196000, "ebitdaratio": 0.1326701874, "operatingIncome": 27334000, "operatingIncomeRatio": 0.1200956055, "totalOtherIncomeExpensesNet": -1731000, "incomeBeforeTax": 25603000, "incomeBeforeTaxRatio": 0.1124902242, "incomeTaxExpense": 6637000, "netIncome": 18966000, "netIncomeRatio": 0.083329672, "eps": 0.31, "epsdiluted": 0.29, "weightedAverageShsOut": 60880000, "weightedAverageShsOutDil": 64389000, "link": "https://www.sec.gov/Archives/edgar/data/1639300/000114036117023471/0001140361-17-023471-index.htm", "finalLink": "https://www.sec.gov/Archives/edgar/data/1639300/000114036117023471/form10q.htm"}, {"date": "2017-01-28", "symbol": "OLLI", "reportedCurrency": "USD", "cik": "0001639300", "fillingDate": "2017-03-29", "acceptedDate": "2017-03-29 11:30:44", "calendarYear": "2016", "period": "Q4", "revenue": 283355000, "costOfRevenue": 169963000, "grossProfit": 113392000, "grossProfitRatio": 0.4001764571, "researchAndDevelopmentExpenses": 0, "generalAndAdministrativeExpenses": 0, "sellingAndMarketingExpenses": 0, "sellingGeneralAndAdministrativeExpenses": 69823000, "otherExpenses": 2986000, "operatingExpenses": 72809000, "costAndExpenses": 242772000, "interestIncome": 0, "interestExpense": 1395000, "depreciationAndAmortization": 2255000, "ebitda": 43481000, "ebitdaratio": 0.1534506185, "operatingIncome": 40583000, "operatingIncomeRatio": 0.1432231653, "totalOtherIncomeExpensesNet": -1395000, "incomeBeforeTax": 39188000, "incomeBeforeTaxRatio": 0.1383000124, "incomeTaxExpense": 14768000, "netIncome": 24420000, "netIncomeRatio": 0.0861816449, "eps": 0.4, "epsdiluted": 0.39, "weightedAverageShsOut": 60623000, "weightedAverageShsOutDil": 62918000, "link": "https://www.sec.gov/Archives/edgar/data/1639300/000156761917000543/0001567619-17-000543-index.htm", "finalLink": "https://www.sec.gov/Archives/edgar/data/1639300/000156761917000543/h10042467x1_10k.htm"}, {"date": "2016-10-29", "symbol": "OLLI", "reportedCurrency": "USD", "cik": "0001639300", "fillingDate": "2016-12-09", "acceptedDate": "2016-12-09 16:32:38", "calendarYear": "2016", "period": "Q3", "revenue": 201985000, "costOfRevenue": 117795000, "grossProfit": 84190000, "grossProfitRatio": 0.4168131297, "researchAndDevelopmentExpenses": 0, "generalAndAdministrativeExpenses": 0, "sellingAndMarketingExpenses": 0, "sellingGeneralAndAdministrativeExpenses": 60522000, "otherExpenses": 5021000, "operatingExpenses": 65543000, "costAndExpenses": 183338000, "interestIncome": 0, "interestExpense": 1405000, "depreciationAndAmortization": 2142000, "ebitda": 21317000, "ebitdaratio": 0.1055375399, "operatingIncome": 18647000, "operatingIncomeRatio": 0.0923187365, "totalOtherIncomeExpensesNet": -1405000, "incomeBeforeTax": 17242000, "incomeBeforeTaxRatio": 0.0853627745, "incomeTaxExpense": 6781000, "netIncome": 10461000, "netIncomeRatio": 0.0517909746, "eps": 0.17, "epsdiluted": 0.17, "weightedAverageShsOut": 60301000, "weightedAverageShsOutDil": 62515000, "link": "https://www.sec.gov/Archives/edgar/data/1639300/000114036116089268/0001140361-16-089268-index.htm", "finalLink": "https://www.sec.gov/Archives/edgar/data/1639300/000114036116089268/form10q.htm"}, {"date": "2016-07-30", "symbol": "OLLI", "reportedCurrency": "USD", "cik": "0001639300", "fillingDate": "2016-09-01", "acceptedDate": "2016-09-01 15:49:46", "calendarYear": "2016", "period": "Q2", "revenue": 211256000, "costOfRevenue": 127442000, "grossProfit": 83814000, "grossProfitRatio": 0.3967413943, "researchAndDevelopmentExpenses": 0, "generalAndAdministrativeExpenses": 0, "sellingAndMarketingExpenses": 0, "sellingGeneralAndAdministrativeExpenses": 57737000, "otherExpenses": 4092000, "operatingExpenses": 61829000, "costAndExpenses": 189271000, "interestIncome": 0, "interestExpense": 1471000, "depreciationAndAmortization": 2068000, "ebitda": 24579000, "ebitdaratio": 0.1163469913, "operatingIncome": 21985000, "operatingIncomeRatio": 0.1040680501, "totalOtherIncomeExpensesNet": -1471000, "incomeBeforeTax": 20514000, "incomeBeforeTaxRatio": 0.0971049343, "incomeTaxExpense": 7379000, "netIncome": 13135000, "netIncomeRatio": 0.0621757489, "eps": 0.22, "epsdiluted": 0.21, "weightedAverageShsOut": 60046000, "weightedAverageShsOutDil": 62358000, "link": "https://www.sec.gov/Archives/edgar/data/1639300/000114036116078514/0001140361-16-078514-index.htm", "finalLink": "https://www.sec.gov/Archives/edgar/data/1639300/000114036116078514/form10q.htm"}, {"date": "2016-04-30", "symbol": "OLLI", "reportedCurrency": "USD", "cik": "0001639300", "fillingDate": "2016-06-02", "acceptedDate": "2016-06-02 16:12:26", "calendarYear": "2016", "period": "Q1", "revenue": 193719000, "costOfRevenue": 114704000, "grossProfit": 79015000, "grossProfitRatio": 0.4078846164, "researchAndDevelopmentExpenses": 0, "generalAndAdministrativeExpenses": 0, "sellingAndMarketingExpenses": 0, "sellingGeneralAndAdministrativeExpenses": 54809000, "otherExpenses": 3227000, "operatingExpenses": 58036000, "costAndExpenses": 172740000, "interestIncome": 0, "interestExpense": 1664000, "depreciationAndAmortization": 1978000, "ebitda": 22957000, "ebitdaratio": 0.118506703, "operatingIncome": 20979000, "operatingIncomeRatio": 0.108296037, "totalOtherIncomeExpensesNet": -1664000, "incomeBeforeTax": 19315000, "incomeBeforeTaxRatio": 0.0997062756, "incomeTaxExpense": 7567000, "netIncome": 11748000, "netIncomeRatio": 0.0606445418, "eps": 0.2, "epsdiluted": 0.19, "weightedAverageShsOut": 59669000, "weightedAverageShsOutDil": 61867000, "link": "https://www.sec.gov/Archives/edgar/data/1639300/000119312516611174/0001193125-16-611174-index.htm", "finalLink": "https://www.sec.gov/Archives/edgar/data/1639300/000119312516611174/d169746d10q.htm"}, {"date": "2016-01-30", "symbol": "OLLI", "reportedCurrency": "USD", "cik": "0001639300", "fillingDate": "2016-04-11", "acceptedDate": "2016-04-11 14:05:37", "calendarYear": "2015", "period": "Q4", "revenue": 243402000, "costOfRevenue": 144563000, "grossProfit": 98839000, "grossProfitRatio": 0.4060730807, "researchAndDevelopmentExpenses": 0, "generalAndAdministrativeExpenses": 0, "sellingAndMarketingExpenses": 0, "sellingGeneralAndAdministrativeExpenses": 62541000, "otherExpenses": 2992000, "operatingExpenses": 65533000, "costAndExpenses": 210096000, "interestIncome": 0, "interestExpense": 0, "depreciationAndAmortization": 1907000, "ebitda": 35746000, "ebitdaratio": 0.1468599272, "operatingIncome": 33306000, "operatingIncomeRatio": 0.1368353588, "totalOtherIncomeExpensesNet": -7489000, "incomeBeforeTax": 25817000, "incomeBeforeTaxRatio": 0.1060673289, "incomeTaxExpense": 9753000, "netIncome": 16064000, "netIncomeRatio": 0.0659978143, "eps": 0.27, "epsdiluted": 0.26, "weightedAverageShsOut": 58562000, "weightedAverageShsOutDil": 60843000, "link": "https://www.sec.gov/Archives/edgar/data/1639300/000119312516536766/0001193125-16-536766-index.htm", "finalLink": "https://www.sec.gov/Archives/edgar/data/1639300/000119312516536766/d138589d10k.htm"}, {"date": "2015-10-31", "symbol": "OLLI", "reportedCurrency": "USD", "cik": "0001639300", "fillingDate": "2015-12-10", "acceptedDate": "2015-12-10 10:03:58", "calendarYear": "2015", "period": "Q3", "revenue": 174565000, "costOfRevenue": 104641000, "grossProfit": 69924000, "grossProfitRatio": 0.4005613955, "researchAndDevelopmentExpenses": 0, "generalAndAdministrativeExpenses": 0, "sellingAndMarketingExpenses": 0, "sellingGeneralAndAdministrativeExpenses": 51796000, "otherExpenses": 4190000, "operatingExpenses": 55986000, "costAndExpenses": 160627000, "interestIncome": 0, "interestExpense": 3289000, "depreciationAndAmortization": 1810000, "ebitda": 15748000, "ebitdaratio": 0.0902128147, "operatingIncome": 13938000, "operatingIncomeRatio": 0.0798441841, "totalOtherIncomeExpensesNet": -3289000, "incomeBeforeTax": 10649000, "incomeBeforeTaxRatio": 0.0610030648, "incomeTaxExpense": 3887000, "netIncome": 6762000, "netIncomeRatio": 0.0387362873, "eps": 0.12, "epsdiluted": 0.11, "weightedAverageShsOut": 58512940, "weightedAverageShsOutDil": 60703586, "link": "https://www.sec.gov/Archives/edgar/data/1639300/000119312515399631/0001193125-15-399631-index.htm", "finalLink": "https://www.sec.gov/Archives/edgar/data/1639300/000119312515399631/d39969d10q.htm"}, {"date": "2015-08-01", "symbol": "OLLI", "reportedCurrency": "USD", "cik": "0001639300", "fillingDate": "2015-09-11", "acceptedDate": "2015-09-11 11:15:25", "calendarYear": "2015", "period": "Q2", "revenue": 181933000, "costOfRevenue": 111875000, "grossProfit": 70058000, "grossProfitRatio": 0.3850758246, "researchAndDevelopmentExpenses": 0, "generalAndAdministrativeExpenses": 0, "sellingAndMarketingExpenses": 0, "sellingGeneralAndAdministrativeExpenses": 49575000, "otherExpenses": 3642000, "operatingExpenses": 53217000, "costAndExpenses": 165092000, "interestIncome": 0, "interestExpense": 4423000, "depreciationAndAmortization": 1760000, "ebitda": 19146000, "ebitdaratio": 0.1052365431, "operatingIncome": 16841000, "operatingIncomeRatio": 0.0925670439, "totalOtherIncomeExpensesNet": -6774000, "incomeBeforeTax": 10067000, "incomeBeforeTaxRatio": 0.0553335569, "incomeTaxExpense": 3715000, "netIncome": 6352000, "netIncomeRatio": 0.0349139518, "eps": 0.13, "epsdiluted": 0.12, "weightedAverageShsOut": 50102137, "weightedAverageShsOutDil": 52056945, "link": "https://www.sec.gov/Archives/edgar/data/1639300/000119312515318078/0001193125-15-318078-index.htm", "finalLink": "https://www.sec.gov/Archives/edgar/data/1639300/000119312515318078/d940264d10q.htm"}, {"date": "2015-04-30", "symbol": "OLLI", "reportedCurrency": "USD", "cik": "0001639300", "fillingDate": "2015-04-30", "acceptedDate": "2015-04-29 20:00:00", "calendarYear": "2015", "period": "Q1", "revenue": 162470000, "costOfRevenue": 98427000, "grossProfit": 64043000, "grossProfitRatio": 0.3941835416, "researchAndDevelopmentExpenses": 0, "generalAndAdministrativeExpenses": 0, "sellingAndMarketingExpenses": 0, "sellingGeneralAndAdministrativeExpenses": 45871000, "otherExpenses": 2685000, "operatingExpenses": 48556000, "costAndExpenses": 146983000, "interestIncome": 0, "interestExpense": 0, "depreciationAndAmortization": 2238000, "ebitda": 17725000, "ebitdaratio": 0.1090970641, "operatingIncome": 15487000, "operatingIncomeRatio": 0.0953222133, "totalOtherIncomeExpensesNet": -4574000, "incomeBeforeTax": 10913000, "incomeBeforeTaxRatio": 0.0671693236, "incomeTaxExpense": 4252000, "netIncome": 6661000, "netIncomeRatio": 0.0409983382, "eps": 0.12, "epsdiluted": 0.12, "weightedAverageShsOut": 57124490, "weightedAverageShsOutDil": 57124490, "link": "", "finalLink": ""}, {"date": "2015-01-31", "symbol": "OLLI", "reportedCurrency": "USD", "cik": "0001639300", "fillingDate": "2015-01-31", "acceptedDate": "2015-01-30 19:00:00", "calendarYear": "2014", "period": "Q4", "revenue": 200665000, "costOfRevenue": 121357000, "grossProfit": 79308000, "grossProfitRatio": 0.395225874, "researchAndDevelopmentExpenses": 0, "generalAndAdministrativeExpenses": 29666000, "sellingAndMarketingExpenses": 23100000, "sellingGeneralAndAdministrativeExpenses": 52766000, "otherExpenses": 2420000, "operatingExpenses": 55186000, "costAndExpenses": 176543000, "interestIncome": 0, "interestExpense": 0, "depreciationAndAmortization": 2242000, "ebitda": 26364000, "ebitdaratio": 0.131383151, "operatingIncome": 24122000, "operatingIncomeRatio": 0.1202103008, "totalOtherIncomeExpensesNet": -4636000, "incomeBeforeTax": 19486000, "incomeBeforeTaxRatio": 0.0971071188, "incomeTaxExpense": 7478000, "netIncome": 12008000, "netIncomeRatio": 0.0598410286, "eps": 0.23, "epsdiluted": 0.23, "weightedAverageShsOut": 53217850, "weightedAverageShsOutDil": 53217850, "link": "", "finalLink": ""}, {"date": "2014-10-31", "symbol": "OLLI", "reportedCurrency": "USD", "cik": "0001639300", "fillingDate": "2014-10-31", "acceptedDate": "2014-10-30 20:00:00", "calendarYear": "2014", "period": "Q3", "revenue": 150005000, "costOfRevenue": 90410000, "grossProfit": 59595000, "grossProfitRatio": 0.3972867571, "researchAndDevelopmentExpenses": 0, "generalAndAdministrativeExpenses": 0, "sellingAndMarketingExpenses": 0, "sellingGeneralAndAdministrativeExpenses": 44063000, "otherExpenses": 2905000, "operatingExpenses": 46968000, "costAndExpenses": 137378000, "interestIncome": 0, "interestExpense": 0, "depreciationAndAmortization": 2245000, "ebitda": 14872000, "ebitdaratio": 0.0991433619, "operatingIncome": 12627000, "operatingIncomeRatio": 0.0841771941, "totalOtherIncomeExpensesNet": -4754000, "incomeBeforeTax": 7873000, "incomeBeforeTaxRatio": 0.0524849172, "incomeTaxExpense": 3022000, "netIncome": 4851000, "netIncomeRatio": 0.032338922, "eps": 0.0912, "epsdiluted": 0.0889, "weightedAverageShsOut": 53217850, "weightedAverageShsOutDil": 54566455, "link": "", "finalLink": ""}, {"date": "2014-07-31", "symbol": "OLLI", "reportedCurrency": "USD", "cik": "0001639300", "fillingDate": "2014-07-31", "acceptedDate": "2014-07-30 20:00:00", "calendarYear": "2014", "period": "Q2", "revenue": 152910000, "costOfRevenue": 93718000, "grossProfit": 59192000, "grossProfitRatio": 0.3871035249, "researchAndDevelopmentExpenses": 0, "generalAndAdministrativeExpenses": 0, "sellingAndMarketingExpenses": 0, "sellingGeneralAndAdministrativeExpenses": 42049000, "otherExpenses": 3128000, "operatingExpenses": 45177000, "costAndExpenses": 138895000, "interestIncome": 0, "interestExpense": 0, "depreciationAndAmortization": 2206000, "ebitda": 16221000, "ebitdaratio": 0.106082009, "operatingIncome": 14015000, "operatingIncomeRatio": 0.091655222, "totalOtherIncomeExpensesNet": -4720000, "incomeBeforeTax": 9295000, "incomeBeforeTaxRatio": 0.0607873913, "incomeTaxExpense": 3567000, "netIncome": 5728000, "netIncomeRatio": 0.0374599438, "eps": 0.11, "epsdiluted": 0.1, "weightedAverageShsOut": 53217850, "weightedAverageShsOutDil": 54566455, "link": "", "finalLink": ""}, {"date": "2014-04-30", "symbol": "OLLI", "reportedCurrency": "USD", "cik": "0001639300", "fillingDate": "2014-05-03", "acceptedDate": "2014-05-02 20:00:00", "calendarYear": "2014", "period": "Q1", "revenue": 134395000, "costOfRevenue": 78980000, "grossProfit": 55415000, "grossProfitRatio": 0.4123293277, "researchAndDevelopmentExpenses": 0, "generalAndAdministrativeExpenses": 0, "sellingAndMarketingExpenses": 0, "sellingGeneralAndAdministrativeExpenses": 39954000, "otherExpenses": 3444000, "operatingExpenses": 43398000, "costAndExpenses": 122378000, "interestIncome": 0, "interestExpense": 0, "depreciationAndAmortization": 2092000, "ebitda": 14109000, "ebitdaratio": 0.1049815841, "operatingIncome": 12017000, "operatingIncomeRatio": 0.0894155289, "totalOtherIncomeExpensesNet": -4993000, "incomeBeforeTax": 7024000, "incomeBeforeTaxRatio": 0.0522638491, "incomeTaxExpense": 2696000, "netIncome": 4328000, "netIncomeRatio": 0.032203579, "eps": 0.0813, "epsdiluted": 0.0793, "weightedAverageShsOut": 53217850, "weightedAverageShsOutDil": 54566455, "link": null, "finalLink": null}]