[{"date": "2025-06-30", "symbol": "RMBS", "reportedCurrency": "USD", "cik": "0000917273", "fillingDate": "2025-07-29", "acceptedDate": "2025-07-29 16:05:52", "calendarYear": "2025", "period": "Q2", "revenue": 172209000, "costOfRevenue": 34770000, "grossProfit": 137439000, "grossProfitRatio": 0.7980941763, "researchAndDevelopmentExpenses": 46331000, "generalAndAdministrativeExpenses": 28115000, "sellingAndMarketingExpenses": 0, "sellingGeneralAndAdministrativeExpenses": 28173000, "otherExpenses": 0, "operatingExpenses": 74504000, "costAndExpenses": 109274000, "interestIncome": 5228000, "interestExpense": 382000, "depreciationAndAmortization": 10204000, "ebitda": 78425000, "ebitdaratio": 0.4554059312, "operatingIncome": 62993000, "operatingIncomeRatio": 0.36579389, "totalOtherIncomeExpensesNet": 4846000, "incomeBeforeTax": 67839000, "incomeBeforeTaxRatio": 0.3939341149, "incomeTaxExpense": 9904000, "netIncome": 57935000, "netIncomeRatio": 0.3364226028, "eps": 0.54, "epsdiluted": 0.53, "weightedAverageShsOut": 107412000, "weightedAverageShsOutDil": 108639000, "link": "https://www.sec.gov/Archives/edgar/data/917273/000095017025099621/0000950170-25-099621-index.htm", "finalLink": "https://www.sec.gov/Archives/edgar/data/917273/000095017025099621/rmbs-20250630.htm"}, {"date": "2025-03-31", "symbol": "RMBS", "reportedCurrency": "USD", "cik": "0000917273", "fillingDate": "2025-04-29", "acceptedDate": "2025-04-29 16:04:07", "calendarYear": "2025", "period": "Q1", "revenue": 166664000, "costOfRevenue": 32842000, "grossProfit": 133822000, "grossProfitRatio": 0.8029448471, "researchAndDevelopmentExpenses": 42620000, "generalAndAdministrativeExpenses": 28000000, "sellingAndMarketingExpenses": 0, "sellingGeneralAndAdministrativeExpenses": 28000000, "otherExpenses": 58000, "operatingExpenses": 70678000, "costAndExpenses": 103520000, "interestIncome": 4856000, "interestExpense": 377000, "depreciationAndAmortization": 9835000, "ebitda": 77835000, "ebitdaratio": 0.4670174723, "operatingIncome": 63144000, "operatingIncomeRatio": 0.3788700619, "totalOtherIncomeExpensesNet": 4479000, "incomeBeforeTax": 67623000, "incomeBeforeTaxRatio": 0.4057444919, "incomeTaxExpense": 7320000, "netIncome": 60303000, "netIncomeRatio": 0.3618237892, "eps": 0.56, "epsdiluted": 0.56, "weightedAverageShsOut": 107236000, "weightedAverageShsOutDil": 108628000, "link": "https://www.sec.gov/Archives/edgar/data/917273/000091727325000075/0000917273-25-000075-index.htm", "finalLink": "https://www.sec.gov/Archives/edgar/data/917273/000091727325000075/rmbs-20250331.htm"}, {"date": "2024-12-31", "symbol": "RMBS", "reportedCurrency": "USD", "cik": "0000917273", "fillingDate": "2025-02-24", "acceptedDate": "2025-02-24 16:13:11", "calendarYear": "2024", "period": "Q4", "revenue": 161102000, "costOfRevenue": 31515000, "grossProfit": 129587000, "grossProfitRatio": 0.8043785924, "researchAndDevelopmentExpenses": 43698000, "generalAndAdministrativeExpenses": 0, "sellingAndMarketingExpenses": 15213000, "sellingGeneralAndAdministrativeExpenses": 27994000, "otherExpenses": 34000, "operatingExpenses": 71726000, "costAndExpenses": 103241000, "interestIncome": 4796000, "interestExpense": 352000, "depreciationAndAmortization": 10310000, "ebitda": 72967000, "ebitdaratio": 0.4529242343, "operatingIncome": 57861000, "operatingIncomeRatio": 0.3591575524, "totalOtherIncomeExpensesNet": 4444000, "incomeBeforeTax": 62305000, "incomeBeforeTaxRatio": 0.3867425606, "incomeTaxExpense": 103000, "netIncome": 62202000, "netIncomeRatio": 0.3861032141, "eps": 0.58, "epsdiluted": 0.57, "weightedAverageShsOut": 107438000, "weightedAverageShsOutDil": 109041000, "link": "https://www.sec.gov/Archives/edgar/data/917273/000091727325000021/0000917273-25-000021-index.htm", "finalLink": "https://www.sec.gov/Archives/edgar/data/917273/000091727325000021/rmbs-20241231.htm"}, {"date": "2024-09-30", "symbol": "RMBS", "reportedCurrency": "USD", "cik": "0000917273", "fillingDate": "2024-10-30", "acceptedDate": "2024-10-30 16:18:59", "calendarYear": "2024", "period": "Q3", "revenue": 145513000, "costOfRevenue": 28102000, "grossProfit": 117411000, "grossProfitRatio": 0.8068763616, "researchAndDevelopmentExpenses": 41299000, "generalAndAdministrativeExpenses": 25900000, "sellingAndMarketingExpenses": 0, "sellingGeneralAndAdministrativeExpenses": 25900000, "otherExpenses": -4483000, "operatingExpenses": 62716000, "costAndExpenses": 90818000, "interestIncome": 4667000, "interestExpense": 327000, "depreciationAndAmortization": 10648000, "ebitda": 70010000, "ebitdaratio": 0.4811253977, "operatingIncome": 54695000, "operatingIncomeRatio": 0.3758770694, "totalOtherIncomeExpensesNet": 4340000, "incomeBeforeTax": 59035000, "incomeBeforeTaxRatio": 0.4057025833, "incomeTaxExpense": 10370000, "netIncome": 48665000, "netIncomeRatio": 0.3344374729, "eps": 0.45, "epsdiluted": 0.45, "weightedAverageShsOut": 107235000, "weightedAverageShsOutDil": 108474000, "link": "https://www.sec.gov/Archives/edgar/data/917273/000091727324000107/0000917273-24-000107-index.htm", "finalLink": "https://www.sec.gov/Archives/edgar/data/917273/000091727324000107/rmbs-20240930.htm"}, {"date": "2024-06-30", "symbol": "RMBS", "reportedCurrency": "USD", "cik": "0000917273", "fillingDate": "2024-07-31", "acceptedDate": "2024-07-31 16:45:36", "calendarYear": "2024", "period": "Q2", "revenue": 132138000, "costOfRevenue": 34537000, "grossProfit": 97601000, "grossProfitRatio": 0.7386293118, "researchAndDevelopmentExpenses": 40525000, "generalAndAdministrativeExpenses": 24400000, "sellingAndMarketingExpenses": -7517000, "sellingGeneralAndAdministrativeExpenses": 16883000, "otherExpenses": 0, "operatingExpenses": 57408000, "costAndExpenses": 91945000, "interestIncome": 4400000, "interestExpense": 371000, "depreciationAndAmortization": 10758000, "ebitda": 55480000, "ebitdaratio": 0.4198640815, "operatingIncome": 40193000, "operatingIncomeRatio": 0.3041744237, "totalOtherIncomeExpensesNet": 4029000, "incomeBeforeTax": 44351000, "incomeBeforeTaxRatio": 0.3356415263, "incomeTaxExpense": 8295000, "netIncome": 36056000, "netIncomeRatio": 0.2728662459, "eps": 0.33, "epsdiluted": 0.33, "weightedAverageShsOut": 107721000, "weightedAverageShsOutDil": 109047000, "link": "https://www.sec.gov/Archives/edgar/data/917273/000091727324000100/0000917273-24-000100-index.htm", "finalLink": "https://www.sec.gov/Archives/edgar/data/917273/000091727324000100/rmbs-20240630.htm"}, {"date": "2024-03-31", "symbol": "RMBS", "reportedCurrency": "USD", "cik": "0000917273", "fillingDate": "2024-05-02", "acceptedDate": "2024-05-02 16:06:21", "calendarYear": "2024", "period": "Q1", "revenue": 117871000, "costOfRevenue": 31577000, "grossProfit": 86294000, "grossProfitRatio": 0.7321054373, "researchAndDevelopmentExpenses": 37359000, "generalAndAdministrativeExpenses": 25800000, "sellingAndMarketingExpenses": -7696000, "sellingGeneralAndAdministrativeExpenses": 18104000, "otherExpenses": 0, "operatingExpenses": 55463000, "costAndExpenses": 87040000, "interestIncome": 4587000, "interestExpense": 366000, "depreciationAndAmortization": 10974000, "ebitda": 41805000, "ebitdaratio": 0.3546673906, "operatingIncome": 30831000, "operatingIncomeRatio": 0.2615656099, "totalOtherIncomeExpensesNet": 4221000, "incomeBeforeTax": 34352000, "incomeBeforeTaxRatio": 0.2914372492, "incomeTaxExpense": 1454000, "netIncome": 32898000, "netIncomeRatio": 0.2791017299, "eps": 0.3, "epsdiluted": 0.3, "weightedAverageShsOut": 108090000, "weightedAverageShsOutDil": 110037000, "link": "https://www.sec.gov/Archives/edgar/data/917273/000091727324000088/0000917273-24-000088-index.htm", "finalLink": "https://www.sec.gov/Archives/edgar/data/917273/000091727324000088/rmbs-20240331.htm"}, {"date": "2023-12-31", "symbol": "RMBS", "reportedCurrency": "USD", "cik": "0000917273", "fillingDate": "2024-02-23", "acceptedDate": "2024-02-23 13:04:34", "calendarYear": "2023", "period": "Q4", "revenue": 122225000, "costOfRevenue": 21064000, "grossProfit": 101161000, "grossProfitRatio": 0.8276620986, "researchAndDevelopmentExpenses": 35985000, "generalAndAdministrativeExpenses": 31000000, "sellingAndMarketingExpenses": 0, "sellingGeneralAndAdministrativeExpenses": 25665000, "otherExpenses": 4380000, "operatingExpenses": 66030000, "costAndExpenses": 87094000, "interestIncome": 4215000, "interestExpense": 377000, "depreciationAndAmortization": 14339000, "ebitda": 77609000, "ebitdaratio": 0.6349682962, "operatingIncome": 35131000, "operatingIncomeRatio": 0.2874289221, "totalOtherIncomeExpensesNet": 27762000, "incomeBeforeTax": 62893000, "incomeBeforeTaxRatio": 0.5145673962, "incomeTaxExpense": 4348000, "netIncome": 58545000, "netIncomeRatio": 0.4789936592, "eps": 0.54, "epsdiluted": 0.53, "weightedAverageShsOut": 107703000, "weightedAverageShsOutDil": 110065000, "link": "https://www.sec.gov/Archives/edgar/data/917273/000091727324000028/0000917273-24-000028-index.htm", "finalLink": "https://www.sec.gov/Archives/edgar/data/917273/000091727324000028/rmbs-20231231.htm"}, {"date": "2023-09-30", "symbol": "RMBS", "reportedCurrency": "USD", "cik": "0000917273", "fillingDate": "2023-11-03", "acceptedDate": "2023-11-03 13:07:19", "calendarYear": "2023", "period": "Q3", "revenue": 105298000, "costOfRevenue": 24032000, "grossProfit": 84615000, "grossProfitRatio": 0.8035765162, "researchAndDevelopmentExpenses": 37368000, "generalAndAdministrativeExpenses": 25300000, "sellingAndMarketingExpenses": 0, "sellingGeneralAndAdministrativeExpenses": 25333000, "otherExpenses": -86306000, "operatingExpenses": -23605000, "costAndExpenses": 427000, "interestIncome": 2715000, "interestExpense": 356000, "depreciationAndAmortization": 11537000, "ebitda": 119123000, "ebitdaratio": 1.1312940417, "operatingIncome": 104871000, "operatingIncomeRatio": 0.9959448423, "totalOtherIncomeExpensesNet": 2359000, "incomeBeforeTax": 107230000, "incomeBeforeTaxRatio": 1.0183479268, "incomeTaxExpense": 4032000, "netIncome": 103198000, "netIncomeRatio": 0.9800566013, "eps": 0.95, "epsdiluted": 0.93, "weightedAverageShsOut": 108317000, "weightedAverageShsOutDil": 110775000, "link": "https://www.sec.gov/Archives/edgar/data/917273/000091727323000028/0000917273-23-000028-index.htm", "finalLink": "https://www.sec.gov/Archives/edgar/data/917273/000091727323000028/rmbs-20230930.htm"}, {"date": "2023-06-30", "symbol": "RMBS", "reportedCurrency": "USD", "cik": "0000917273", "fillingDate": "2023-08-04", "acceptedDate": "2023-08-04 13:04:58", "calendarYear": "2023", "period": "Q2", "revenue": 119832000, "costOfRevenue": 23598000, "grossProfit": 96234000, "grossProfitRatio": 0.803074304, "researchAndDevelopmentExpenses": 41576000, "generalAndAdministrativeExpenses": 26200000, "sellingAndMarketingExpenses": -13000, "sellingGeneralAndAdministrativeExpenses": 26187000, "otherExpenses": 0, "operatingExpenses": 68145000, "costAndExpenses": 91743000, "interestIncome": 2236000, "interestExpense": 376000, "depreciationAndAmortization": 13747000, "ebitda": 27678000, "ebitdaratio": 0.2309733627, "operatingIncome": 11695000, "operatingIncomeRatio": 0.0975949663, "totalOtherIncomeExpensesNet": 1860000, "incomeBeforeTax": 13555000, "incomeBeforeTaxRatio": 0.1131166967, "incomeTaxExpense": -155325000, "netIncome": 168880000, "netIncomeRatio": 1.4093063622, "eps": 1.55, "epsdiluted": 1.51, "weightedAverageShsOut": 109039000, "weightedAverageShsOutDil": 111601000, "link": "https://www.sec.gov/Archives/edgar/data/917273/000091727323000022/0000917273-23-000022-index.htm", "finalLink": "https://www.sec.gov/Archives/edgar/data/917273/000091727323000022/rmbs-20230630.htm"}, {"date": "2023-03-31", "symbol": "RMBS", "reportedCurrency": "USD", "cik": "0000917273", "fillingDate": "2023-05-05", "acceptedDate": "2023-05-05 13:04:03", "calendarYear": "2023", "period": "Q1", "revenue": 113762000, "costOfRevenue": 31676000, "grossProfit": 82086000, "grossProfitRatio": 0.7215590443, "researchAndDevelopmentExpenses": 41898000, "generalAndAdministrativeExpenses": 31000000, "sellingAndMarketingExpenses": -36000, "sellingGeneralAndAdministrativeExpenses": 30964000, "otherExpenses": 382000, "operatingExpenses": 73244000, "costAndExpenses": 104920000, "interestIncome": 2161000, "interestExpense": 381000, "depreciationAndAmortization": 12818000, "ebitda": 21660000, "ebitdaratio": 0.1903974965, "operatingIncome": 11003000, "operatingIncomeRatio": 0.096719467, "totalOtherIncomeExpensesNet": 1540000, "incomeBeforeTax": 3482000, "incomeBeforeTaxRatio": 0.0306077601, "incomeTaxExpense": 201000, "netIncome": 3281000, "netIncomeRatio": 0.0288409135, "eps": 0.0303, "epsdiluted": 0.0295, "weightedAverageShsOut": 108277000, "weightedAverageShsOutDil": 111153000, "link": "https://www.sec.gov/Archives/edgar/data/917273/000091727323000014/0000917273-23-000014-index.htm", "finalLink": "https://www.sec.gov/Archives/edgar/data/917273/000091727323000014/rmbs-20230331.htm"}, {"date": "2022-12-31", "symbol": "RMBS", "reportedCurrency": "USD", "cik": "0000917273", "fillingDate": "2023-02-24", "acceptedDate": "2023-02-24 15:07:44", "calendarYear": "2022", "period": "Q4", "revenue": 122367000, "costOfRevenue": 33384000, "grossProfit": 88983000, "grossProfitRatio": 0.7271813479, "researchAndDevelopmentExpenses": 40121000, "generalAndAdministrativeExpenses": 79400000, "sellingAndMarketingExpenses": -52091000, "sellingGeneralAndAdministrativeExpenses": 27309000, "otherExpenses": 415000, "operatingExpenses": 67845000, "costAndExpenses": 101229000, "interestIncome": 835000, "interestExpense": 484000, "depreciationAndAmortization": 12385000, "ebitda": 29358000, "ebitdaratio": 0.2399176248, "operatingIncome": 21973000, "operatingIncomeRatio": 0.1795663864, "totalOtherIncomeExpensesNet": 3966000, "incomeBeforeTax": 16489000, "incomeBeforeTaxRatio": 0.134750382, "incomeTaxExpense": 540000, "netIncome": 15949000, "netIncomeRatio": 0.1303374276, "eps": 0.15, "epsdiluted": 0.14, "weightedAverageShsOut": 107603000, "weightedAverageShsOutDil": 110820000, "link": "https://www.sec.gov/Archives/edgar/data/917273/000091727323000008/0000917273-23-000008-index.htm", "finalLink": "https://www.sec.gov/Archives/edgar/data/917273/000091727323000008/rmbs-20221231.htm"}, {"date": "2022-09-30", "symbol": "RMBS", "reportedCurrency": "USD", "cik": "0000917273", "fillingDate": "2022-11-04", "acceptedDate": "2022-11-04 13:03:43", "calendarYear": "2022", "period": "Q3", "revenue": 112244000, "costOfRevenue": 26984000, "grossProfit": 85260000, "grossProfitRatio": 0.7595951677, "researchAndDevelopmentExpenses": 39295000, "generalAndAdministrativeExpenses": 26200000, "sellingAndMarketingExpenses": -2000, "sellingGeneralAndAdministrativeExpenses": 26198000, "otherExpenses": 433000, "operatingExpenses": 65926000, "costAndExpenses": 92910000, "interestIncome": 2838000, "interestExpense": 437000, "depreciationAndAmortization": 12227000, "ebitda": 16104000, "ebitdaratio": 0.1434731478, "operatingIncome": 25719000, "operatingIncomeRatio": 0.2291347422, "totalOtherIncomeExpensesNet": -13483000, "incomeBeforeTax": 3440000, "incomeBeforeTaxRatio": 0.0306475179, "incomeTaxExpense": 2501000, "netIncome": 939000, "netIncomeRatio": 0.0083657033, "eps": 0.0085, "epsdiluted": 0.0084, "weightedAverageShsOut": 109968000, "weightedAverageShsOutDil": 111962000, "link": "https://www.sec.gov/Archives/edgar/data/917273/000091727322000031/0000917273-22-000031-index.htm", "finalLink": "https://www.sec.gov/Archives/edgar/data/917273/000091727322000031/rmbs-20220930.htm"}, {"date": "2022-06-30", "symbol": "RMBS", "reportedCurrency": "USD", "cik": "0000917273", "fillingDate": "2022-08-05", "acceptedDate": "2022-08-05 13:06:53", "calendarYear": "2022", "period": "Q2", "revenue": 121132000, "costOfRevenue": 24812000, "grossProfit": 96320000, "grossProfitRatio": 0.7951656045, "researchAndDevelopmentExpenses": 39538000, "generalAndAdministrativeExpenses": 26300000, "sellingAndMarketingExpenses": 5000, "sellingGeneralAndAdministrativeExpenses": 26305000, "otherExpenses": 417000, "operatingExpenses": 66260000, "costAndExpenses": 91072000, "interestIncome": 2738000, "interestExpense": 348000, "depreciationAndAmortization": 11687000, "ebitda": 41747000, "ebitdaratio": 0.3446405574, "operatingIncome": 35560000, "operatingIncomeRatio": 0.2935640458, "totalOtherIncomeExpensesNet": 2390000, "incomeBeforeTax": 37950000, "incomeBeforeTaxRatio": 0.3132945877, "incomeTaxExpense": 2930000, "netIncome": 35020000, "netIncomeRatio": 0.2891060991, "eps": 0.32, "epsdiluted": 0.31, "weightedAverageShsOut": 110447000, "weightedAverageShsOutDil": 112715000, "link": "https://www.sec.gov/Archives/edgar/data/917273/000091727322000025/0000917273-22-000025-index.htm", "finalLink": "https://www.sec.gov/Archives/edgar/data/917273/000091727322000025/rmbs-20220630.htm"}, {"date": "2022-03-31", "symbol": "RMBS", "reportedCurrency": "USD", "cik": "0000917273", "fillingDate": "2022-05-06", "acceptedDate": "2022-05-06 13:06:34", "calendarYear": "2022", "period": "Q1", "revenue": 99050000, "costOfRevenue": 22399000, "grossProfit": 76651000, "grossProfitRatio": 0.773861686, "researchAndDevelopmentExpenses": 39815000, "generalAndAdministrativeExpenses": 26900000, "sellingAndMarketingExpenses": 6000, "sellingGeneralAndAdministrativeExpenses": 26906000, "otherExpenses": 409000, "operatingExpenses": 67130000, "costAndExpenses": 89529000, "interestIncome": 1360000, "interestExpense": 605000, "depreciationAndAmortization": 10827000, "ebitda": -54272000, "ebitdaratio": -0.5479252903, "operatingIncome": 8321000, "operatingIncomeRatio": 0.0840080767, "totalOtherIncomeExpensesNet": -74025000, "incomeBeforeTax": -65704000, "incomeBeforeTaxRatio": -0.6633417466, "incomeTaxExpense": 514000, "netIncome": -66218000, "netIncomeRatio": -0.6685310449, "eps": -0.6, "epsdiluted": -0.6, "weightedAverageShsOut": 109889000, "weightedAverageShsOutDil": 109889000, "link": "https://www.sec.gov/Archives/edgar/data/917273/000091727322000018/0000917273-22-000018-index.htm", "finalLink": "https://www.sec.gov/Archives/edgar/data/917273/000091727322000018/rmbs-20220331.htm"}, {"date": "2021-12-31", "symbol": "RMBS", "reportedCurrency": "USD", "cik": "0000917273", "fillingDate": "2022-02-28", "acceptedDate": "2022-02-28 09:02:53", "calendarYear": "2021", "period": "Q4", "revenue": 91781000, "costOfRevenue": 17738000, "grossProfit": 74043000, "grossProfitRatio": 0.8067355989, "researchAndDevelopmentExpenses": 36263000, "generalAndAdministrativeExpenses": 68000000, "sellingAndMarketingExpenses": -44943000, "sellingGeneralAndAdministrativeExpenses": 23057000, "otherExpenses": 409000, "operatingExpenses": 59729000, "costAndExpenses": 77467000, "interestIncome": 1623000, "interestExpense": 2737000, "depreciationAndAmortization": 11199000, "ebitda": 21792000, "ebitdaratio": 0.2374347632, "operatingIncome": 8970000, "operatingIncomeRatio": 0.0977326462, "totalOtherIncomeExpensesNet": -1114000, "incomeBeforeTax": 7856000, "incomeBeforeTaxRatio": 0.0855950578, "incomeTaxExpense": 1751000, "netIncome": 6105000, "netIncomeRatio": 0.0665170351, "eps": 0.0552, "epsdiluted": 0.0531, "weightedAverageShsOut": 110538000, "weightedAverageShsOutDil": 114865000, "link": "https://www.sec.gov/Archives/edgar/data/917273/000091727322000010/0000917273-22-000010-index.htm", "finalLink": "https://www.sec.gov/Archives/edgar/data/917273/000091727322000010/rmbs-20211231.htm"}, {"date": "2021-09-30", "symbol": "RMBS", "reportedCurrency": "USD", "cik": "0000917273", "fillingDate": "2021-11-05", "acceptedDate": "2021-11-05 13:01:30", "calendarYear": "2021", "period": "Q3", "revenue": 81282000, "costOfRevenue": 18426000, "grossProfit": 62856000, "grossProfitRatio": 0.7733077434, "researchAndDevelopmentExpenses": 35592000, "generalAndAdministrativeExpenses": 22200000, "sellingAndMarketingExpenses": 10000, "sellingGeneralAndAdministrativeExpenses": 22210000, "otherExpenses": 359000, "operatingExpenses": 58161000, "costAndExpenses": 76587000, "interestIncome": 2726000, "interestExpense": 2672000, "depreciationAndAmortization": 11042000, "ebitda": 15737000, "ebitdaratio": 0.1936099013, "operatingIncome": 4695000, "operatingIncomeRatio": 0.0577618661, "totalOtherIncomeExpensesNet": 54000, "incomeBeforeTax": 4749000, "incomeBeforeTaxRatio": 0.0584262198, "incomeTaxExpense": 1073000, "netIncome": 3676000, "netIncomeRatio": 0.0452252651, "eps": 0.03, "epsdiluted": 0.03, "weightedAverageShsOut": 108989000, "weightedAverageShsOutDil": 113661000, "link": "https://www.sec.gov/Archives/edgar/data/917273/000091727321000028/0000917273-21-000028-index.htm", "finalLink": "https://www.sec.gov/Archives/edgar/data/917273/000091727321000028/rmbs-20210930.htm"}, {"date": "2021-06-30", "symbol": "RMBS", "reportedCurrency": "USD", "cik": "0000917273", "fillingDate": "2021-08-06", "acceptedDate": "2021-08-06 12:58:52", "calendarYear": "2021", "period": "Q2", "revenue": 84859000, "costOfRevenue": 16878000, "grossProfit": 67981000, "grossProfitRatio": 0.801105363, "researchAndDevelopmentExpenses": 31469000, "generalAndAdministrativeExpenses": 22200000, "sellingAndMarketingExpenses": -16000, "sellingGeneralAndAdministrativeExpenses": 22184000, "otherExpenses": 229000, "operatingExpenses": 53882000, "costAndExpenses": 70760000, "interestIncome": 2381000, "interestExpense": 2683000, "depreciationAndAmortization": 11223000, "ebitda": 27703000, "ebitdaratio": 0.3264591852, "operatingIncome": 14099000, "operatingIncomeRatio": 0.1661461955, "totalOtherIncomeExpensesNet": -302000, "incomeBeforeTax": 13797000, "incomeBeforeTaxRatio": 0.1625873508, "incomeTaxExpense": 2631000, "netIncome": 11166000, "netIncomeRatio": 0.1315829788, "eps": 0.1, "epsdiluted": 0.1, "weightedAverageShsOut": 112144000, "weightedAverageShsOutDil": 114931000, "link": "https://www.sec.gov/Archives/edgar/data/917273/000091727321000022/0000917273-21-000022-index.htm", "finalLink": "https://www.sec.gov/Archives/edgar/data/917273/000091727321000022/rmbs-20210630.htm"}, {"date": "2021-03-31", "symbol": "RMBS", "reportedCurrency": "USD", "cik": "0000917273", "fillingDate": "2021-05-07", "acceptedDate": "2021-05-07 13:07:23", "calendarYear": "2021", "period": "Q1", "revenue": 70382000, "costOfRevenue": 17352000, "grossProfit": 53030000, "grossProfitRatio": 0.7534596914, "researchAndDevelopmentExpenses": 32354000, "generalAndAdministrativeExpenses": 23600000, "sellingAndMarketingExpenses": 0, "sellingGeneralAndAdministrativeExpenses": 23600000, "otherExpenses": 229000, "operatingExpenses": 56183000, "costAndExpenses": 73535000, "interestIncome": 2981000, "interestExpense": 2614000, "depreciationAndAmortization": 10813000, "ebitda": 10311000, "ebitdaratio": 0.1465005257, "operatingIncome": -134000, "operatingIncomeRatio": -0.0019038959, "totalOtherIncomeExpensesNet": 367000, "incomeBeforeTax": -3116000, "incomeBeforeTaxRatio": -0.0442726834, "incomeTaxExpense": -503000, "netIncome": -2613000, "netIncomeRatio": -0.0371259697, "eps": -0.0233, "epsdiluted": -0.0233, "weightedAverageShsOut": 112211000, "weightedAverageShsOutDil": 112211000, "link": "https://www.sec.gov/Archives/edgar/data/917273/000091727321000016/0000917273-21-000016-index.htm", "finalLink": "https://www.sec.gov/Archives/edgar/data/917273/000091727321000016/rmbs-20210331.htm"}, {"date": "2020-12-31", "symbol": "RMBS", "reportedCurrency": "USD", "cik": "0000917273", "fillingDate": "2021-02-26", "acceptedDate": "2021-02-26 13:02:53", "calendarYear": "2020", "period": "Q4", "revenue": 61913000, "costOfRevenue": 13451000, "grossProfit": 48462000, "grossProfitRatio": 0.7827435272, "researchAndDevelopmentExpenses": 34752000, "generalAndAdministrativeExpenses": 44205000, "sellingAndMarketingExpenses": -22973000, "sellingGeneralAndAdministrativeExpenses": 21232000, "otherExpenses": 229000, "operatingExpenses": 56213000, "costAndExpenses": 69664000, "interestIncome": 3081000, "interestExpense": 2619000, "depreciationAndAmortization": 229000, "ebitda": 4740000, "ebitdaratio": 0.0765590425, "operatingIncome": -7751000, "operatingIncomeRatio": -0.1251918014, "totalOtherIncomeExpensesNet": 462000, "incomeBeforeTax": -10542000, "incomeBeforeTaxRatio": -0.170271187, "incomeTaxExpense": 1524000, "netIncome": -12066000, "netIncomeRatio": -0.1948863728, "eps": -0.11, "epsdiluted": -0.11, "weightedAverageShsOut": 112706000, "weightedAverageShsOutDil": 113254000, "link": "https://www.sec.gov/Archives/edgar/data/917273/000091727321000005/0000917273-21-000005-index.htm", "finalLink": "https://www.sec.gov/Archives/edgar/data/917273/000091727321000005/rmbs-20201231.htm"}, {"date": "2020-09-30", "symbol": "RMBS", "reportedCurrency": "USD", "cik": "0000917273", "fillingDate": "2020-11-06", "acceptedDate": "2020-11-06 12:38:58", "calendarYear": "2020", "period": "Q3", "revenue": 56915000, "costOfRevenue": 15264000, "grossProfit": 41651000, "grossProfitRatio": 0.7318105947, "researchAndDevelopmentExpenses": 33733000, "generalAndAdministrativeExpenses": 0, "sellingAndMarketingExpenses": 0, "sellingGeneralAndAdministrativeExpenses": 20182000, "otherExpenses": 0, "operatingExpenses": 54151000, "costAndExpenses": 69415000, "interestIncome": 3554000, "interestExpense": 2586000, "depreciationAndAmortization": 236000, "ebitda": 1764000, "ebitdaratio": 0.0309935869, "operatingIncome": -12500000, "operatingIncomeRatio": -0.2196257577, "totalOtherIncomeExpensesNet": 878000, "incomeBeforeTax": -11622000, "incomeBeforeTaxRatio": -0.2041992445, "incomeTaxExpense": 1157000, "netIncome": -12779000, "netIncomeRatio": -0.2245278046, "eps": -0.11, "epsdiluted": -0.11, "weightedAverageShsOut": 113828000, "weightedAverageShsOutDil": 113828000, "link": "https://www.sec.gov/Archives/edgar/data/917273/000091727320000031/0000917273-20-000031-index.htm", "finalLink": "https://www.sec.gov/Archives/edgar/data/917273/000091727320000031/rmbs-20200930.htm"}, {"date": "2020-06-30", "symbol": "RMBS", "reportedCurrency": "USD", "cik": "0000917273", "fillingDate": "2020-08-07", "acceptedDate": "2020-08-07 14:37:07", "calendarYear": "2020", "period": "Q2", "revenue": 59930000, "costOfRevenue": 16148000, "grossProfit": 43782000, "grossProfitRatio": 0.730552311, "researchAndDevelopmentExpenses": 34688000, "generalAndAdministrativeExpenses": 21310000, "sellingAndMarketingExpenses": 0, "sellingGeneralAndAdministrativeExpenses": 21310000, "otherExpenses": 248000, "operatingExpenses": 56246000, "costAndExpenses": 72394000, "interestIncome": 4688000, "interestExpense": 2580000, "depreciationAndAmortization": 248000, "ebitda": 5920000, "ebitdaratio": 0.0987819122, "operatingIncome": -7867000, "operatingIncomeRatio": -0.1312698148, "totalOtherIncomeExpensesNet": 641000, "incomeBeforeTax": -10447000, "incomeBeforeTaxRatio": -0.17432004, "incomeTaxExpense": 334000, "netIncome": -10781000, "netIncomeRatio": -0.1798932087, "eps": -0.0949, "epsdiluted": -0.0949, "weightedAverageShsOut": 113572000, "weightedAverageShsOutDil": 113572000, "link": "https://www.sec.gov/Archives/edgar/data/917273/000091727320000024/0000917273-20-000024-index.htm", "finalLink": "https://www.sec.gov/Archives/edgar/data/917273/000091727320000024/rmbs-20200630.htm"}, {"date": "2020-03-31", "symbol": "RMBS", "reportedCurrency": "USD", "cik": "0000917273", "fillingDate": "2020-05-08", "acceptedDate": "2020-05-08 12:11:39", "calendarYear": "2020", "period": "Q1", "revenue": 63989000, "costOfRevenue": 15885000, "grossProfit": 48104000, "grossProfitRatio": 0.7517542078, "researchAndDevelopmentExpenses": 36664000, "generalAndAdministrativeExpenses": 22895000, "sellingAndMarketingExpenses": 0, "sellingGeneralAndAdministrativeExpenses": 22895000, "otherExpenses": 348000, "operatingExpenses": 59907000, "costAndExpenses": 75792000, "interestIncome": 6443000, "interestExpense": 2555000, "depreciationAndAmortization": 348000, "ebitda": 7527000, "ebitdaratio": 0.1176295926, "operatingIncome": -5429000, "operatingIncomeRatio": -0.0848427073, "totalOtherIncomeExpensesNet": 2442000, "incomeBeforeTax": -7020000, "incomeBeforeTaxRatio": -0.1097063558, "incomeTaxExpense": 963000, "netIncome": -7983000, "netIncomeRatio": -0.1247558174, "eps": -0.0732, "epsdiluted": -0.0707, "weightedAverageShsOut": 108983333, "weightedAverageShsOutDil": 112907000, "link": "https://www.sec.gov/Archives/edgar/data/917273/000091727320000011/0000917273-20-000011-index.htm", "finalLink": "https://www.sec.gov/Archives/edgar/data/917273/000091727320000011/rmbs-2020331x10q.htm"}, {"date": "2019-12-31", "symbol": "RMBS", "reportedCurrency": "USD", "cik": "0000917273", "fillingDate": "2020-02-26", "acceptedDate": "2020-02-26 13:17:53", "calendarYear": "2019", "period": "Q4", "revenue": 59947000, "costOfRevenue": 14576000, "grossProfit": 45371000, "grossProfitRatio": 0.7568518858, "researchAndDevelopmentExpenses": 36820000, "generalAndAdministrativeExpenses": 0, "sellingAndMarketingExpenses": 0, "sellingGeneralAndAdministrativeExpenses": 24872000, "otherExpenses": 0, "operatingExpenses": 61692000, "costAndExpenses": 76268000, "interestIncome": 6263000, "interestExpense": 2550000, "depreciationAndAmortization": 11243000, "ebitda": 4295000, "ebitdaratio": 0.0716466212, "operatingIncome": -16321000, "operatingIncomeRatio": -0.2722571605, "totalOtherIncomeExpensesNet": -685000, "incomeBeforeTax": -9498000, "incomeBeforeTaxRatio": -0.1584399553, "incomeTaxExpense": 34000, "netIncome": -9532000, "netIncomeRatio": -0.159007123, "eps": -0.0859, "epsdiluted": -0.0859, "weightedAverageShsOut": 110948000, "weightedAverageShsOutDil": 110948000, "link": "https://www.sec.gov/Archives/edgar/data/917273/000091727320000005/0000917273-20-000005-index.htm", "finalLink": "https://www.sec.gov/Archives/edgar/data/917273/000091727320000005/rmbs-20191231x10xk.htm"}, {"date": "2019-09-30", "symbol": "RMBS", "reportedCurrency": "USD", "cik": "0000917273", "fillingDate": "2019-11-08", "acceptedDate": "2019-11-08 13:49:29", "calendarYear": "2019", "period": "Q3", "revenue": 57399000, "costOfRevenue": 12574000, "grossProfit": 44825000, "grossProfitRatio": 0.7809369501, "researchAndDevelopmentExpenses": 41486000, "generalAndAdministrativeExpenses": 0, "sellingAndMarketingExpenses": 0, "sellingGeneralAndAdministrativeExpenses": 26691000, "otherExpenses": 0, "operatingExpenses": 68177000, "costAndExpenses": 80751000, "interestIncome": 6727000, "interestExpense": 2497000, "depreciationAndAmortization": 9480000, "ebitda": -6666000, "ebitdaratio": -0.1161344274, "operatingIncome": -22873000, "operatingIncomeRatio": -0.3984912629, "totalOtherIncomeExpensesNet": 4230000, "incomeBeforeTax": -18643000, "incomeBeforeTaxRatio": -0.3247965992, "incomeTaxExpense": -1312000, "netIncome": -17331000, "netIncomeRatio": -0.3019390582, "eps": -0.16, "epsdiluted": -0.16, "weightedAverageShsOut": 108318750, "weightedAverageShsOutDil": 111315000, "link": "https://www.sec.gov/Archives/edgar/data/917273/000091727319000026/0000917273-19-000026-index.htm", "finalLink": "https://www.sec.gov/Archives/edgar/data/917273/000091727319000026/rmbs-2019930x10q.htm"}, {"date": "2019-06-30", "symbol": "RMBS", "reportedCurrency": "USD", "cik": "0000917273", "fillingDate": "2019-08-02", "acceptedDate": "2019-08-02 14:10:23", "calendarYear": "2019", "period": "Q2", "revenue": 58297000, "costOfRevenue": 13027000, "grossProfit": 45270000, "grossProfitRatio": 0.7765408169, "researchAndDevelopmentExpenses": 37890000, "generalAndAdministrativeExpenses": 0, "sellingAndMarketingExpenses": 0, "sellingGeneralAndAdministrativeExpenses": 24908000, "otherExpenses": 0, "operatingExpenses": 62798000, "costAndExpenses": 75825000, "interestIncome": 6972000, "interestExpense": 2534000, "depreciationAndAmortization": 10045000, "ebitda": -20029000, "ebitdaratio": -0.3435682797, "operatingIncome": -37046000, "operatingIncomeRatio": -0.6354700928, "totalOtherIncomeExpensesNet": 4438000, "incomeBeforeTax": -32608000, "incomeBeforeTaxRatio": -0.5593426763, "incomeTaxExpense": 4372000, "netIncome": -36980000, "netIncomeRatio": -0.6343379591, "eps": -0.33, "epsdiluted": -0.33, "weightedAverageShsOut": 110875000, "weightedAverageShsOutDil": 110875000, "link": "https://www.sec.gov/Archives/edgar/data/917273/000091727319000020/0000917273-19-000020-index.htm", "finalLink": "https://www.sec.gov/Archives/edgar/data/917273/000091727319000020/rmbs-2019630x10q.htm"}, {"date": "2019-03-31", "symbol": "RMBS", "reportedCurrency": "USD", "cik": "0000917273", "fillingDate": "2019-05-03", "acceptedDate": "2019-05-03 13:37:04", "calendarYear": "2019", "period": "Q1", "revenue": 48384000, "costOfRevenue": 11198000, "grossProfit": 37186000, "grossProfitRatio": 0.7685598545, "researchAndDevelopmentExpenses": 40619000, "generalAndAdministrativeExpenses": 0, "sellingAndMarketingExpenses": 0, "sellingGeneralAndAdministrativeExpenses": 27645000, "otherExpenses": 0, "operatingExpenses": 68264000, "costAndExpenses": 79462000, "interestIncome": 7413000, "interestExpense": 2271000, "depreciationAndAmortization": 9797000, "ebitda": -14199000, "ebitdaratio": -0.2934647817, "operatingIncome": -31409000, "operatingIncomeRatio": -0.6491608796, "totalOtherIncomeExpensesNet": 5142000, "incomeBeforeTax": -26267000, "incomeBeforeTaxRatio": -0.542886078, "incomeTaxExpense": 309000, "netIncome": -26576000, "netIncomeRatio": -0.5492724868, "eps": -0.24, "epsdiluted": -0.24, "weightedAverageShsOut": 109692000, "weightedAverageShsOutDil": 109692000, "link": "https://www.sec.gov/Archives/edgar/data/917273/000091727319000012/0000917273-19-000012-index.htm", "finalLink": "https://www.sec.gov/Archives/edgar/data/917273/000091727319000012/rmbs-2019331x10q.htm"}, {"date": "2018-12-31", "symbol": "RMBS", "reportedCurrency": "USD", "cik": "0000917273", "fillingDate": "2019-02-22", "acceptedDate": "2019-02-22 12:55:46", "calendarYear": "2018", "period": "Q4", "revenue": 68563000, "costOfRevenue": 10606000, "grossProfit": 57957000, "grossProfitRatio": 0.8453101527, "researchAndDevelopmentExpenses": 37395000, "generalAndAdministrativeExpenses": 0, "sellingAndMarketingExpenses": 0, "sellingGeneralAndAdministrativeExpenses": 24768000, "otherExpenses": 0, "operatingExpenses": 62163000, "costAndExpenses": 72769000, "interestIncome": 7248000, "interestExpense": 3251000, "depreciationAndAmortization": 7633000, "ebitda": 10675000, "ebitdaratio": 0.155696221, "operatingIncome": 3042000, "operatingIncomeRatio": 0.0443679536, "totalOtherIncomeExpensesNet": 3997000, "incomeBeforeTax": -203000, "incomeBeforeTaxRatio": -0.0029607806, "incomeTaxExpense": 1815000, "netIncome": -2018000, "netIncomeRatio": -0.0294327844, "eps": -0.0186, "epsdiluted": -0.0186, "weightedAverageShsOut": 108450000, "weightedAverageShsOutDil": 108450000, "link": "https://www.sec.gov/Archives/edgar/data/917273/000091727319000006/0000917273-19-000006-index.htm", "finalLink": "https://www.sec.gov/Archives/edgar/data/917273/000091727319000006/rmbs-20181231x10xk.htm"}, {"date": "2018-09-30", "symbol": "RMBS", "reportedCurrency": "USD", "cik": "0000917273", "fillingDate": "2018-11-02", "acceptedDate": "2018-11-02 13:13:04", "calendarYear": "2018", "period": "Q3", "revenue": 59754000, "costOfRevenue": 11328000, "grossProfit": 48426000, "grossProfitRatio": 0.8104227332, "researchAndDevelopmentExpenses": 43131000, "generalAndAdministrativeExpenses": 0, "sellingAndMarketingExpenses": 0, "sellingGeneralAndAdministrativeExpenses": 24462000, "otherExpenses": 0, "operatingExpenses": 67593000, "costAndExpenses": 78921000, "interestIncome": 8008000, "interestExpense": 3976000, "depreciationAndAmortization": 7661000, "ebitda": -3498000, "ebitdaratio": -0.0585400141, "operatingIncome": -19167000, "operatingIncomeRatio": -0.3207651371, "totalOtherIncomeExpensesNet": 4032000, "incomeBeforeTax": -15135000, "incomeBeforeTaxRatio": -0.2532884828, "incomeTaxExpense": 89069000, "netIncome": -104204000, "netIncomeRatio": -1.7438832547, "eps": -0.97, "epsdiluted": -0.97, "weightedAverageShsOut": 107897000, "weightedAverageShsOutDil": 107897000, "link": "https://www.sec.gov/Archives/edgar/data/917273/000091727318000028/0000917273-18-000028-index.htm", "finalLink": "https://www.sec.gov/Archives/edgar/data/917273/000091727318000028/rmbs-2018930x10q.htm"}, {"date": "2018-06-30", "symbol": "RMBS", "reportedCurrency": "USD", "cik": "0000917273", "fillingDate": "2018-08-03", "acceptedDate": "2018-08-03 10:21:51", "calendarYear": "2018", "period": "Q2", "revenue": 56458000, "costOfRevenue": 15288000, "grossProfit": 41170000, "grossProfitRatio": 0.7292146374, "researchAndDevelopmentExpenses": 37696000, "generalAndAdministrativeExpenses": 0, "sellingAndMarketingExpenses": 0, "sellingGeneralAndAdministrativeExpenses": 24483000, "otherExpenses": 0, "operatingExpenses": 62179000, "costAndExpenses": 77467000, "interestIncome": 8249000, "interestExpense": 4634000, "depreciationAndAmortization": 11325000, "ebitda": -413000, "ebitdaratio": -0.0073151723, "operatingIncome": -19987000, "operatingIncomeRatio": -0.3540153743, "totalOtherIncomeExpensesNet": 3615000, "incomeBeforeTax": -16372000, "incomeBeforeTaxRatio": -0.2899854759, "incomeTaxExpense": -1015000, "netIncome": -15357000, "netIncomeRatio": -0.27200751, "eps": -0.14, "epsdiluted": -0.14, "weightedAverageShsOut": 107737000, "weightedAverageShsOutDil": 107737000, "link": "https://www.sec.gov/Archives/edgar/data/917273/000091727318000019/0000917273-18-000019-index.htm", "finalLink": "https://www.sec.gov/Archives/edgar/data/917273/000091727318000019/rmbs-2018630x10q.htm"}, {"date": "2018-03-31", "symbol": "RMBS", "reportedCurrency": "USD", "cik": "0000917273", "fillingDate": "2018-05-10", "acceptedDate": "2018-05-10 17:00:06", "calendarYear": "2018", "period": "Q1", "revenue": 46426000, "costOfRevenue": 16479000, "grossProfit": 29947000, "grossProfitRatio": 0.6450480334, "researchAndDevelopmentExpenses": 40117000, "generalAndAdministrativeExpenses": 0, "sellingAndMarketingExpenses": 0, "sellingGeneralAndAdministrativeExpenses": 30198000, "otherExpenses": 0, "operatingExpenses": 70315000, "costAndExpenses": 86794000, "interestIncome": 9116000, "interestExpense": 4421000, "depreciationAndAmortization": 13473000, "ebitda": -21024000, "ebitdaratio": -0.4528496963, "operatingIncome": -43613000, "operatingIncomeRatio": -0.9394089519, "totalOtherIncomeExpensesNet": 4695000, "incomeBeforeTax": -38918000, "incomeBeforeTaxRatio": -0.838280274, "incomeTaxExpense": -1000, "netIncome": -38917000, "netIncomeRatio": -0.8382587343, "eps": -0.36, "epsdiluted": -0.36, "weightedAverageShsOut": 108148484, "weightedAverageShsOutDil": 109358000, "link": "https://www.sec.gov/Archives/edgar/data/917273/000091727318000012/0000917273-18-000012-index.htm", "finalLink": "https://www.sec.gov/Archives/edgar/data/917273/000091727318000012/rmbs-2018331x10q.htm"}, {"date": "2017-12-31", "symbol": "RMBS", "reportedCurrency": "USD", "cik": "0000917273", "fillingDate": "2018-02-23", "acceptedDate": "2018-02-23 14:47:01", "calendarYear": "2017", "period": "Q4", "revenue": 101891000, "costOfRevenue": 17991000, "grossProfit": 83900000, "grossProfitRatio": 0.8234289584, "researchAndDevelopmentExpenses": 39417000, "generalAndAdministrativeExpenses": 0, "sellingAndMarketingExpenses": 0, "sellingGeneralAndAdministrativeExpenses": 28818000, "otherExpenses": 0, "operatingExpenses": 68235000, "costAndExpenses": 86226000, "interestIncome": 893000, "interestExpense": 3966000, "depreciationAndAmortization": 13641000, "ebitda": 29360000, "ebitdaratio": 0.2881510634, "operatingIncome": 15719000, "operatingIncomeRatio": 0.1542727032, "totalOtherIncomeExpensesNet": -4155000, "incomeBeforeTax": 11564000, "incomeBeforeTaxRatio": 0.1134938316, "incomeTaxExpense": 47732000, "netIncome": -36168000, "netIncomeRatio": -0.3549675634, "eps": -0.33, "epsdiluted": -0.33, "weightedAverageShsOut": 109737000, "weightedAverageShsOutDil": 110198000, "link": "https://www.sec.gov/Archives/edgar/data/917273/000091727318000007/0000917273-18-000007-index.htm", "finalLink": "https://www.sec.gov/Archives/edgar/data/917273/000091727318000007/rmbs-20171231x10xk.htm"}, {"date": "2017-09-30", "symbol": "RMBS", "reportedCurrency": "USD", "cik": "0000917273", "fillingDate": "2017-10-27", "acceptedDate": "2017-10-27 13:12:21", "calendarYear": "2017", "period": "Q3", "revenue": 99134000, "costOfRevenue": 19608000, "grossProfit": 79526000, "grossProfitRatio": 0.8022071136, "researchAndDevelopmentExpenses": 36196000, "generalAndAdministrativeExpenses": 0, "sellingAndMarketingExpenses": 0, "sellingGeneralAndAdministrativeExpenses": 26799000, "otherExpenses": 0, "operatingExpenses": 62995000, "costAndExpenses": 82603000, "interestIncome": 208000, "interestExpense": 3287000, "depreciationAndAmortization": 13747000, "ebitda": 30965000, "ebitdaratio": 0.3123549943, "operatingIncome": 17010000, "operatingIncomeRatio": 0.1715859342, "totalOtherIncomeExpensesNet": -3079000, "incomeBeforeTax": 13931000, "incomeBeforeTaxRatio": 0.1405269635, "incomeTaxExpense": 6236000, "netIncome": 7695000, "netIncomeRatio": 0.0776222083, "eps": 0.07, "epsdiluted": 0.07, "weightedAverageShsOut": 109555000, "weightedAverageShsOutDil": 113119000, "link": "https://www.sec.gov/Archives/edgar/data/917273/000091727317000024/0000917273-17-000024-index.htm", "finalLink": "https://www.sec.gov/Archives/edgar/data/917273/000091727317000024/rmbs-2017930x10q.htm"}, {"date": "2017-06-30", "symbol": "RMBS", "reportedCurrency": "USD", "cik": "0000917273", "fillingDate": "2017-07-28", "acceptedDate": "2017-07-28 13:14:21", "calendarYear": "2017", "period": "Q2", "revenue": 94720000, "costOfRevenue": 21817000, "grossProfit": 72903000, "grossProfitRatio": 0.7696684966, "researchAndDevelopmentExpenses": 37522000, "generalAndAdministrativeExpenses": 0, "sellingAndMarketingExpenses": 0, "sellingGeneralAndAdministrativeExpenses": 27137000, "otherExpenses": 0, "operatingExpenses": 64659000, "costAndExpenses": 86476000, "interestIncome": 129000, "interestExpense": 3261000, "depreciationAndAmortization": 13780000, "ebitda": 22024000, "ebitdaratio": 0.2325168919, "operatingIncome": 8244000, "operatingIncomeRatio": 0.087035473, "totalOtherIncomeExpensesNet": -3132000, "incomeBeforeTax": 5112000, "incomeBeforeTaxRatio": 0.0539695946, "incomeTaxExpense": 2507000, "netIncome": 2605000, "netIncomeRatio": 0.0275021115, "eps": 0.02, "epsdiluted": 0.02, "weightedAverageShsOut": 110060000, "weightedAverageShsOutDil": 112565000, "link": "https://www.sec.gov/Archives/edgar/data/917273/000091727317000019/0000917273-17-000019-index.htm", "finalLink": "https://www.sec.gov/Archives/edgar/data/917273/000091727317000019/rmbs-2017630x10q.htm"}, {"date": "2017-03-31", "symbol": "RMBS", "reportedCurrency": "USD", "cik": "0000917273", "fillingDate": "2017-04-28", "acceptedDate": "2017-04-28 12:36:01", "calendarYear": "2017", "period": "Q1", "revenue": 97351000, "costOfRevenue": 19731000, "grossProfit": 77620000, "grossProfitRatio": 0.7973210342, "researchAndDevelopmentExpenses": 36000000, "generalAndAdministrativeExpenses": 0, "sellingAndMarketingExpenses": 0, "sellingGeneralAndAdministrativeExpenses": 28186000, "otherExpenses": 0, "operatingExpenses": 64186000, "costAndExpenses": 83917000, "interestIncome": 154000, "interestExpense": 3206000, "depreciationAndAmortization": 13880000, "ebitda": 27314000, "ebitdaratio": 0.2805723619, "operatingIncome": 13434000, "operatingIncomeRatio": 0.1379955008, "totalOtherIncomeExpensesNet": -3052000, "incomeBeforeTax": 10382000, "incomeBeforeTaxRatio": 0.1066450268, "incomeTaxExpense": 7376000, "netIncome": 3006000, "netIncomeRatio": 0.0308779571, "eps": 0.03, "epsdiluted": 0.03, "weightedAverageShsOut": 111464000, "weightedAverageShsOutDil": 115325000, "link": "https://www.sec.gov/Archives/edgar/data/917273/000091727317000013/0000917273-17-000013-index.htm", "finalLink": "https://www.sec.gov/Archives/edgar/data/917273/000091727317000013/rmbs-2017331x10q.htm"}, {"date": "2016-12-31", "symbol": "RMBS", "reportedCurrency": "USD", "cik": "0000917273", "fillingDate": "2017-02-17", "acceptedDate": "2017-02-17 14:26:12", "calendarYear": "2016", "period": "Q4", "revenue": 97559000, "costOfRevenue": 21370000, "grossProfit": 76189000, "grossProfitRatio": 0.7809530643, "researchAndDevelopmentExpenses": 38744000, "generalAndAdministrativeExpenses": 0, "sellingAndMarketingExpenses": 0, "sellingGeneralAndAdministrativeExpenses": 25466000, "otherExpenses": 0, "operatingExpenses": 64210000, "costAndExpenses": 85580000, "interestIncome": 218000, "interestExpense": 3248000, "depreciationAndAmortization": 3433000, "ebitda": 15412000, "ebitdaratio": 0.157976199, "operatingIncome": 11979000, "operatingIncomeRatio": 0.1227872364, "totalOtherIncomeExpensesNet": -3030000, "incomeBeforeTax": -2506000, "incomeBeforeTaxRatio": -0.0256870202, "incomeTaxExpense": 939000, "netIncome": -3445000, "netIncomeRatio": -0.0353119651, "eps": -0.0313, "epsdiluted": -0.0304, "weightedAverageShsOut": 110162000, "weightedAverageShsOutDil": 113140000, "link": "https://www.sec.gov/Archives/edgar/data/917273/000091727317000007/0000917273-17-000007-index.htm", "finalLink": "https://www.sec.gov/Archives/edgar/data/917273/000091727317000007/rmbs-20161231x10xk.htm"}, {"date": "2016-09-30", "symbol": "RMBS", "reportedCurrency": "USD", "cik": "0000917273", "fillingDate": "2016-10-28", "acceptedDate": "2016-10-28 14:11:58", "calendarYear": "2016", "period": "Q3", "revenue": 89855000, "costOfRevenue": 19424000, "grossProfit": 70431000, "grossProfitRatio": 0.7838295031, "researchAndDevelopmentExpenses": 33820000, "generalAndAdministrativeExpenses": 0, "sellingAndMarketingExpenses": 0, "sellingGeneralAndAdministrativeExpenses": 24795000, "otherExpenses": 0, "operatingExpenses": 58615000, "costAndExpenses": 78039000, "interestIncome": 142000, "interestExpense": 3193000, "depreciationAndAmortization": 13597000, "ebitda": 26613000, "ebitdaratio": 0.2961771743, "operatingIncome": 11816000, "operatingIncomeRatio": 0.1315007512, "totalOtherIncomeExpensesNet": -3051000, "incomeBeforeTax": 8765000, "incomeBeforeTaxRatio": 0.0975460464, "incomeTaxExpense": 4254000, "netIncome": 4511000, "netIncomeRatio": 0.050203105, "eps": 0.04, "epsdiluted": 0.04, "weightedAverageShsOut": 110214000, "weightedAverageShsOutDil": 113723000, "link": "https://www.sec.gov/Archives/edgar/data/917273/000091727316000046/0000917273-16-000046-index.htm", "finalLink": "https://www.sec.gov/Archives/edgar/data/917273/000091727316000046/rmbs-2016930x10q.htm"}, {"date": "2016-06-30", "symbol": "RMBS", "reportedCurrency": "USD", "cik": "0000917273", "fillingDate": "2016-07-22", "acceptedDate": "2016-07-22 13:49:06", "calendarYear": "2016", "period": "Q2", "revenue": 76501000, "costOfRevenue": 14089000, "grossProfit": 62412000, "grossProfitRatio": 0.8158324728, "researchAndDevelopmentExpenses": 28753000, "generalAndAdministrativeExpenses": 0, "sellingAndMarketingExpenses": 0, "sellingGeneralAndAdministrativeExpenses": 21789000, "otherExpenses": 0, "operatingExpenses": 50542000, "costAndExpenses": 64631000, "interestIncome": 1138000, "interestExpense": 3163000, "depreciationAndAmortization": 11148000, "ebitda": 23818000, "ebitdaratio": 0.3113423354, "operatingIncome": 12008000, "operatingIncomeRatio": 0.1569652684, "totalOtherIncomeExpensesNet": -2025000, "incomeBeforeTax": 9983000, "incomeBeforeTaxRatio": 0.1304950262, "incomeTaxExpense": 6107000, "netIncome": 3876000, "netIncomeRatio": 0.0506660044, "eps": 0.04, "epsdiluted": 0.03, "weightedAverageShsOut": 109904000, "weightedAverageShsOutDil": 112061000, "link": "https://www.sec.gov/Archives/edgar/data/917273/000091727316000040/0000917273-16-000040-index.htm", "finalLink": "https://www.sec.gov/Archives/edgar/data/917273/000091727316000040/rmbs-2016630x10q.htm"}, {"date": "2016-03-31", "symbol": "RMBS", "reportedCurrency": "USD", "cik": "0000917273", "fillingDate": "2016-04-22", "acceptedDate": "2016-04-22 13:59:39", "calendarYear": "2016", "period": "Q1", "revenue": 72682000, "costOfRevenue": 12207000, "grossProfit": 60475000, "grossProfitRatio": 0.8320492006, "researchAndDevelopmentExpenses": 28527000, "generalAndAdministrativeExpenses": 0, "sellingAndMarketingExpenses": 0, "sellingGeneralAndAdministrativeExpenses": 23095000, "otherExpenses": 0, "operatingExpenses": 51622000, "costAndExpenses": 63829000, "interestIncome": 242000, "interestExpense": 3141000, "depreciationAndAmortization": 10688000, "ebitda": 21341000, "ebitdaratio": 0.2936215294, "operatingIncome": 9294000, "operatingIncomeRatio": 0.1278721004, "totalOtherIncomeExpensesNet": -2899000, "incomeBeforeTax": 6395000, "incomeBeforeTaxRatio": 0.0879860213, "incomeTaxExpense": 4517000, "netIncome": 1878000, "netIncomeRatio": 0.0258385845, "eps": 0.02, "epsdiluted": 0.02, "weightedAverageShsOut": 109733000, "weightedAverageShsOutDil": 112252000, "link": "https://www.sec.gov/Archives/edgar/data/917273/000091727316000034/0000917273-16-000034-index.htm", "finalLink": "https://www.sec.gov/Archives/edgar/data/917273/000091727316000034/rmbs-2016331x10q.htm"}, {"date": "2015-12-31", "symbol": "RMBS", "reportedCurrency": "USD", "cik": "0000917273", "fillingDate": "2016-02-19", "acceptedDate": "2016-02-19 16:47:03", "calendarYear": "2015", "period": "Q4", "revenue": 76773000, "costOfRevenue": 11340000, "grossProfit": 65433000, "grossProfitRatio": 0.8522918213, "researchAndDevelopmentExpenses": 25604000, "generalAndAdministrativeExpenses": 0, "sellingAndMarketingExpenses": 0, "sellingGeneralAndAdministrativeExpenses": 16853000, "otherExpenses": 0, "operatingExpenses": 42457000, "costAndExpenses": 53797000, "interestIncome": 350000, "interestExpense": 3122000, "depreciationAndAmortization": 9515000, "ebitda": 32141000, "ebitdaratio": 0.4186497857, "operatingIncome": 20334000, "operatingIncomeRatio": 0.2648587394, "totalOtherIncomeExpensesNet": -2772000, "incomeBeforeTax": 17562000, "incomeBeforeTaxRatio": 0.2287522957, "incomeTaxExpense": 4570000, "netIncome": 12992000, "netIncomeRatio": 0.1692261602, "eps": 0.14, "epsdiluted": 0.14, "weightedAverageShsOut": 114814000, "weightedAverageShsOutDil": 117484000, "link": "https://www.sec.gov/Archives/edgar/data/917273/000091727316000027/0000917273-16-000027-index.htm", "finalLink": "https://www.sec.gov/Archives/edgar/data/917273/000091727316000027/rmbs-20151231x10xk.htm"}, {"date": "2015-09-30", "symbol": "RMBS", "reportedCurrency": "USD", "cik": "0000917273", "fillingDate": "2015-10-23", "acceptedDate": "2015-10-23 16:21:44", "calendarYear": "2015", "period": "Q3", "revenue": 73779000, "costOfRevenue": 11111000, "grossProfit": 62668000, "grossProfitRatio": 0.8494015912, "researchAndDevelopmentExpenses": 27784000, "generalAndAdministrativeExpenses": 0, "sellingAndMarketingExpenses": 0, "sellingGeneralAndAdministrativeExpenses": 17860000, "otherExpenses": 0, "operatingExpenses": 45644000, "costAndExpenses": 56755000, "interestIncome": 539000, "interestExpense": 3117000, "depreciationAndAmortization": 9348000, "ebitda": 26372000, "ebitdaratio": 0.3574458857, "operatingIncome": 17640000, "operatingIncomeRatio": 0.2390924247, "totalOtherIncomeExpensesNet": -2578000, "incomeBeforeTax": 15062000, "incomeBeforeTaxRatio": 0.2041502325, "incomeTaxExpense": -166971000, "netIncome": 182033000, "netIncomeRatio": 2.4672738855, "eps": 1.56, "epsdiluted": 1.52, "weightedAverageShsOut": 116444000, "weightedAverageShsOutDil": 119542000, "link": "https://www.sec.gov/Archives/edgar/data/917273/000091727315000020/0000917273-15-000020-index.htm", "finalLink": "https://www.sec.gov/Archives/edgar/data/917273/000091727315000020/rmbs-2015930x10q.htm"}, {"date": "2015-06-30", "symbol": "RMBS", "reportedCurrency": "USD", "cik": "0000917273", "fillingDate": "2015-07-23", "acceptedDate": "2015-07-23 16:36:55", "calendarYear": "2015", "period": "Q2", "revenue": 72812000, "costOfRevenue": 12137000, "grossProfit": 60675000, "grossProfitRatio": 0.8333104433, "researchAndDevelopmentExpenses": 29188000, "generalAndAdministrativeExpenses": 0, "sellingAndMarketingExpenses": 0, "sellingGeneralAndAdministrativeExpenses": 17339000, "otherExpenses": 0, "operatingExpenses": 46527000, "costAndExpenses": 58664000, "interestIncome": 203000, "interestExpense": 3091000, "depreciationAndAmortization": 9391000, "ebitda": 23539000, "ebitdaratio": 0.3232846234, "operatingIncome": 15554000, "operatingIncomeRatio": 0.2136186343, "totalOtherIncomeExpensesNet": -2888000, "incomeBeforeTax": 12666000, "incomeBeforeTaxRatio": 0.1739548426, "incomeTaxExpense": 5805000, "netIncome": 6861000, "netIncomeRatio": 0.0942289732, "eps": 0.06, "epsdiluted": 0.06, "weightedAverageShsOut": 116027000, "weightedAverageShsOutDil": 120939000, "link": "https://www.sec.gov/Archives/edgar/data/917273/000091727315000015/0000917273-15-000015-index.htm", "finalLink": "https://www.sec.gov/Archives/edgar/data/917273/000091727315000015/rmbs-2015630x10q.htm"}, {"date": "2015-03-31", "symbol": "RMBS", "reportedCurrency": "USD", "cik": "0000917273", "fillingDate": "2015-04-24", "acceptedDate": "2015-04-24 13:44:51", "calendarYear": "2015", "period": "Q1", "revenue": 72914000, "costOfRevenue": 10756000, "grossProfit": 62158000, "grossProfitRatio": 0.852483748, "researchAndDevelopmentExpenses": 28534000, "generalAndAdministrativeExpenses": 0, "sellingAndMarketingExpenses": 0, "sellingGeneralAndAdministrativeExpenses": 18502000, "otherExpenses": 0, "operatingExpenses": 47036000, "costAndExpenses": 57792000, "interestIncome": 132000, "interestExpense": 3083000, "depreciationAndAmortization": 9549000, "ebitda": 24671000, "ebitdaratio": 0.3383575171, "operatingIncome": 17892000, "operatingIncomeRatio": 0.2453849741, "totalOtherIncomeExpensesNet": -2951000, "incomeBeforeTax": 14941000, "incomeBeforeTaxRatio": 0.2049126368, "incomeTaxExpense": 5439000, "netIncome": 9502000, "netIncomeRatio": 0.1303179088, "eps": 0.08, "epsdiluted": 0.08, "weightedAverageShsOut": 115336000, "weightedAverageShsOutDil": 117442000, "link": "https://www.sec.gov/Archives/edgar/data/917273/000091727315000010/0000917273-15-000010-index.htm", "finalLink": "https://www.sec.gov/Archives/edgar/data/917273/000091727315000010/rmbs-2015331x10q.htm"}, {"date": "2014-12-31", "symbol": "RMBS", "reportedCurrency": "USD", "cik": "0000917273", "fillingDate": "2015-02-20", "acceptedDate": "2015-02-20 16:13:14", "calendarYear": "2014", "period": "Q4", "revenue": 72040000, "costOfRevenue": 10748000, "grossProfit": 61292000, "grossProfitRatio": 0.8508051083, "researchAndDevelopmentExpenses": 28445000, "generalAndAdministrativeExpenses": 0, "sellingAndMarketingExpenses": 0, "sellingGeneralAndAdministrativeExpenses": 19131000, "otherExpenses": 156000, "operatingExpenses": 47576000, "costAndExpenses": 58324000, "interestIncome": 156000, "interestExpense": 3065000, "depreciationAndAmortization": 9754000, "ebitda": 24114000, "ebitdaratio": 0.3347307052, "operatingIncome": 17585000, "operatingIncomeRatio": 0.2441004997, "totalOtherIncomeExpensesNet": -2909000, "incomeBeforeTax": 14676000, "incomeBeforeTaxRatio": 0.2037201555, "incomeTaxExpense": 6835000, "netIncome": 7841000, "netIncomeRatio": 0.1088423098, "eps": 0.0692, "epsdiluted": 0.0628, "weightedAverageShsOut": 114318000, "weightedAverageShsOutDil": 117624000, "link": "https://www.sec.gov/Archives/edgar/data/917273/000091727315000005/0000917273-15-000005-index.htm", "finalLink": "https://www.sec.gov/Archives/edgar/data/917273/000091727315000005/rmbs-20141231x10xk.htm"}, {"date": "2014-09-30", "symbol": "RMBS", "reportedCurrency": "USD", "cik": "0000917273", "fillingDate": "2014-10-24", "acceptedDate": "2014-10-24 14:16:46", "calendarYear": "2014", "period": "Q3", "revenue": 69712000, "costOfRevenue": 10540000, "grossProfit": 59172000, "grossProfitRatio": 0.8488065182, "researchAndDevelopmentExpenses": 27014000, "generalAndAdministrativeExpenses": 0, "sellingAndMarketingExpenses": 0, "sellingGeneralAndAdministrativeExpenses": 18200000, "otherExpenses": 0, "operatingExpenses": 45214000, "costAndExpenses": 55754000, "interestIncome": 0, "interestExpense": 3059000, "depreciationAndAmortization": 10112000, "ebitda": 24070000, "ebitdaratio": 0.345277714, "operatingIncome": 14468000, "operatingIncomeRatio": 0.2075395915, "totalOtherIncomeExpensesNet": -3608000, "incomeBeforeTax": 10860000, "incomeBeforeTaxRatio": 0.1557837962, "incomeTaxExpense": 5347000, "netIncome": 5513000, "netIncomeRatio": 0.0790825109, "eps": 0.05, "epsdiluted": 0.05, "weightedAverageShsOut": 114523000, "weightedAverageShsOutDil": 118206000, "link": "https://www.sec.gov/Archives/edgar/data/917273/000091727314000042/0000917273-14-000042-index.htm", "finalLink": "https://www.sec.gov/Archives/edgar/data/917273/000091727314000042/rmbs-2014930x10q.htm"}, {"date": "2014-06-30", "symbol": "RMBS", "reportedCurrency": "USD", "cik": "0000917273", "fillingDate": "2014-07-25", "acceptedDate": "2014-07-25 13:40:09", "calendarYear": "2014", "period": "Q2", "revenue": 76518000, "costOfRevenue": 10637000, "grossProfit": 65881000, "grossProfitRatio": 0.8609869573, "researchAndDevelopmentExpenses": 27668000, "generalAndAdministrativeExpenses": 0, "sellingAndMarketingExpenses": 0, "sellingGeneralAndAdministrativeExpenses": 18619000, "otherExpenses": 0, "operatingExpenses": 46287000, "costAndExpenses": 56924000, "interestIncome": 104000, "interestExpense": 8770000, "depreciationAndAmortization": 10255000, "ebitda": 29849000, "ebitdaratio": 0.3900912204, "operatingIncome": 20104000, "operatingIncomeRatio": 0.2627355655, "totalOtherIncomeExpensesNet": -8666000, "incomeBeforeTax": 11438000, "incomeBeforeTaxRatio": 0.1494811678, "incomeTaxExpense": 6395000, "netIncome": 5043000, "netIncomeRatio": 0.0659060613, "eps": 0.04, "epsdiluted": 0.04, "weightedAverageShsOut": 114116000, "weightedAverageShsOutDil": 117398000, "link": "https://www.sec.gov/Archives/edgar/data/917273/000091727314000032/0000917273-14-000032-index.htm", "finalLink": "https://www.sec.gov/Archives/edgar/data/917273/000091727314000032/rmbs-2014630x10q.htm"}, {"date": "2014-03-31", "symbol": "RMBS", "reportedCurrency": "USD", "cik": "0000917273", "fillingDate": "2014-04-25", "acceptedDate": "2014-04-25 14:01:23", "calendarYear": "2014", "period": "Q1", "revenue": 78288000, "costOfRevenue": 10022000, "grossProfit": 68266000, "grossProfitRatio": 0.8719854895, "researchAndDevelopmentExpenses": 26898000, "generalAndAdministrativeExpenses": 0, "sellingAndMarketingExpenses": 0, "sellingGeneralAndAdministrativeExpenses": 18820000, "otherExpenses": 0, "operatingExpenses": 45718000, "costAndExpenses": 55740000, "interestIncome": 13000, "interestExpense": 9926000, "depreciationAndAmortization": 10278000, "ebitda": 32826000, "ebitdaratio": 0.4192979767, "operatingIncome": 23189000, "operatingIncomeRatio": 0.2962012058, "totalOtherIncomeExpensesNet": -9913000, "incomeBeforeTax": 13276000, "incomeBeforeTaxRatio": 0.1695789904, "incomeTaxExpense": 5472000, "netIncome": 7804000, "netIncomeRatio": 0.0996832209, "eps": 0.07, "epsdiluted": 0.07, "weightedAverageShsOut": 113590000, "weightedAverageShsOutDil": 116629000, "link": "https://www.sec.gov/Archives/edgar/data/917273/000091727314000015/0000917273-14-000015-index.htm", "finalLink": "https://www.sec.gov/Archives/edgar/data/917273/000091727314000015/rmbs-2014331x10q.htm"}, {"date": "2013-12-31", "symbol": "RMBS", "reportedCurrency": "USD", "cik": "0000917273", "fillingDate": "2014-02-21", "acceptedDate": "2014-02-21 16:33:00", "calendarYear": "2013", "period": "Q4", "revenue": 73422000, "costOfRevenue": 10358000, "grossProfit": 63064000, "grossProfitRatio": 0.8589251178, "researchAndDevelopmentExpenses": 26803000, "generalAndAdministrativeExpenses": 0, "sellingAndMarketingExpenses": 0, "sellingGeneralAndAdministrativeExpenses": 18511000, "otherExpenses": -223000, "operatingExpenses": 45314000, "costAndExpenses": 55672000, "interestIncome": 0, "interestExpense": 9595000, "depreciationAndAmortization": 11151000, "ebitda": 18024000, "ebitdaratio": 0.2454850045, "operatingIncome": 7932000, "operatingIncomeRatio": 0.1080330146, "totalOtherIncomeExpensesNet": -9818000, "incomeBeforeTax": -3604000, "incomeBeforeTaxRatio": -0.049086105, "incomeTaxExpense": 6173000, "netIncome": -9777000, "netIncomeRatio": -0.1331617226, "eps": -0.0899, "epsdiluted": -0.087, "weightedAverageShsOut": 108796528, "weightedAverageShsOutDil": 112415000, "link": "https://www.sec.gov/Archives/edgar/data/917273/000091727314000007/0000917273-14-000007-index.htm", "finalLink": "https://www.sec.gov/Archives/edgar/data/917273/000091727314000007/rmbs-20131231x10xk.htm"}, {"date": "2013-09-30", "symbol": "RMBS", "reportedCurrency": "USD", "cik": "0000917273", "fillingDate": "2013-10-25", "acceptedDate": "2013-10-25 15:55:01", "calendarYear": "2013", "period": "Q3", "revenue": 73294000, "costOfRevenue": 8958000, "grossProfit": 64336000, "grossProfitRatio": 0.8777799001, "researchAndDevelopmentExpenses": 27553000, "generalAndAdministrativeExpenses": 0, "sellingAndMarketingExpenses": 0, "sellingGeneralAndAdministrativeExpenses": 18698000, "otherExpenses": 0, "operatingExpenses": 46251000, "costAndExpenses": 55209000, "interestIncome": 66000, "interestExpense": 8552000, "depreciationAndAmortization": 11344000, "ebitda": 29363000, "ebitdaratio": 0.4006194231, "operatingIncome": 9065000, "operatingIncomeRatio": 0.1236799738, "totalOtherIncomeExpensesNet": -8486000, "incomeBeforeTax": 579000, "incomeBeforeTaxRatio": 0.0078996917, "incomeTaxExpense": 6304000, "netIncome": -5725000, "netIncomeRatio": -0.0781100772, "eps": -0.0508, "epsdiluted": -0.0508, "weightedAverageShsOut": 112640000, "weightedAverageShsOutDil": 112640000, "link": "https://www.sec.gov/Archives/edgar/data/917273/000091727313000044/0000917273-13-000044-index.htm", "finalLink": "https://www.sec.gov/Archives/edgar/data/917273/000091727313000044/rmbs-2013930x10q.htm"}, {"date": "2013-06-30", "symbol": "RMBS", "reportedCurrency": "USD", "cik": "0000917273", "fillingDate": "2013-07-29", "acceptedDate": "2013-07-26 20:11:45", "calendarYear": "2013", "period": "Q2", "revenue": 57919000, "costOfRevenue": 7365000, "grossProfit": 50554000, "grossProfitRatio": 0.8728396554, "researchAndDevelopmentExpenses": 30777000, "generalAndAdministrativeExpenses": 0, "sellingAndMarketingExpenses": 0, "sellingGeneralAndAdministrativeExpenses": 14134000, "otherExpenses": -19000, "operatingExpenses": 44911000, "costAndExpenses": 52276000, "interestIncome": 0, "interestExpense": 7426000, "depreciationAndAmortization": 10978000, "ebitda": 15202000, "ebitdaratio": 0.2624700012, "operatingIncome": 4224000, "operatingIncomeRatio": 0.0729294359, "totalOtherIncomeExpensesNet": -8845000, "incomeBeforeTax": -3101000, "incomeBeforeTaxRatio": -0.053540289, "incomeTaxExpense": 4743000, "netIncome": -7844000, "netIncomeRatio": -0.135430515, "eps": -0.07, "epsdiluted": -0.0699, "weightedAverageShsOut": 112057142, "weightedAverageShsOutDil": 112183000, "link": "https://www.sec.gov/Archives/edgar/data/917273/000091727313000034/0000917273-13-000034-index.htm", "finalLink": "https://www.sec.gov/Archives/edgar/data/917273/000091727313000034/rmbs-2013630x10q.htm"}, {"date": "2013-03-31", "symbol": "RMBS", "reportedCurrency": "USD", "cik": "0000917273", "fillingDate": "2013-04-26", "acceptedDate": "2013-04-26 14:11:26", "calendarYear": "2013", "period": "Q1", "revenue": 66866000, "costOfRevenue": 5249000, "grossProfit": 61617000, "grossProfitRatio": 0.9214997158, "researchAndDevelopmentExpenses": 32848000, "generalAndAdministrativeExpenses": 0, "sellingAndMarketingExpenses": 0, "sellingGeneralAndAdministrativeExpenses": 25105000, "otherExpenses": -20000, "operatingExpenses": 57953000, "costAndExpenses": 63202000, "interestIncome": 0, "interestExpense": 7312000, "depreciationAndAmortization": 10811000, "ebitda": 12252000, "ebitdaratio": 0.1832321359, "operatingIncome": 1441000, "operatingIncomeRatio": 0.0215505638, "totalOtherIncomeExpensesNet": -7332000, "incomeBeforeTax": -5891000, "incomeBeforeTaxRatio": -0.0881015763, "incomeTaxExpense": 4511000, "netIncome": -10402000, "netIncomeRatio": -0.1555648611, "eps": -0.0932, "epsdiluted": -0.0932, "weightedAverageShsOut": 111599000, "weightedAverageShsOutDil": 111599000, "link": "https://www.sec.gov/Archives/edgar/data/917273/000091727313000017/0000917273-13-000017-index.htm", "finalLink": "https://www.sec.gov/Archives/edgar/data/917273/000091727313000017/rmbs-2013331x10q.htm"}, {"date": "2012-12-31", "symbol": "RMBS", "reportedCurrency": "USD", "cik": "0000917273", "fillingDate": "2013-02-22", "acceptedDate": "2013-02-22 17:19:27", "calendarYear": "2012", "period": "Q4", "revenue": 57443000, "costOfRevenue": 6340000, "grossProfit": 51103000, "grossProfitRatio": 0.8896297199, "researchAndDevelopmentExpenses": 33088000, "generalAndAdministrativeExpenses": 87347000, "sellingAndMarketingExpenses": -66228000, "sellingGeneralAndAdministrativeExpenses": 21119000, "otherExpenses": -116000, "operatingExpenses": 54207000, "costAndExpenses": 60547000, "interestIncome": 7206000, "interestExpense": 0, "depreciationAndAmortization": 9494000, "ebitda": 9121000, "ebitdaratio": 0.1587834897, "operatingIncome": -3220000, "operatingIncomeRatio": -0.0560555681, "totalOtherIncomeExpensesNet": -9937000, "incomeBeforeTax": -11233000, "incomeBeforeTaxRatio": -0.1955503717, "incomeTaxExpense": 4899000, "netIncome": -16132000, "netIncomeRatio": -0.2808349146, "eps": -0.15, "epsdiluted": -0.15, "weightedAverageShsOut": 110769000, "weightedAverageShsOutDil": 110769000, "link": "https://www.sec.gov/Archives/edgar/data/917273/000091727313000009/0000917273-13-000009-index.htm", "finalLink": "https://www.sec.gov/Archives/edgar/data/917273/000091727313000009/rmbs-20121231x10xk.htm"}, {"date": "2012-09-30", "symbol": "RMBS", "reportedCurrency": "USD", "cik": "0000917273", "fillingDate": "2012-10-29", "acceptedDate": "2012-10-29 13:42:34", "calendarYear": "2012", "period": "Q3", "revenue": 57530000, "costOfRevenue": 7529000, "grossProfit": 50001000, "grossProfitRatio": 0.86912915, "researchAndDevelopmentExpenses": 30674000, "generalAndAdministrativeExpenses": 24334000, "sellingAndMarketingExpenses": 0, "sellingGeneralAndAdministrativeExpenses": 24334000, "otherExpenses": 0, "operatingExpenses": 55008000, "costAndExpenses": 62537000, "interestIncome": 0, "interestExpense": 7133000, "depreciationAndAmortization": 11191000, "ebitda": -35921000, "ebitdaratio": -0.6243872762, "operatingIncome": -47100000, "operatingIncomeRatio": -0.8187032852, "totalOtherIncomeExpensesNet": -7133000, "incomeBeforeTax": -54233000, "incomeBeforeTaxRatio": -0.94269077, "incomeTaxExpense": 3865000, "netIncome": -58098000, "netIncomeRatio": -1.0098731097, "eps": -0.52, "epsdiluted": -0.52, "weightedAverageShsOut": 110826000, "weightedAverageShsOutDil": 110826000, "link": "https://www.sec.gov/Archives/edgar/data/917273/000091727312000035/0000917273-12-000035-index.htm", "finalLink": "https://www.sec.gov/Archives/edgar/data/917273/000091727312000035/rmbs-2012930x10q.htm"}, {"date": "2012-06-30", "symbol": "RMBS", "reportedCurrency": "USD", "cik": "0000917273", "fillingDate": "2012-07-30", "acceptedDate": "2012-07-30 15:26:17", "calendarYear": "2012", "period": "Q2", "revenue": 56215000, "costOfRevenue": 7340000, "grossProfit": 48875000, "grossProfitRatio": 0.8694298675, "researchAndDevelopmentExpenses": 38347000, "generalAndAdministrativeExpenses": 32277000, "sellingAndMarketingExpenses": 0, "sellingGeneralAndAdministrativeExpenses": 32277000, "otherExpenses": -6000, "operatingExpenses": 70624000, "costAndExpenses": 77964000, "interestIncome": 89000, "interestExpense": 6719000, "depreciationAndAmortization": 11212000, "ebitda": -10448000, "ebitdaratio": -0.1858578671, "operatingIncome": -21749000, "operatingIncomeRatio": -0.3868896202, "totalOtherIncomeExpensesNet": -6630000, "incomeBeforeTax": -28379000, "incomeBeforeTaxRatio": -0.5048296718, "incomeTaxExpense": 3837000, "netIncome": -32216000, "netIncomeRatio": -0.5730854754, "eps": -0.29, "epsdiluted": -0.29, "weightedAverageShsOut": 110553000, "weightedAverageShsOutDil": 110553000, "link": "https://www.sec.gov/Archives/edgar/data/917273/000110465912052208/0001104659-12-052208-index.htm", "finalLink": "https://www.sec.gov/Archives/edgar/data/917273/000110465912052208/a12-14709_110q.htm"}, {"date": "2012-03-31", "symbol": "RMBS", "reportedCurrency": "USD", "cik": "0000917273", "fillingDate": "2012-04-30", "acceptedDate": "2012-04-30 15:18:44", "calendarYear": "2012", "period": "Q1", "revenue": 62863000, "costOfRevenue": 7163000, "grossProfit": 55700000, "grossProfitRatio": 0.8860537995, "researchAndDevelopmentExpenses": 38394000, "generalAndAdministrativeExpenses": 34864000, "sellingAndMarketingExpenses": 0, "sellingGeneralAndAdministrativeExpenses": 34864000, "otherExpenses": 34000, "operatingExpenses": 73258000, "costAndExpenses": 80421000, "interestIncome": 98000, "interestExpense": 5667000, "depreciationAndAmortization": 10715000, "ebitda": -6745000, "ebitdaratio": -0.1072968201, "operatingIncome": -17558000, "operatingIncomeRatio": -0.279305792, "totalOtherIncomeExpensesNet": -6482000, "incomeBeforeTax": -24040000, "incomeBeforeTaxRatio": -0.382418911, "incomeTaxExpense": 3850000, "netIncome": -27890000, "netIncomeRatio": -0.4436632041, "eps": -0.25, "epsdiluted": -0.25, "weightedAverageShsOut": 110358000, "weightedAverageShsOutDil": 110358000, "link": "https://www.sec.gov/Archives/edgar/data/917273/000110465912030524/0001104659-12-030524-index.htm", "finalLink": "https://www.sec.gov/Archives/edgar/data/917273/000110465912030524/a12-7349_110q.htm"}, {"date": "2011-12-31", "symbol": "RMBS", "reportedCurrency": "USD", "cik": "0000917273", "fillingDate": "2012-02-24", "acceptedDate": "2012-02-23 18:26:15", "calendarYear": "2011", "period": "Q4", "revenue": 83359000, "costOfRevenue": 7453000, "grossProfit": 75906000, "grossProfitRatio": 0.9105915378, "researchAndDevelopmentExpenses": 35841000, "generalAndAdministrativeExpenses": 42012000, "sellingAndMarketingExpenses": 0, "sellingGeneralAndAdministrativeExpenses": 42012000, "otherExpenses": 16187000, "operatingExpenses": 94040000, "costAndExpenses": 101493000, "interestIncome": 0, "interestExpense": 6274000, "depreciationAndAmortization": 10589000, "ebitda": -7545000, "ebitdaratio": -0.0905121223, "operatingIncome": -18134000, "operatingIncomeRatio": -0.2175409974, "totalOtherIncomeExpensesNet": -6274000, "incomeBeforeTax": -24408000, "incomeBeforeTaxRatio": -0.2928058158, "incomeTaxExpense": 4308000, "netIncome": -28716000, "netIncomeRatio": -0.3444858983, "eps": -0.26, "epsdiluted": -0.26, "weightedAverageShsOut": 110173000, "weightedAverageShsOutDil": 110358000, "link": "https://www.sec.gov/Archives/edgar/data/917273/000104746912001391/0001047469-12-001391-index.htm", "finalLink": "https://www.sec.gov/Archives/edgar/data/917273/000104746912001391/a2207420z10-k.htm"}, {"date": "2011-09-30", "symbol": "RMBS", "reportedCurrency": "USD", "cik": "0000917273", "fillingDate": "2011-10-31", "acceptedDate": "2011-10-31 15:23:47", "calendarYear": "2011", "period": "Q3", "revenue": 100263000, "costOfRevenue": 7425000, "grossProfit": 92838000, "grossProfitRatio": 0.9259447653, "researchAndDevelopmentExpenses": 32318000, "generalAndAdministrativeExpenses": 49784000, "sellingAndMarketingExpenses": 0, "sellingGeneralAndAdministrativeExpenses": 49784000, "otherExpenses": 0, "operatingExpenses": 82102000, "costAndExpenses": 89527000, "interestIncome": 0, "interestExpense": 6178000, "depreciationAndAmortization": 10044000, "ebitda": 20952000, "ebitdaratio": 0.2089704078, "operatingIncome": 10736000, "operatingIncomeRatio": 0.1070783839, "totalOtherIncomeExpensesNet": -6178000, "incomeBeforeTax": 4558000, "incomeBeforeTaxRatio": 0.045460439, "incomeTaxExpense": 4080000, "netIncome": 478000, "netIncomeRatio": 0.0047674616, "eps": 0.0043, "epsdiluted": 0.0041, "weightedAverageShsOut": 112334000, "weightedAverageShsOutDil": 115552000, "link": "https://www.sec.gov/Archives/edgar/data/917273/000110465911059160/0001104659-11-059160-index.htm", "finalLink": "https://www.sec.gov/Archives/edgar/data/917273/000110465911059160/a11-25984_110q.htm"}, {"date": "2011-06-30", "symbol": "RMBS", "reportedCurrency": "USD", "cik": "0000917273", "fillingDate": "2011-08-05", "acceptedDate": "2011-08-05 11:41:04", "calendarYear": "2011", "period": "Q2", "revenue": 66214000, "costOfRevenue": 6058000, "grossProfit": 60156000, "grossProfitRatio": 0.9085087746, "researchAndDevelopmentExpenses": 24220000, "generalAndAdministrativeExpenses": 26912000, "sellingAndMarketingExpenses": 0, "sellingGeneralAndAdministrativeExpenses": 26912000, "otherExpenses": 32000, "operatingExpenses": 51164000, "costAndExpenses": 57222000, "interestIncome": 135000, "interestExpense": 5212000, "depreciationAndAmortization": -5607000, "ebitda": -2508000, "ebitdaratio": -0.0378771861, "operatingIncome": 8992000, "operatingIncomeRatio": 0.1358020962, "totalOtherIncomeExpensesNet": -5989000, "incomeBeforeTax": -8497000, "incomeBeforeTaxRatio": -0.1283263358, "incomeTaxExpense": 2088000, "netIncome": -10585000, "netIncomeRatio": -0.1598604525, "eps": -0.0962, "epsdiluted": -0.0962, "weightedAverageShsOut": 109992000, "weightedAverageShsOutDil": 109992000, "link": "https://www.sec.gov/Archives/edgar/data/917273/000110465911044106/0001104659-11-044106-index.htm", "finalLink": "https://www.sec.gov/Archives/edgar/data/917273/000110465911044106/a11-18841_110q.htm"}, {"date": "2011-03-31", "symbol": "RMBS", "reportedCurrency": "USD", "cik": "0000917273", "fillingDate": "2011-04-29", "acceptedDate": "2011-04-29 13:01:22", "calendarYear": "2011", "period": "Q1", "revenue": 62527000, "costOfRevenue": 3149000, "grossProfit": 59378000, "grossProfitRatio": 0.9496377565, "researchAndDevelopmentExpenses": 23317000, "generalAndAdministrativeExpenses": 24659000, "sellingAndMarketingExpenses": 0, "sellingGeneralAndAdministrativeExpenses": 24659000, "otherExpenses": 32000, "operatingExpenses": 48008000, "costAndExpenses": 51157000, "interestIncome": 164000, "interestExpense": 5172000, "depreciationAndAmortization": 4130000, "ebitda": 13316000, "ebitdaratio": 0.2129639996, "operatingIncome": 8370000, "operatingIncomeRatio": 0.1338621715, "totalOtherIncomeExpensesNet": -5824000, "incomeBeforeTax": 2546000, "incomeBeforeTaxRatio": 0.0407184096, "incomeTaxExpense": 6776000, "netIncome": -4230000, "netIncomeRatio": -0.0676507749, "eps": -0.0393, "epsdiluted": -0.0393, "weightedAverageShsOut": 107613000, "weightedAverageShsOutDil": 107613000, "link": "https://www.sec.gov/Archives/edgar/data/917273/000095012311041697/0000950123-11-041697-index.htm", "finalLink": "https://www.sec.gov/Archives/edgar/data/917273/000095012311041697/f58591e10vq.htm"}, {"date": "2010-12-31", "symbol": "RMBS", "reportedCurrency": "USD", "cik": "0000917273", "fillingDate": "2011-02-25", "acceptedDate": "2011-02-25 16:11:53", "calendarYear": "2010", "period": "Q4", "revenue": 90921000, "costOfRevenue": 1911000, "grossProfit": 89010000, "grossProfitRatio": 0.9789817534, "researchAndDevelopmentExpenses": 25028000, "generalAndAdministrativeExpenses": 24200000, "sellingAndMarketingExpenses": 6402000, "sellingGeneralAndAdministrativeExpenses": 30602000, "otherExpenses": 4190000, "operatingExpenses": 59820000, "costAndExpenses": 61731000, "interestIncome": -192000, "interestExpense": 4990000, "depreciationAndAmortization": 4155000, "ebitda": 47038000, "ebitdaratio": 0.5173502271, "operatingIncome": 42883000, "operatingIncomeRatio": 0.4716512137, "totalOtherIncomeExpensesNet": -5182000, "incomeBeforeTax": 37701000, "incomeBeforeTaxRatio": 0.41465668, "incomeTaxExpense": 4617000, "netIncome": 33084000, "netIncomeRatio": 0.3638763322, "eps": 0.3, "epsdiluted": 0.31, "weightedAverageShsOut": 112456000, "weightedAverageShsOutDil": 115884000, "link": "https://www.sec.gov/Archives/edgar/data/917273/000095012311018714/0000950123-11-018714-index.htm", "finalLink": "https://www.sec.gov/Archives/edgar/data/917273/000095012311018714/f57425e10vk.htm"}, {"date": "2010-09-30", "symbol": "RMBS", "reportedCurrency": "USD", "cik": "0000917273", "fillingDate": "2010-10-29", "acceptedDate": "2010-10-29 15:57:38", "calendarYear": "2010", "period": "Q3", "revenue": 31743000, "costOfRevenue": 1368000, "grossProfit": 30375000, "grossProfitRatio": 0.9569038843, "researchAndDevelopmentExpenses": 23002000, "generalAndAdministrativeExpenses": 0, "sellingAndMarketingExpenses": 0, "sellingGeneralAndAdministrativeExpenses": 29167000, "otherExpenses": 0, "operatingExpenses": 41869000, "costAndExpenses": 43237000, "interestIncome": 312000, "interestExpense": 4953000, "depreciationAndAmortization": 3673000, "ebitda": -7509000, "ebitdaratio": -0.2365560911, "operatingIncome": -11494000, "operatingIncomeRatio": -0.3620955801, "totalOtherIncomeExpensesNet": -4641000, "incomeBeforeTax": -16135000, "incomeBeforeTaxRatio": -0.5083010427, "incomeTaxExpense": 4441000, "netIncome": -20576000, "netIncomeRatio": -0.6482059037, "eps": -0.18, "epsdiluted": -0.18, "weightedAverageShsOut": 111866000, "weightedAverageShsOutDil": 111866000, "link": "https://www.sec.gov/Archives/edgar/data/917273/000095012310098137/0000950123-10-098137-index.htm", "finalLink": "https://www.sec.gov/Archives/edgar/data/917273/000095012310098137/f56612e10vq.htm"}]