[{"date": "2025-06-30", "symbol": "AAON", "reportedCurrency": "USD", "cik": "0000824142", "fillingDate": "2025-08-11", "acceptedDate": "2025-08-11 07:10:27", "calendarYear": "2025", "period": "Q2", "revenue": 311567000, "costOfRevenue": 228838000, "grossProfit": 82729000, "grossProfitRatio": 0.2655255531, "researchAndDevelopmentExpenses": 0, "generalAndAdministrativeExpenses": 46280000, "sellingAndMarketingExpenses": 2120000, "sellingGeneralAndAdministrativeExpenses": 48400000, "otherExpenses": 10747000, "operatingExpenses": 59147000, "costAndExpenses": 287985000, "interestIncome": 0, "interestExpense": 4009000, "depreciationAndAmortization": 19980000, "ebitda": 43494000, "ebitdaratio": 0.1395975825, "operatingIncome": 23582000, "operatingIncomeRatio": 0.0756883752, "totalOtherIncomeExpensesNet": -4077000, "incomeBeforeTax": 19505000, "incomeBeforeTaxRatio": 0.0626029072, "incomeTaxExpense": 4018000, "netIncome": 15487000, "netIncomeRatio": 0.0497068046, "eps": 0.19, "epsdiluted": 0.19, "weightedAverageShsOut": 81441511, "weightedAverageShsOutDil": 82956213, "link": "https://www.sec.gov/Archives/edgar/data/824142/000082414225000183/0000824142-25-000183-index.htm", "finalLink": "https://www.sec.gov/Archives/edgar/data/824142/000082414225000183/aaon-20250630.htm"}, {"date": "2025-03-31", "symbol": "AAON", "reportedCurrency": "USD", "cik": "0000824142", "fillingDate": "2025-05-01", "acceptedDate": "2025-05-01 07:03:23", "calendarYear": "2025", "period": "Q1", "revenue": 322054000, "costOfRevenue": 235690000, "grossProfit": 86364000, "grossProfitRatio": 0.2681662082, "researchAndDevelopmentExpenses": 0, "generalAndAdministrativeExpenses": 43856000, "sellingAndMarketingExpenses": 551000, "sellingGeneralAndAdministrativeExpenses": 44407000, "otherExpenses": 6846000, "operatingExpenses": 51253000, "costAndExpenses": 286943000, "interestIncome": 0, "interestExpense": 2802000, "depreciationAndAmortization": 18968000, "ebitda": 54253000, "ebitdaratio": 0.1684593267, "operatingIncome": 35111000, "operatingIncomeRatio": 0.1090220895, "totalOtherIncomeExpensesNet": -2628000, "incomeBeforeTax": 32483000, "incomeBeforeTaxRatio": 0.1008619672, "incomeTaxExpense": 3191000, "netIncome": 29292000, "netIncomeRatio": 0.090953691, "eps": 0.36, "epsdiluted": 0.35, "weightedAverageShsOut": 81472351, "weightedAverageShsOutDil": 83351536, "link": "https://www.sec.gov/Archives/edgar/data/824142/000082414225000120/0000824142-25-000120-index.htm", "finalLink": "https://www.sec.gov/Archives/edgar/data/824142/000082414225000120/aaon-20250331.htm"}, {"date": "2024-12-31", "symbol": "AAON", "reportedCurrency": "USD", "cik": "0000824142", "fillingDate": "2025-02-27", "acceptedDate": "2025-02-27 07:05:43", "calendarYear": "2024", "period": "Q4", "revenue": 297718000, "costOfRevenue": 220103000, "grossProfit": 77615000, "grossProfitRatio": 0.2606997226, "researchAndDevelopmentExpenses": 0, "generalAndAdministrativeExpenses": 40958000, "sellingAndMarketingExpenses": 665000, "sellingGeneralAndAdministrativeExpenses": 41623000, "otherExpenses": 6563000, "operatingExpenses": 48186000, "costAndExpenses": 268289000, "interestIncome": 0, "interestExpense": 1208000, "depreciationAndAmortization": 17606000, "ebitda": 47080000, "ebitdaratio": 0.1581362229, "operatingIncome": 29429000, "operatingIncomeRatio": 0.0988485748, "totalOtherIncomeExpensesNet": -1163000, "incomeBeforeTax": 28266000, "incomeBeforeTaxRatio": 0.0949421936, "incomeTaxExpense": 3576000, "netIncome": 24690000, "netIncomeRatio": 0.0829308272, "eps": 0.3, "epsdiluted": 0.3, "weightedAverageShsOut": 81345236, "weightedAverageShsOutDil": 83575989, "link": "https://www.sec.gov/Archives/edgar/data/824142/000082414225000039/0000824142-25-000039-index.htm", "finalLink": "https://www.sec.gov/Archives/edgar/data/824142/000082414225000039/aaon-20241231.htm"}, {"date": "2024-09-30", "symbol": "AAON", "reportedCurrency": "USD", "cik": "0000824142", "fillingDate": "2024-11-07", "acceptedDate": "2024-11-07 16:15:57", "calendarYear": "2024", "period": "Q3", "revenue": 327252000, "costOfRevenue": 213094000, "grossProfit": 114158000, "grossProfitRatio": 0.3488382042, "researchAndDevelopmentExpenses": 0, "generalAndAdministrativeExpenses": 41790000, "sellingAndMarketingExpenses": 1012000, "sellingGeneralAndAdministrativeExpenses": 42802000, "otherExpenses": 5836000, "operatingExpenses": 48638000, "costAndExpenses": 261732000, "interestIncome": 0, "interestExpense": 1091000, "depreciationAndAmortization": 17322000, "ebitda": 82923000, "ebitdaratio": 0.2533918815, "operatingIncome": 65520000, "operatingIncomeRatio": 0.2002126801, "totalOtherIncomeExpensesNet": -1010000, "incomeBeforeTax": 64510000, "incomeBeforeTaxRatio": 0.1971263736, "incomeTaxExpense": 11885000, "netIncome": 52625000, "netIncomeRatio": 0.1608087957, "eps": 0.65, "epsdiluted": 0.63, "weightedAverageShsOut": 81089476, "weightedAverageShsOutDil": 83107077, "link": "https://www.sec.gov/Archives/edgar/data/824142/000082414224000211/0000824142-24-000211-index.htm", "finalLink": "https://www.sec.gov/Archives/edgar/data/824142/000082414224000211/aaon-20240930.htm"}, {"date": "2024-06-30", "symbol": "AAON", "reportedCurrency": "USD", "cik": "0000824142", "fillingDate": "2024-08-01", "acceptedDate": "2024-08-01 16:15:01", "calendarYear": "2024", "period": "Q2", "revenue": 313566000, "costOfRevenue": 200472000, "grossProfit": 113094000, "grossProfitRatio": 0.3606704809, "researchAndDevelopmentExpenses": 0, "generalAndAdministrativeExpenses": 40624000, "sellingAndMarketingExpenses": 1005000, "sellingGeneralAndAdministrativeExpenses": 41629000, "otherExpenses": 4266000, "operatingExpenses": 45895000, "costAndExpenses": 246367000, "interestIncome": 0, "interestExpense": 367000, "depreciationAndAmortization": 14547000, "ebitda": 81921000, "ebitdaratio": 0.2612560035, "operatingIncome": 67199000, "operatingIncomeRatio": 0.2143057602, "totalOtherIncomeExpensesNet": -192000, "incomeBeforeTax": 67007000, "incomeBeforeTaxRatio": 0.2136934489, "incomeTaxExpense": 14779000, "netIncome": 52228000, "netIncomeRatio": 0.1665614257, "eps": 0.64, "epsdiluted": 0.62, "weightedAverageShsOut": 81791792, "weightedAverageShsOutDil": 83786222, "link": "https://www.sec.gov/Archives/edgar/data/824142/000082414224000187/0000824142-24-000187-index.htm", "finalLink": "https://www.sec.gov/Archives/edgar/data/824142/000082414224000187/aaon-20240630.htm"}, {"date": "2024-03-31", "symbol": "AAON", "reportedCurrency": "USD", "cik": "0000824142", "fillingDate": "2024-05-02", "acceptedDate": "2024-05-02 16:07:22", "calendarYear": "2024", "period": "Q1", "revenue": 262099000, "costOfRevenue": 169857000, "grossProfit": 92242000, "grossProfitRatio": 0.3519357189, "researchAndDevelopmentExpenses": 0, "generalAndAdministrativeExpenses": 40819000, "sellingAndMarketingExpenses": 599000, "sellingGeneralAndAdministrativeExpenses": 41418000, "otherExpenses": 3854000, "operatingExpenses": 45272000, "costAndExpenses": 215129000, "interestIncome": 0, "interestExpense": 239000, "depreciationAndAmortization": 13449000, "ebitda": 60496000, "ebitdaratio": 0.2308135476, "operatingIncome": 46970000, "operatingIncomeRatio": 0.1792070935, "totalOtherIncomeExpensesNet": -162000, "incomeBeforeTax": 46808000, "incomeBeforeTaxRatio": 0.1785890064, "incomeTaxExpense": 7792000, "netIncome": 39016000, "netIncomeRatio": 0.148859782, "eps": 0.48, "epsdiluted": 0.46, "weightedAverageShsOut": 81661972, "weightedAverageShsOutDil": 84044670, "link": "https://www.sec.gov/Archives/edgar/data/824142/000082414224000120/0000824142-24-000120-index.htm", "finalLink": "https://www.sec.gov/Archives/edgar/data/824142/000082414224000120/aaon-20240331.htm"}, {"date": "2023-12-31", "symbol": "AAON", "reportedCurrency": "USD", "cik": "0000824142", "fillingDate": "2024-02-28", "acceptedDate": "2024-02-28 16:06:59", "calendarYear": "2023", "period": "Q4", "revenue": 306638000, "costOfRevenue": 194899000, "grossProfit": 111739000, "grossProfitRatio": 0.3644003679, "researchAndDevelopmentExpenses": 43700000, "generalAndAdministrativeExpenses": 43817000, "sellingAndMarketingExpenses": 89000, "sellingGeneralAndAdministrativeExpenses": 43906000, "otherExpenses": -39751000, "operatingExpenses": 47855000, "costAndExpenses": 242754000, "interestIncome": 0, "interestExpense": 884000, "depreciationAndAmortization": 13187000, "ebitda": 77204000, "ebitdaratio": 0.2517757095, "operatingIncome": 63884000, "operatingIncomeRatio": 0.2083368663, "totalOtherIncomeExpensesNet": -751000, "incomeBeforeTax": 63133000, "incomeBeforeTaxRatio": 0.2058877243, "incomeTaxExpense": 16084000, "netIncome": 47049000, "netIncomeRatio": 0.153434995, "eps": 0.58, "epsdiluted": 0.56, "weightedAverageShsOut": 83446051, "weightedAverageShsOutDil": 83446051, "link": "https://www.sec.gov/Archives/edgar/data/824142/000082414224000030/0000824142-24-000030-index.htm", "finalLink": "https://www.sec.gov/Archives/edgar/data/824142/000082414224000030/aaon-20231231.htm"}, {"date": "2023-09-30", "symbol": "AAON", "reportedCurrency": "USD", "cik": "0000824142", "fillingDate": "2023-11-06", "acceptedDate": "2023-11-06 16:15:14", "calendarYear": "2023", "period": "Q3", "revenue": 311970000, "costOfRevenue": 195861000, "grossProfit": 116109000, "grossProfitRatio": 0.3721800173, "researchAndDevelopmentExpenses": 0, "generalAndAdministrativeExpenses": 46881000, "sellingAndMarketingExpenses": 646000, "sellingGeneralAndAdministrativeExpenses": 47527000, "otherExpenses": 3918000, "operatingExpenses": 51445000, "costAndExpenses": 247306000, "interestIncome": 0, "interestExpense": 1266000, "depreciationAndAmortization": 12302000, "ebitda": 77059000, "ebitdaratio": 0.2470077251, "operatingIncome": 64664000, "operatingIncomeRatio": 0.2072763407, "totalOtherIncomeExpensesNet": -1173000, "incomeBeforeTax": 63491000, "incomeBeforeTaxRatio": 0.2035163638, "incomeTaxExpense": 15413000, "netIncome": 48078000, "netIncomeRatio": 0.1541109722, "eps": 0.59, "epsdiluted": 0.58, "weightedAverageShsOut": 81418800, "weightedAverageShsOutDil": 83393054, "link": "https://www.sec.gov/Archives/edgar/data/824142/000082414223000174/0000824142-23-000174-index.htm", "finalLink": "https://www.sec.gov/Archives/edgar/data/824142/000082414223000174/aaon-20230930.htm"}, {"date": "2023-06-30", "symbol": "AAON", "reportedCurrency": "USD", "cik": "0000824142", "fillingDate": "2023-08-03", "acceptedDate": "2023-08-03 16:15:28", "calendarYear": "2023", "period": "Q2", "revenue": 283957000, "costOfRevenue": 189939000, "grossProfit": 94018000, "grossProfitRatio": 0.331099427, "researchAndDevelopmentExpenses": 0, "generalAndAdministrativeExpenses": 35035000, "sellingAndMarketingExpenses": 1013000, "sellingGeneralAndAdministrativeExpenses": 36048000, "otherExpenses": 3230000, "operatingExpenses": 39278000, "costAndExpenses": 229217000, "interestIncome": 0, "interestExpense": 1543000, "depreciationAndAmortization": 11000000, "ebitda": 65903000, "ebitdaratio": 0.232087957, "operatingIncome": 54740000, "operatingIncomeRatio": 0.1927756667, "totalOtherIncomeExpensesNet": -1380000, "incomeBeforeTax": 53360000, "incomeBeforeTaxRatio": 0.187915776, "incomeTaxExpense": 7678000, "netIncome": 45682000, "netIncomeRatio": 0.1608764707, "eps": 0.56, "epsdiluted": 0.55, "weightedAverageShsOut": 81439691, "weightedAverageShsOutDil": 83469540, "link": "https://www.sec.gov/Archives/edgar/data/824142/000082414223000150/0000824142-23-000150-index.htm", "finalLink": "https://www.sec.gov/Archives/edgar/data/824142/000082414223000150/aaon-20230630.htm"}, {"date": "2023-03-31", "symbol": "AAON", "reportedCurrency": "USD", "cik": "0000824142", "fillingDate": "2023-05-04", "acceptedDate": "2023-05-04 16:12:24", "calendarYear": "2023", "period": "Q1", "revenue": 265953000, "costOfRevenue": 188799000, "grossProfit": 77154000, "grossProfitRatio": 0.2901038905, "researchAndDevelopmentExpenses": 0, "generalAndAdministrativeExpenses": 29451000, "sellingAndMarketingExpenses": 846000, "sellingGeneralAndAdministrativeExpenses": 30297000, "otherExpenses": 2651000, "operatingExpenses": 32948000, "costAndExpenses": 221747000, "interestIncome": 0, "interestExpense": 1150000, "depreciationAndAmortization": 10303000, "ebitda": 54623000, "ebitdaratio": 0.2053859141, "operatingIncome": 44206000, "operatingIncomeRatio": 0.1662173392, "totalOtherIncomeExpensesNet": -1036000, "incomeBeforeTax": 43170000, "incomeBeforeTaxRatio": 0.162321914, "incomeTaxExpense": 6356000, "netIncome": 36814000, "netIncomeRatio": 0.1384229544, "eps": 0.46, "epsdiluted": 0.45, "weightedAverageShsOut": 80460858, "weightedAverageShsOutDil": 82860917, "link": "https://www.sec.gov/Archives/edgar/data/824142/000082414223000096/0000824142-23-000096-index.htm", "finalLink": "https://www.sec.gov/Archives/edgar/data/824142/000082414223000096/aaon-20230331.htm"}, {"date": "2022-12-31", "symbol": "AAON", "reportedCurrency": "USD", "cik": "0000824142", "fillingDate": "2023-02-27", "acceptedDate": "2023-02-27 16:20:33", "calendarYear": "2022", "period": "Q4", "revenue": 254598000, "costOfRevenue": 176057000, "grossProfit": 78541000, "grossProfitRatio": 0.3084902474, "researchAndDevelopmentExpenses": 0, "generalAndAdministrativeExpenses": 29314000, "sellingAndMarketingExpenses": 347000, "sellingGeneralAndAdministrativeExpenses": 29661000, "otherExpenses": 2282000, "operatingExpenses": 31943000, "costAndExpenses": 208000000, "interestIncome": 0, "interestExpense": 0, "depreciationAndAmortization": 9615000, "ebitda": 55906000, "ebitdaratio": 0.2195853856, "operatingIncome": 46598000, "operatingIncomeRatio": 0.1830257897, "totalOtherIncomeExpensesNet": -829000, "incomeBeforeTax": 45769000, "incomeBeforeTaxRatio": 0.1797696761, "incomeTaxExpense": 6871000, "netIncome": 38898000, "netIncomeRatio": 0.1527820329, "eps": 0.49, "epsdiluted": 0.47, "weightedAverageShsOut": 79975478, "weightedAverageShsOutDil": 82211417, "link": "https://www.sec.gov/Archives/edgar/data/824142/000082414223000019/0000824142-23-000019-index.htm", "finalLink": "https://www.sec.gov/Archives/edgar/data/824142/000082414223000019/aaon-20221231.htm"}, {"date": "2022-09-30", "symbol": "AAON", "reportedCurrency": "USD", "cik": "0000824142", "fillingDate": "2022-11-07", "acceptedDate": "2022-11-07 16:12:46", "calendarYear": "2022", "period": "Q3", "revenue": 242605000, "costOfRevenue": 177014000, "grossProfit": 65591000, "grossProfitRatio": 0.2703612869, "researchAndDevelopmentExpenses": 0, "generalAndAdministrativeExpenses": 26501000, "sellingAndMarketingExpenses": 375000, "sellingGeneralAndAdministrativeExpenses": 26876000, "otherExpenses": 2015000, "operatingExpenses": 28891000, "costAndExpenses": 205905000, "interestIncome": 0, "interestExpense": 954000, "depreciationAndAmortization": 9372000, "ebitda": 46126000, "ebitdaratio": 0.1901279858, "operatingIncome": 36700000, "operatingIncomeRatio": 0.1512747058, "totalOtherIncomeExpensesNet": -900000, "incomeBeforeTax": 35800000, "incomeBeforeTaxRatio": 0.1475649719, "incomeTaxExpense": 8327000, "netIncome": 27473000, "netIncomeRatio": 0.1132416892, "eps": 0.34, "epsdiluted": 0.34, "weightedAverageShsOut": 79777948, "weightedAverageShsOutDil": 80938034, "link": "https://www.sec.gov/Archives/edgar/data/824142/000082414222000233/0000824142-22-000233-index.htm", "finalLink": "https://www.sec.gov/Archives/edgar/data/824142/000082414222000233/aaon-20220930.htm"}, {"date": "2022-06-30", "symbol": "AAON", "reportedCurrency": "USD", "cik": "0000824142", "fillingDate": "2022-08-08", "acceptedDate": "2022-08-08 16:14:47", "calendarYear": "2022", "period": "Q2", "revenue": 208814000, "costOfRevenue": 161438000, "grossProfit": 47376000, "grossProfitRatio": 0.2268813394, "researchAndDevelopmentExpenses": 0, "generalAndAdministrativeExpenses": 23581000, "sellingAndMarketingExpenses": 1290000, "sellingGeneralAndAdministrativeExpenses": 24871000, "otherExpenses": 2052000, "operatingExpenses": 26923000, "costAndExpenses": 188361000, "interestIncome": 0, "interestExpense": 550000, "depreciationAndAmortization": 9300000, "ebitda": 29973000, "ebitdaratio": 0.1435392263, "operatingIncome": 20453000, "operatingIncomeRatio": 0.0979484134, "totalOtherIncomeExpensesNet": -330000, "incomeBeforeTax": 20123000, "incomeBeforeTaxRatio": 0.0963680596, "incomeTaxExpense": 4177000, "netIncome": 15946000, "netIncomeRatio": 0.0763646116, "eps": 0.2, "epsdiluted": 0.2, "weightedAverageShsOut": 79642891, "weightedAverageShsOutDil": 80492775, "link": "https://www.sec.gov/Archives/edgar/data/824142/000082414222000170/0000824142-22-000170-index.htm", "finalLink": "https://www.sec.gov/Archives/edgar/data/824142/000082414222000170/aaon-20220630.htm"}, {"date": "2022-03-31", "symbol": "AAON", "reportedCurrency": "USD", "cik": "0000824142", "fillingDate": "2022-05-05", "acceptedDate": "2022-05-05 16:16:25", "calendarYear": "2022", "period": "Q1", "revenue": 182771000, "costOfRevenue": 136707000, "grossProfit": 46064000, "grossProfitRatio": 0.2520312303, "researchAndDevelopmentExpenses": 0, "generalAndAdministrativeExpenses": 21024000, "sellingAndMarketingExpenses": 341000, "sellingGeneralAndAdministrativeExpenses": 21365000, "otherExpenses": 1689000, "operatingExpenses": 23054000, "costAndExpenses": 159761000, "interestIncome": 0, "interestExpense": 190000, "depreciationAndAmortization": 7143000, "ebitda": 30174000, "ebitdaratio": 0.1650918362, "operatingIncome": 23010000, "operatingIncomeRatio": 0.125895246, "totalOtherIncomeExpensesNet": -169000, "incomeBeforeTax": 22841000, "incomeBeforeTaxRatio": 0.1249705916, "incomeTaxExpense": 4782000, "netIncome": 18059000, "netIncomeRatio": 0.0988067035, "eps": 0.23, "epsdiluted": 0.22, "weightedAverageShsOut": 78919810, "weightedAverageShsOutDil": 80926454, "link": "https://www.sec.gov/Archives/edgar/data/824142/000082414222000097/0000824142-22-000097-index.htm", "finalLink": "https://www.sec.gov/Archives/edgar/data/824142/000082414222000097/aaon-20220331.htm"}, {"date": "2021-12-31", "symbol": "AAON", "reportedCurrency": "USD", "cik": "0000824142", "fillingDate": "2022-02-28", "acceptedDate": "2022-02-28 16:47:12", "calendarYear": "2021", "period": "Q4", "revenue": 136282000, "costOfRevenue": 109735000, "grossProfit": 26547000, "grossProfitRatio": 0.194794617, "researchAndDevelopmentExpenses": 0, "generalAndAdministrativeExpenses": 19212000, "sellingAndMarketingExpenses": 924000, "sellingGeneralAndAdministrativeExpenses": 20136000, "otherExpenses": 968000, "operatingExpenses": 21104000, "costAndExpenses": 130839000, "interestIncome": 0, "interestExpense": 121000, "depreciationAndAmortization": 7884000, "ebitda": 13351000, "ebitdaratio": 0.0979659823, "operatingIncome": 5443000, "operatingIncomeRatio": 0.0399392436, "totalOtherIncomeExpensesNet": -97000, "incomeBeforeTax": 5346000, "incomeBeforeTaxRatio": 0.0392274842, "incomeTaxExpense": -840000, "netIncome": 6186000, "netIncomeRatio": 0.0453911742, "eps": 0.08, "epsdiluted": 0.0733, "weightedAverageShsOut": 78701506, "weightedAverageShsOutDil": 80923106, "link": "https://www.sec.gov/Archives/edgar/data/824142/000082414222000034/0000824142-22-000034-index.htm", "finalLink": "https://www.sec.gov/Archives/edgar/data/824142/000082414222000034/aaon-20211231.htm"}, {"date": "2021-09-30", "symbol": "AAON", "reportedCurrency": "USD", "cik": "0000824142", "fillingDate": "2021-11-04", "acceptedDate": "2021-11-04 16:15:09", "calendarYear": "2021", "period": "Q3", "revenue": 138571000, "costOfRevenue": 102552000, "grossProfit": 36019000, "grossProfitRatio": 0.2599317317, "researchAndDevelopmentExpenses": 0, "generalAndAdministrativeExpenses": 15027000, "sellingAndMarketingExpenses": 225000, "sellingGeneralAndAdministrativeExpenses": 15252000, "otherExpenses": 630000, "operatingExpenses": 15882000, "costAndExpenses": 118434000, "interestIncome": 0, "interestExpense": 10000, "depreciationAndAmortization": 7608000, "ebitda": 27726000, "ebitdaratio": 0.2000851549, "operatingIncome": 20137000, "operatingIncomeRatio": 0.1453190061, "totalOtherIncomeExpensesNet": -29000, "incomeBeforeTax": 20108000, "incomeBeforeTaxRatio": 0.1451097271, "incomeTaxExpense": 4527000, "netIncome": 15581000, "netIncomeRatio": 0.1124405539, "eps": 0.2, "epsdiluted": 0.19, "weightedAverageShsOut": 78631029, "weightedAverageShsOutDil": 80319731, "link": "https://www.sec.gov/Archives/edgar/data/824142/000082414221000134/0000824142-21-000134-index.htm", "finalLink": "https://www.sec.gov/Archives/edgar/data/824142/000082414221000134/aaon-20210930.htm"}, {"date": "2021-06-30", "symbol": "AAON", "reportedCurrency": "USD", "cik": "0000824142", "fillingDate": "2021-08-05", "acceptedDate": "2021-08-05 16:24:07", "calendarYear": "2021", "period": "Q2", "revenue": 143876000, "costOfRevenue": 101769000, "grossProfit": 42107000, "grossProfitRatio": 0.2926617365, "researchAndDevelopmentExpenses": 0, "generalAndAdministrativeExpenses": 15999000, "sellingAndMarketingExpenses": 261000, "sellingGeneralAndAdministrativeExpenses": 16260000, "otherExpenses": 635000, "operatingExpenses": 16895000, "costAndExpenses": 118664000, "interestIncome": 0, "interestExpense": 4000, "depreciationAndAmortization": 7526000, "ebitda": 32777000, "ebitdaratio": 0.2278142289, "operatingIncome": 25212000, "operatingIncomeRatio": 0.1752342295, "totalOtherIncomeExpensesNet": 35000, "incomeBeforeTax": 25247000, "incomeBeforeTaxRatio": 0.1754774945, "incomeTaxExpense": 4632000, "netIncome": 20615000, "netIncomeRatio": 0.1432831049, "eps": 0.26, "epsdiluted": 0.26, "weightedAverageShsOut": 78649195, "weightedAverageShsOutDil": 80405859, "link": "https://www.sec.gov/Archives/edgar/data/824142/000082414221000115/0000824142-21-000115-index.htm", "finalLink": "https://www.sec.gov/Archives/edgar/data/824142/000082414221000115/aaon-20210630.htm"}, {"date": "2021-03-31", "symbol": "AAON", "reportedCurrency": "USD", "cik": "0000824142", "fillingDate": "2021-05-06", "acceptedDate": "2021-05-06 13:42:23", "calendarYear": "2021", "period": "Q1", "revenue": 115788000, "costOfRevenue": 82631000, "grossProfit": 33157000, "grossProfitRatio": 0.2863595537, "researchAndDevelopmentExpenses": 0, "generalAndAdministrativeExpenses": 13804000, "sellingAndMarketingExpenses": 206000, "sellingGeneralAndAdministrativeExpenses": 14010000, "otherExpenses": 686000, "operatingExpenses": 14696000, "costAndExpenses": 97327000, "interestIncome": 3000, "interestExpense": 0, "depreciationAndAmortization": 7398000, "ebitda": 25846000, "ebitdaratio": 0.2232182955, "operatingIncome": 18461000, "operatingIncomeRatio": 0.1594379383, "totalOtherIncomeExpensesNet": 20000, "incomeBeforeTax": 18481000, "incomeBeforeTaxRatio": 0.1596106678, "incomeTaxExpense": 2105000, "netIncome": 16376000, "netIncomeRatio": 0.1414308909, "eps": 0.21, "epsdiluted": 0.2, "weightedAverageShsOut": 78440158, "weightedAverageShsOutDil": 80721927, "link": "https://www.sec.gov/Archives/edgar/data/824142/000082414221000078/0000824142-21-000078-index.htm", "finalLink": "https://www.sec.gov/Archives/edgar/data/824142/000082414221000078/aaon-20210331.htm"}, {"date": "2020-12-31", "symbol": "AAON", "reportedCurrency": "USD", "cik": "0000824142", "fillingDate": "2021-02-25", "acceptedDate": "2021-02-25 11:10:06", "calendarYear": "2020", "period": "Q4", "revenue": 116700000, "costOfRevenue": 82777000, "grossProfit": 33923000, "grossProfitRatio": 0.2906855184, "researchAndDevelopmentExpenses": 0, "generalAndAdministrativeExpenses": 13756000, "sellingAndMarketingExpenses": 377000, "sellingGeneralAndAdministrativeExpenses": 14133000, "otherExpenses": -5928000, "operatingExpenses": 8205000, "costAndExpenses": 90982000, "interestIncome": 0, "interestExpense": 0, "depreciationAndAmortization": 6663000, "ebitda": 25924000, "ebitdaratio": 0.2221422451, "operatingIncome": 25718000, "operatingIncomeRatio": 0.2203770351, "totalOtherIncomeExpensesNet": 29000, "incomeBeforeTax": 25747000, "incomeBeforeTaxRatio": 0.2206255356, "incomeTaxExpense": 6855000, "netIncome": 18892000, "netIncomeRatio": 0.1618851757, "eps": 0.24, "epsdiluted": 0.23, "weightedAverageShsOut": 78361206, "weightedAverageShsOutDil": 80204600, "link": "https://www.sec.gov/Archives/edgar/data/824142/000082414221000030/0000824142-21-000030-index.htm", "finalLink": "https://www.sec.gov/Archives/edgar/data/824142/000082414221000030/aaon-20201231.htm"}, {"date": "2020-09-30", "symbol": "AAON", "reportedCurrency": "USD", "cik": "0000824142", "fillingDate": "2020-11-05", "acceptedDate": "2020-11-05 12:51:09", "calendarYear": "2020", "period": "Q3", "revenue": 134772000, "costOfRevenue": 93924000, "grossProfit": 40848000, "grossProfitRatio": 0.3030896625, "researchAndDevelopmentExpenses": 0, "generalAndAdministrativeExpenses": 13855000, "sellingAndMarketingExpenses": 229000, "sellingGeneralAndAdministrativeExpenses": 14084000, "otherExpenses": 633000, "operatingExpenses": 14717000, "costAndExpenses": 108641000, "interestIncome": 10000, "interestExpense": 0, "depreciationAndAmortization": 6631000, "ebitda": 32869000, "ebitdaratio": 0.2438859704, "operatingIncome": 26131000, "operatingIncomeRatio": 0.1938904223, "totalOtherIncomeExpensesNet": 25000, "incomeBeforeTax": 26156000, "incomeBeforeTaxRatio": 0.1940759208, "incomeTaxExpense": 5696000, "netIncome": 20460000, "netIncomeRatio": 0.1518119491, "eps": 0.26, "epsdiluted": 0.26, "weightedAverageShsOut": 78390789, "weightedAverageShsOutDil": 79726904, "link": "https://www.sec.gov/Archives/edgar/data/824142/000082414220000164/0000824142-20-000164-index.htm", "finalLink": "https://www.sec.gov/Archives/edgar/data/824142/000082414220000164/aaon-20200930.htm"}, {"date": "2020-06-30", "symbol": "AAON", "reportedCurrency": "USD", "cik": "0000824142", "fillingDate": "2020-08-06", "acceptedDate": "2020-08-06 11:58:28", "calendarYear": "2020", "period": "Q2", "revenue": 125596000, "costOfRevenue": 87465000, "grossProfit": 38131000, "grossProfitRatio": 0.3036004331, "researchAndDevelopmentExpenses": 0, "generalAndAdministrativeExpenses": 15573000, "sellingAndMarketingExpenses": 91000, "sellingGeneralAndAdministrativeExpenses": 15664000, "otherExpenses": 275000, "operatingExpenses": 15939000, "costAndExpenses": 103404000, "interestIncome": 19000, "interestExpense": 0, "depreciationAndAmortization": 6338000, "ebitda": 28581000, "ebitdaratio": 0.2275629797, "operatingIncome": 22192000, "operatingIncomeRatio": 0.1766935253, "totalOtherIncomeExpensesNet": 51000, "incomeBeforeTax": 22243000, "incomeBeforeTaxRatio": 0.1770995892, "incomeTaxExpense": 4439000, "netIncome": 17804000, "netIncomeRatio": 0.1417561069, "eps": 0.23, "epsdiluted": 0.23, "weightedAverageShsOut": 78149504, "weightedAverageShsOutDil": 79125564, "link": "https://www.sec.gov/Archives/edgar/data/824142/000082414220000138/0000824142-20-000138-index.htm", "finalLink": "https://www.sec.gov/Archives/edgar/data/824142/000082414220000138/aaon-20200630.htm"}, {"date": "2020-03-31", "symbol": "AAON", "reportedCurrency": "USD", "cik": "0000824142", "fillingDate": "2020-05-07", "acceptedDate": "2020-05-07 10:50:20", "calendarYear": "2020", "period": "Q1", "revenue": 137483000, "costOfRevenue": 94536000, "grossProfit": 42947000, "grossProfitRatio": 0.3123804398, "researchAndDevelopmentExpenses": 0, "generalAndAdministrativeExpenses": 14332000, "sellingAndMarketingExpenses": 126000, "sellingGeneralAndAdministrativeExpenses": 14458000, "otherExpenses": 694000, "operatingExpenses": 15152000, "costAndExpenses": 109688000, "interestIncome": 61000, "interestExpense": 0, "depreciationAndAmortization": 6002000, "ebitda": 33915000, "ebitdaratio": 0.2466850447, "operatingIncome": 27795000, "operatingIncomeRatio": 0.2021704502, "totalOtherIncomeExpensesNet": 34000, "incomeBeforeTax": 27829000, "incomeBeforeTaxRatio": 0.2024177535, "incomeTaxExpense": 5976000, "netIncome": 21853000, "netIncomeRatio": 0.1589505612, "eps": 0.28, "epsdiluted": 0.27, "weightedAverageShsOut": 78107721, "weightedAverageShsOutDil": 79307090, "link": "https://www.sec.gov/Archives/edgar/data/824142/000082414220000090/0000824142-20-000090-index.htm", "finalLink": "https://www.sec.gov/Archives/edgar/data/824142/000082414220000090/aaon-20200331.htm"}, {"date": "2019-12-31", "symbol": "AAON", "reportedCurrency": "USD", "cik": "0000824142", "fillingDate": "2020-02-27", "acceptedDate": "2020-02-26 19:52:31", "calendarYear": "2019", "period": "Q4", "revenue": 122574000, "costOfRevenue": 86502000, "grossProfit": 36072000, "grossProfitRatio": 0.2942875324, "researchAndDevelopmentExpenses": 0, "generalAndAdministrativeExpenses": 13847000, "sellingAndMarketingExpenses": 322000, "sellingGeneralAndAdministrativeExpenses": 14169000, "otherExpenses": 473000, "operatingExpenses": 14642000, "costAndExpenses": 101103000, "interestIncome": 17000, "interestExpense": 0, "depreciationAndAmortization": 5139000, "ebitda": 26556000, "ebitdaratio": 0.2166527975, "operatingIncome": 21430000, "operatingIncomeRatio": 0.174833162, "totalOtherIncomeExpensesNet": -13000, "incomeBeforeTax": 21417000, "incomeBeforeTaxRatio": 0.1747271036, "incomeTaxExpense": 5396000, "netIncome": 16021000, "netIncomeRatio": 0.1307047172, "eps": 0.21, "epsdiluted": 0.2, "weightedAverageShsOut": 78141150, "weightedAverageShsOutDil": 79051765, "link": "https://www.sec.gov/Archives/edgar/data/824142/000082414220000025/0000824142-20-000025-index.htm", "finalLink": "https://www.sec.gov/Archives/edgar/data/824142/000082414220000025/aaon-20191231.htm"}, {"date": "2019-09-30", "symbol": "AAON", "reportedCurrency": "USD", "cik": "0000824142", "fillingDate": "2019-10-31", "acceptedDate": "2019-10-31 15:19:47", "calendarYear": "2019", "period": "Q3", "revenue": 113500000, "costOfRevenue": 86090000, "grossProfit": 27410000, "grossProfitRatio": 0.2414977974, "researchAndDevelopmentExpenses": 0, "generalAndAdministrativeExpenses": 11865000, "sellingAndMarketingExpenses": 146000, "sellingGeneralAndAdministrativeExpenses": 12011000, "otherExpenses": 369000, "operatingExpenses": 12380000, "costAndExpenses": 98470000, "interestIncome": 9000, "interestExpense": 0, "depreciationAndAmortization": 5867000, "ebitda": 21058000, "ebitdaratio": 0.1855330396, "operatingIncome": 15030000, "operatingIncomeRatio": 0.1324229075, "totalOtherIncomeExpensesNet": 2000, "incomeBeforeTax": 15032000, "incomeBeforeTaxRatio": 0.1324405286, "incomeTaxExpense": 742000, "netIncome": 14290000, "netIncomeRatio": 0.1259030837, "eps": 0.18, "epsdiluted": 0.18, "weightedAverageShsOut": 78167129, "weightedAverageShsOutDil": 79083153, "link": "https://www.sec.gov/Archives/edgar/data/824142/000082414219000164/0000824142-19-000164-index.htm", "finalLink": "https://www.sec.gov/Archives/edgar/data/824142/000082414219000164/aaon-20190930.htm"}, {"date": "2019-06-30", "symbol": "AAON", "reportedCurrency": "USD", "cik": "0000824142", "fillingDate": "2019-08-01", "acceptedDate": "2019-08-01 11:18:26", "calendarYear": "2019", "period": "Q2", "revenue": 119437000, "costOfRevenue": 89233000, "grossProfit": 30204000, "grossProfitRatio": 0.252886459, "researchAndDevelopmentExpenses": 0, "generalAndAdministrativeExpenses": 12388000, "sellingAndMarketingExpenses": 130000, "sellingGeneralAndAdministrativeExpenses": 12518000, "otherExpenses": 400000, "operatingExpenses": 12918000, "costAndExpenses": 102151000, "interestIncome": 31000, "interestExpense": 0, "depreciationAndAmortization": 5846000, "ebitda": 22582000, "ebitdaratio": 0.1890703886, "operatingIncome": 17286000, "operatingIncomeRatio": 0.1447290203, "totalOtherIncomeExpensesNet": 48000, "incomeBeforeTax": 17334000, "incomeBeforeTaxRatio": 0.1451309058, "incomeTaxExpense": 3943000, "netIncome": 13391000, "netIncomeRatio": 0.1121176855, "eps": 0.17, "epsdiluted": 0.17, "weightedAverageShsOut": 78180370, "weightedAverageShsOutDil": 79120761, "link": "https://www.sec.gov/Archives/edgar/data/824142/000082414219000137/0000824142-19-000137-index.htm", "finalLink": "https://www.sec.gov/Archives/edgar/data/824142/000082414219000137/aaon10-qq22019.htm"}, {"date": "2019-03-31", "symbol": "AAON", "reportedCurrency": "USD", "cik": "0000824142", "fillingDate": "2019-05-02", "acceptedDate": "2019-05-02 10:47:02", "calendarYear": "2019", "period": "Q1", "revenue": 113822000, "costOfRevenue": 88392000, "grossProfit": 25430000, "grossProfitRatio": 0.2234190227, "researchAndDevelopmentExpenses": 0, "generalAndAdministrativeExpenses": 13031000, "sellingAndMarketingExpenses": 220000, "sellingGeneralAndAdministrativeExpenses": 13251000, "otherExpenses": 710000, "operatingExpenses": 13961000, "costAndExpenses": 102353000, "interestIncome": 9000, "interestExpense": 0, "depreciationAndAmortization": 5914000, "ebitda": 17782000, "ebitdaratio": 0.1562263886, "operatingIncome": 11469000, "operatingIncomeRatio": 0.1007625942, "totalOtherIncomeExpensesNet": -17000, "incomeBeforeTax": 11452000, "incomeBeforeTaxRatio": 0.1006132382, "incomeTaxExpense": 2695000, "netIncome": 8757000, "netIncomeRatio": 0.0769359175, "eps": 0.11, "epsdiluted": 0.11, "weightedAverageShsOut": 77988188, "weightedAverageShsOutDil": 78554452, "link": "https://www.sec.gov/Archives/edgar/data/824142/000082414219000081/0000824142-19-000081-index.htm", "finalLink": "https://www.sec.gov/Archives/edgar/data/824142/000082414219000081/aaon10-qq12019.htm"}, {"date": "2018-12-31", "symbol": "AAON", "reportedCurrency": "USD", "cik": "0000824142", "fillingDate": "2019-02-28", "acceptedDate": "2019-02-27 18:48:39", "calendarYear": "2018", "period": "Q4", "revenue": 112340000, "costOfRevenue": 84545000, "grossProfit": 27795000, "grossProfitRatio": 0.2474185508, "researchAndDevelopmentExpenses": 0, "generalAndAdministrativeExpenses": 10709000, "sellingAndMarketingExpenses": 152000, "sellingGeneralAndAdministrativeExpenses": 10861000, "otherExpenses": 0, "operatingExpenses": 10967000, "costAndExpenses": 95805000, "interestIncome": 25000, "interestExpense": 0, "depreciationAndAmortization": 4790000, "ebitda": 21295000, "ebitdaratio": 0.1895584832, "operatingIncome": 16099000, "operatingIncomeRatio": 0.1433060353, "totalOtherIncomeExpensesNet": 406000, "incomeBeforeTax": 16505000, "incomeBeforeTaxRatio": 0.1469200641, "incomeTaxExpense": 3969000, "netIncome": 12536000, "netIncomeRatio": 0.1115898166, "eps": 0.16, "epsdiluted": 0.16, "weightedAverageShsOut": 78630756, "weightedAverageShsOutDil": 78630756, "link": "https://www.sec.gov/Archives/edgar/data/824142/000082414219000040/0000824142-19-000040-index.htm", "finalLink": "https://www.sec.gov/Archives/edgar/data/824142/000082414219000040/aaon2018annualreport.htm"}, {"date": "2018-09-30", "symbol": "AAON", "reportedCurrency": "USD", "cik": "0000824142", "fillingDate": "2018-11-01", "acceptedDate": "2018-11-01 11:26:56", "calendarYear": "2018", "period": "Q3", "revenue": 112937000, "costOfRevenue": 80174000, "grossProfit": 32763000, "grossProfitRatio": 0.2900997901, "researchAndDevelopmentExpenses": 0, "generalAndAdministrativeExpenses": 12822000, "sellingAndMarketingExpenses": 176000, "sellingGeneralAndAdministrativeExpenses": 12998000, "otherExpenses": 194000, "operatingExpenses": 13192000, "costAndExpenses": 93366000, "interestIncome": 36000, "interestExpense": 0, "depreciationAndAmortization": 4427000, "ebitda": 24039000, "ebitdaratio": 0.2128531836, "operatingIncome": 19571000, "operatingIncomeRatio": 0.173291304, "totalOtherIncomeExpensesNet": 41000, "incomeBeforeTax": 19612000, "incomeBeforeTaxRatio": 0.1736543383, "incomeTaxExpense": 5527000, "netIncome": 14085000, "netIncomeRatio": 0.1247155494, "eps": 0.18, "epsdiluted": 0.18, "weightedAverageShsOut": 78358156, "weightedAverageShsOutDil": 78941274, "link": "https://www.sec.gov/Archives/edgar/data/824142/000082414218000102/0000824142-18-000102-index.htm", "finalLink": "https://www.sec.gov/Archives/edgar/data/824142/000082414218000102/aaon10-qq32018.htm"}, {"date": "2018-06-30", "symbol": "AAON", "reportedCurrency": "USD", "cik": "0000824142", "fillingDate": "2018-08-02", "acceptedDate": "2018-08-02 10:15:14", "calendarYear": "2018", "period": "Q2", "revenue": 109588000, "costOfRevenue": 82003000, "grossProfit": 27585000, "grossProfitRatio": 0.2517155163, "researchAndDevelopmentExpenses": 0, "generalAndAdministrativeExpenses": 12548000, "sellingAndMarketingExpenses": 212000, "sellingGeneralAndAdministrativeExpenses": 12760000, "otherExpenses": 322000, "operatingExpenses": 13082000, "costAndExpenses": 95085000, "interestIncome": 67000, "interestExpense": 0, "depreciationAndAmortization": 4309000, "ebitda": 18891000, "ebitdaratio": 0.1723820126, "operatingIncome": 14503000, "operatingIncomeRatio": 0.1323411322, "totalOtherIncomeExpensesNet": 79000, "incomeBeforeTax": 14582000, "incomeBeforeTaxRatio": 0.1330620141, "incomeTaxExpense": 2891000, "netIncome": 11691000, "netIncomeRatio": 0.1066813885, "eps": 0.15, "epsdiluted": 0.15, "weightedAverageShsOut": 78575725, "weightedAverageShsOutDil": 79076643, "link": "https://www.sec.gov/Archives/edgar/data/824142/000082414218000081/0000824142-18-000081-index.htm", "finalLink": "https://www.sec.gov/Archives/edgar/data/824142/000082414218000081/aaon10-qq22018.htm"}, {"date": "2018-03-31", "symbol": "AAON", "reportedCurrency": "USD", "cik": "0000824142", "fillingDate": "2018-05-03", "acceptedDate": "2018-05-02 17:48:08", "calendarYear": "2018", "period": "Q1", "revenue": 99082000, "costOfRevenue": 83692000, "grossProfit": 15390000, "grossProfitRatio": 0.1553258917, "researchAndDevelopmentExpenses": 0, "generalAndAdministrativeExpenses": 9790000, "sellingAndMarketingExpenses": 222000, "sellingGeneralAndAdministrativeExpenses": 10012000, "otherExpenses": 200000, "operatingExpenses": 10212000, "costAndExpenses": 93904000, "interestIncome": 68000, "interestExpense": 0, "depreciationAndAmortization": 4129000, "ebitda": 9369000, "ebitdaratio": 0.0945580428, "operatingIncome": 5178000, "operatingIncomeRatio": 0.0522597445, "totalOtherIncomeExpensesNet": 62000, "incomeBeforeTax": 5240000, "incomeBeforeTaxRatio": 0.0528854888, "incomeTaxExpense": 980000, "netIncome": 4260000, "netIncomeRatio": 0.0429946913, "eps": 0.0533, "epsdiluted": 0.0533, "weightedAverageShsOut": 78650815, "weightedAverageShsOutDil": 79365296, "link": "https://www.sec.gov/Archives/edgar/data/824142/000082414218000041/0000824142-18-000041-index.htm", "finalLink": "https://www.sec.gov/Archives/edgar/data/824142/000082414218000041/aaon10-qq12018.htm"}, {"date": "2017-12-31", "symbol": "AAON", "reportedCurrency": "USD", "cik": "0000824142", "fillingDate": "2018-02-27", "acceptedDate": "2018-02-26 18:46:17", "calendarYear": "2017", "period": "Q4", "revenue": 104160000, "costOfRevenue": 73085000, "grossProfit": 31075000, "grossProfitRatio": 0.2983390937, "researchAndDevelopmentExpenses": 0, "generalAndAdministrativeExpenses": 13108000, "sellingAndMarketingExpenses": 383000, "sellingGeneralAndAdministrativeExpenses": 13491000, "otherExpenses": 222000, "operatingExpenses": 13713000, "costAndExpenses": 86798000, "interestIncome": 83000, "interestExpense": 0, "depreciationAndAmortization": 3982000, "ebitda": 21432000, "ebitdaratio": 0.2057603687, "operatingIncome": 17362000, "operatingIncomeRatio": 0.1666858679, "totalOtherIncomeExpensesNet": 88000, "incomeBeforeTax": 17450000, "incomeBeforeTaxRatio": 0.167530722, "incomeTaxExpense": 1680000, "netIncome": 15770000, "netIncomeRatio": 0.1514016897, "eps": 0.2, "epsdiluted": 0.2, "weightedAverageShsOut": 52457780, "weightedAverageShsOutDil": 52931796, "link": "https://www.sec.gov/Archives/edgar/data/824142/000082414218000021/0000824142-18-000021-index.htm", "finalLink": "https://www.sec.gov/Archives/edgar/data/824142/000082414218000021/aaon2017annualreport.htm"}, {"date": "2017-09-30", "symbol": "AAON", "reportedCurrency": "USD", "cik": "0000824142", "fillingDate": "2017-11-02", "acceptedDate": "2017-11-01 19:30:24", "calendarYear": "2017", "period": "Q3", "revenue": 113668000, "costOfRevenue": 78010000, "grossProfit": 35658000, "grossProfitRatio": 0.3137030651, "researchAndDevelopmentExpenses": 0, "generalAndAdministrativeExpenses": 12596000, "sellingAndMarketingExpenses": 215000, "sellingGeneralAndAdministrativeExpenses": 12811000, "otherExpenses": 222000, "operatingExpenses": 13033000, "costAndExpenses": 91043000, "interestIncome": 84000, "interestExpense": 0, "depreciationAndAmortization": 3744000, "ebitda": 26494000, "ebitdaratio": 0.2330823099, "operatingIncome": 22625000, "operatingIncomeRatio": 0.199044586, "totalOtherIncomeExpensesNet": 125000, "incomeBeforeTax": 22750000, "incomeBeforeTaxRatio": 0.2001442798, "incomeTaxExpense": 8033000, "netIncome": 14717000, "netIncomeRatio": 0.1294735546, "eps": 0.19, "epsdiluted": 0.28, "weightedAverageShsOut": 52566619, "weightedAverageShsOutDil": 53014269, "link": "https://www.sec.gov/Archives/edgar/data/824142/000082414217000146/0000824142-17-000146-index.htm", "finalLink": "https://www.sec.gov/Archives/edgar/data/824142/000082414217000146/aaon10-qq32017.htm"}, {"date": "2017-06-30", "symbol": "AAON", "reportedCurrency": "USD", "cik": "0000824142", "fillingDate": "2017-08-03", "acceptedDate": "2017-08-03 13:56:43", "calendarYear": "2017", "period": "Q2", "revenue": 101326000, "costOfRevenue": 69648000, "grossProfit": 31678000, "grossProfitRatio": 0.312634467, "researchAndDevelopmentExpenses": 0, "generalAndAdministrativeExpenses": 11689000, "sellingAndMarketingExpenses": 282000, "sellingGeneralAndAdministrativeExpenses": 11971000, "otherExpenses": 48000, "operatingExpenses": 12019000, "costAndExpenses": 81667000, "interestIncome": 71000, "interestExpense": 0, "depreciationAndAmortization": 3643000, "ebitda": 23407000, "ebitdaratio": 0.2310068492, "operatingIncome": 19659000, "operatingIncomeRatio": 0.1940173302, "totalOtherIncomeExpensesNet": 105000, "incomeBeforeTax": 19764000, "incomeBeforeTaxRatio": 0.1950535894, "incomeTaxExpense": 5970000, "netIncome": 13794000, "netIncomeRatio": 0.1361348519, "eps": 0.26, "epsdiluted": 0.17, "weightedAverageShsOut": 78923011, "weightedAverageShsOutDil": 79726663, "link": "https://www.sec.gov/Archives/edgar/data/824142/000082414217000126/0000824142-17-000126-index.htm", "finalLink": "https://www.sec.gov/Archives/edgar/data/824142/000082414217000126/aaon10-qq22017.htm"}, {"date": "2017-03-31", "symbol": "AAON", "reportedCurrency": "USD", "cik": "0000824142", "fillingDate": "2017-05-04", "acceptedDate": "2017-05-04 13:06:20", "calendarYear": "2017", "period": "Q1", "revenue": 86078000, "costOfRevenue": 61092000, "grossProfit": 24986000, "grossProfitRatio": 0.2902716141, "researchAndDevelopmentExpenses": 0, "generalAndAdministrativeExpenses": 9222000, "sellingAndMarketingExpenses": 966000, "sellingGeneralAndAdministrativeExpenses": 10188000, "otherExpenses": 341000, "operatingExpenses": 10529000, "costAndExpenses": 71621000, "interestIncome": 60000, "interestExpense": 0, "depreciationAndAmortization": 3638000, "ebitda": 18308000, "ebitdaratio": 0.2126908153, "operatingIncome": 14457000, "operatingIncomeRatio": 0.1679523223, "totalOtherIncomeExpensesNet": 71000, "incomeBeforeTax": 14528000, "incomeBeforeTaxRatio": 0.1687771556, "incomeTaxExpense": 4311000, "netIncome": 10217000, "netIncomeRatio": 0.1186946723, "eps": 0.13, "epsdiluted": 0.13, "weightedAverageShsOut": 78933771, "weightedAverageShsOutDil": 79785047, "link": "https://www.sec.gov/Archives/edgar/data/824142/000082414217000083/0000824142-17-000083-index.htm", "finalLink": "https://www.sec.gov/Archives/edgar/data/824142/000082414217000083/aaon10-qq12017.htm"}, {"date": "2016-12-31", "symbol": "AAON", "reportedCurrency": "USD", "cik": "0000824142", "fillingDate": "2017-02-23", "acceptedDate": "2017-02-23 14:41:51", "calendarYear": "2016", "period": "Q4", "revenue": 91668000, "costOfRevenue": 65158000, "grossProfit": 26510000, "grossProfitRatio": 0.2891957935, "researchAndDevelopmentExpenses": 0, "generalAndAdministrativeExpenses": 8162000, "sellingAndMarketingExpenses": 367000, "sellingGeneralAndAdministrativeExpenses": 8474000, "otherExpenses": 158000, "operatingExpenses": 8632000, "costAndExpenses": 73790000, "interestIncome": 69000, "interestExpense": 0, "depreciationAndAmortization": 3488000, "ebitda": 21425000, "ebitdaratio": 0.2337238731, "operatingIncome": 17878000, "operatingIncomeRatio": 0.1950298905, "totalOtherIncomeExpensesNet": 59000, "incomeBeforeTax": 17937000, "incomeBeforeTaxRatio": 0.1956735175, "incomeTaxExpense": 6517000, "netIncome": 11420000, "netIncomeRatio": 0.1245800061, "eps": 0.15, "epsdiluted": 0.14, "weightedAverageShsOut": 79338062, "weightedAverageShsOutDil": 53419948, "link": "https://www.sec.gov/Archives/edgar/data/824142/000082414217000034/0000824142-17-000034-index.htm", "finalLink": "https://www.sec.gov/Archives/edgar/data/824142/000082414217000034/aaon10k123116.htm"}, {"date": "2016-09-30", "symbol": "AAON", "reportedCurrency": "USD", "cik": "0000824142", "fillingDate": "2016-11-03", "acceptedDate": "2016-11-03 12:26:00", "calendarYear": "2016", "period": "Q3", "revenue": 104568000, "costOfRevenue": 71476000, "grossProfit": 33092000, "grossProfitRatio": 0.3164639278, "researchAndDevelopmentExpenses": 0, "generalAndAdministrativeExpenses": 9856000, "sellingAndMarketingExpenses": 271000, "sellingGeneralAndAdministrativeExpenses": 10127000, "otherExpenses": 273000, "operatingExpenses": 10400000, "costAndExpenses": 81876000, "interestIncome": 82000, "interestExpense": 0, "depreciationAndAmortization": 3201000, "ebitda": 25963000, "ebitdaratio": 0.2482881952, "operatingIncome": 22692000, "operatingIncomeRatio": 0.217007115, "totalOtherIncomeExpensesNet": 70000, "incomeBeforeTax": 22762000, "incomeBeforeTaxRatio": 0.2176765358, "incomeTaxExpense": 7080000, "netIncome": 15682000, "netIncomeRatio": 0.1499693979, "eps": 0.2, "epsdiluted": 0.29, "weightedAverageShsOut": 79337780, "weightedAverageShsOutDil": 80091458, "link": "https://www.sec.gov/Archives/edgar/data/824142/000082414216000225/0000824142-16-000225-index.htm", "finalLink": "https://www.sec.gov/Archives/edgar/data/824142/000082414216000225/aaon10-qq32016.htm"}, {"date": "2016-06-30", "symbol": "AAON", "reportedCurrency": "USD", "cik": "0000824142", "fillingDate": "2016-08-04", "acceptedDate": "2016-08-04 16:12:02", "calendarYear": "2016", "period": "Q2", "revenue": 102319000, "costOfRevenue": 69572000, "grossProfit": 32747000, "grossProfitRatio": 0.3200480849, "researchAndDevelopmentExpenses": 0, "generalAndAdministrativeExpenses": 10064000, "sellingAndMarketingExpenses": 448000, "sellingGeneralAndAdministrativeExpenses": 10512000, "otherExpenses": 37000, "operatingExpenses": 10549000, "costAndExpenses": 80121000, "interestIncome": 67000, "interestExpense": 0, "depreciationAndAmortization": 3175000, "ebitda": 25464000, "ebitdaratio": 0.2488687341, "operatingIncome": 22198000, "operatingIncomeRatio": 0.2169489538, "totalOtherIncomeExpensesNet": 77000, "incomeBeforeTax": 22275000, "incomeBeforeTaxRatio": 0.2177015022, "incomeTaxExpense": 7550000, "netIncome": 14725000, "netIncomeRatio": 0.1439126653, "eps": 0.28, "epsdiluted": 0.18, "weightedAverageShsOut": 53036009, "weightedAverageShsOutDil": 80362053, "link": "https://www.sec.gov/Archives/edgar/data/824142/000082414216000197/0000824142-16-000197-index.htm", "finalLink": "https://www.sec.gov/Archives/edgar/data/824142/000082414216000197/aaon10-qq22016.htm"}, {"date": "2016-03-31", "symbol": "AAON", "reportedCurrency": "USD", "cik": "0000824142", "fillingDate": "2016-05-05", "acceptedDate": "2016-05-05 11:39:25", "calendarYear": "2016", "period": "Q1", "revenue": 85422000, "costOfRevenue": 59691000, "grossProfit": 25731000, "grossProfitRatio": 0.3012221676, "researchAndDevelopmentExpenses": 0, "generalAndAdministrativeExpenses": 8278000, "sellingAndMarketingExpenses": 309000, "sellingGeneralAndAdministrativeExpenses": 8587000, "otherExpenses": 318000, "operatingExpenses": 8905000, "costAndExpenses": 68596000, "interestIncome": 74000, "interestExpense": 0, "depreciationAndAmortization": 3171000, "ebitda": 20098000, "ebitdaratio": 0.2352789679, "operatingIncome": 16826000, "operatingIncomeRatio": 0.1969750181, "totalOtherIncomeExpensesNet": 191000, "incomeBeforeTax": 17017000, "incomeBeforeTaxRatio": 0.1992109761, "incomeTaxExpense": 5466000, "netIncome": 11551000, "netIncomeRatio": 0.1352227763, "eps": 0.22, "epsdiluted": 0.15, "weightedAverageShsOut": 53061058, "weightedAverageShsOutDil": 53593269, "link": "https://www.sec.gov/Archives/edgar/data/824142/000082414216000146/0000824142-16-000146-index.htm", "finalLink": "https://www.sec.gov/Archives/edgar/data/824142/000082414216000146/aaon10-qq12016.htm"}, {"date": "2015-12-31", "symbol": "AAON", "reportedCurrency": "USD", "cik": "0000824142", "fillingDate": "2016-02-25", "acceptedDate": "2016-02-25 12:30:57", "calendarYear": "2015", "period": "Q4", "revenue": 97229000, "costOfRevenue": 67648000, "grossProfit": 29581000, "grossProfitRatio": 0.3042405044, "researchAndDevelopmentExpenses": 0, "generalAndAdministrativeExpenses": 9100000, "sellingAndMarketingExpenses": 540000, "sellingGeneralAndAdministrativeExpenses": 9591000, "otherExpenses": 268000, "operatingExpenses": 9859000, "costAndExpenses": 77507000, "interestIncome": 74000, "interestExpense": 0, "depreciationAndAmortization": 3154000, "ebitda": 22925000, "ebitdaratio": 0.2357835625, "operatingIncome": 19722000, "operatingIncomeRatio": 0.2028407162, "totalOtherIncomeExpensesNet": 56000, "incomeBeforeTax": 19778000, "incomeBeforeTaxRatio": 0.2034166761, "incomeTaxExpense": 6830000, "netIncome": 12948000, "netIncomeRatio": 0.1331701447, "eps": 0.24, "epsdiluted": 0.24, "weightedAverageShsOut": 53680995, "weightedAverageShsOutDil": 54036021, "link": "https://www.sec.gov/Archives/edgar/data/824142/000082414216000118/0000824142-16-000118-index.htm", "finalLink": "https://www.sec.gov/Archives/edgar/data/824142/000082414216000118/aaon10k123115.htm"}, {"date": "2015-09-30", "symbol": "AAON", "reportedCurrency": "USD", "cik": "0000824142", "fillingDate": "2015-11-02", "acceptedDate": "2015-11-02 14:01:03", "calendarYear": "2015", "period": "Q3", "revenue": 94360000, "costOfRevenue": 64175000, "grossProfit": 30185000, "grossProfitRatio": 0.3198919033, "researchAndDevelopmentExpenses": 0, "generalAndAdministrativeExpenses": 9505000, "sellingAndMarketingExpenses": 259000, "sellingGeneralAndAdministrativeExpenses": 9764000, "otherExpenses": 264000, "operatingExpenses": 10028000, "costAndExpenses": 74203000, "interestIncome": 14000, "interestExpense": 0, "depreciationAndAmortization": 2988000, "ebitda": 23558000, "ebitdaratio": 0.2496608733, "operatingIncome": 20157000, "operatingIncomeRatio": 0.2136180585, "totalOtherIncomeExpensesNet": -44000, "incomeBeforeTax": 20113000, "incomeBeforeTaxRatio": 0.2131517592, "incomeTaxExpense": 6862000, "netIncome": 13251000, "netIncomeRatio": 0.1404302671, "eps": 0.16, "epsdiluted": 0.24, "weightedAverageShsOut": 81314913, "weightedAverageShsOutDil": 81869385, "link": "https://www.sec.gov/Archives/edgar/data/824142/000082414215000096/0000824142-15-000096-index.htm", "finalLink": "https://www.sec.gov/Archives/edgar/data/824142/000082414215000096/aaon10-qq32015.htm"}, {"date": "2015-06-30", "symbol": "AAON", "reportedCurrency": "USD", "cik": "0000824142", "fillingDate": "2015-08-06", "acceptedDate": "2015-08-06 14:10:14", "calendarYear": "2015", "period": "Q2", "revenue": 90275000, "costOfRevenue": 63158000, "grossProfit": 27117000, "grossProfitRatio": 0.3003821656, "researchAndDevelopmentExpenses": 0, "generalAndAdministrativeExpenses": 8773000, "sellingAndMarketingExpenses": 190000, "sellingGeneralAndAdministrativeExpenses": 8963000, "otherExpenses": 207000, "operatingExpenses": 9170000, "costAndExpenses": 72328000, "interestIncome": 29000, "interestExpense": 0, "depreciationAndAmortization": 2795000, "ebitda": 20557000, "ebitdaratio": 0.2277153143, "operatingIncome": 17947000, "operatingIncomeRatio": 0.1988036555, "totalOtherIncomeExpensesNet": 56000, "incomeBeforeTax": 18003000, "incomeBeforeTaxRatio": 0.1994239823, "incomeTaxExpense": 6873000, "netIncome": 11130000, "netIncomeRatio": 0.1232899474, "eps": 0.14, "epsdiluted": 0.2, "weightedAverageShsOut": 54208362, "weightedAverageShsOutDil": 82004644, "link": "https://www.sec.gov/Archives/edgar/data/824142/000082414215000079/0000824142-15-000079-index.htm", "finalLink": "https://www.sec.gov/Archives/edgar/data/824142/000082414215000079/aaon10-qq22015.htm"}, {"date": "2015-03-31", "symbol": "AAON", "reportedCurrency": "USD", "cik": "0000824142", "fillingDate": "2015-05-07", "acceptedDate": "2015-05-07 14:40:42", "calendarYear": "2015", "period": "Q1", "revenue": 76768000, "costOfRevenue": 54970000, "grossProfit": 21798000, "grossProfitRatio": 0.283946436, "researchAndDevelopmentExpenses": 0, "generalAndAdministrativeExpenses": 7886000, "sellingAndMarketingExpenses": 202000, "sellingGeneralAndAdministrativeExpenses": 8088000, "otherExpenses": 234000, "operatingExpenses": 8322000, "costAndExpenses": 63292000, "interestIncome": 44000, "interestExpense": 0, "depreciationAndAmortization": 2804000, "ebitda": 16396000, "ebitdaratio": 0.2135785744, "operatingIncome": 13476000, "operatingIncomeRatio": 0.1755418925, "totalOtherIncomeExpensesNet": -31000, "incomeBeforeTax": 13445000, "incomeBeforeTaxRatio": 0.1751380784, "incomeTaxExpense": 5046000, "netIncome": 8399000, "netIncomeRatio": 0.1094075657, "eps": 0.11, "epsdiluted": 0.1, "weightedAverageShsOut": 54083897, "weightedAverageShsOutDil": 54640389, "link": "https://www.sec.gov/Archives/edgar/data/824142/000082414215000035/0000824142-15-000035-index.htm", "finalLink": "https://www.sec.gov/Archives/edgar/data/824142/000082414215000035/aaon10-qq12015.htm"}, {"date": "2014-12-31", "symbol": "AAON", "reportedCurrency": "USD", "cik": "0000824142", "fillingDate": "2015-02-27", "acceptedDate": "2015-02-26 19:02:03", "calendarYear": "2014", "period": "Q4", "revenue": 84728000, "costOfRevenue": 59537000, "grossProfit": 25191000, "grossProfitRatio": 0.2973161175, "researchAndDevelopmentExpenses": 0, "generalAndAdministrativeExpenses": 8152000, "sellingAndMarketingExpenses": 815000, "sellingGeneralAndAdministrativeExpenses": 8134000, "otherExpenses": 104000, "operatingExpenses": 8238000, "costAndExpenses": 67775000, "interestIncome": 81000, "interestExpense": 0, "depreciationAndAmortization": 2893000, "ebitda": 19727000, "ebitdaratio": 0.2328274006, "operatingIncome": 16953000, "operatingIncomeRatio": 0.2000873383, "totalOtherIncomeExpensesNet": 75000, "incomeBeforeTax": 17028000, "incomeBeforeTaxRatio": 0.2009725238, "incomeTaxExpense": 6495000, "netIncome": 10533000, "netIncomeRatio": 0.1243154565, "eps": 0.19, "epsdiluted": 0.19, "weightedAverageShsOut": 82223931, "weightedAverageShsOutDil": 82223931, "link": "https://www.sec.gov/Archives/edgar/data/824142/000082414215000014/0000824142-15-000014-index.htm", "finalLink": "https://www.sec.gov/Archives/edgar/data/824142/000082414215000014/aaon10-k123114.htm"}, {"date": "2014-09-30", "symbol": "AAON", "reportedCurrency": "USD", "cik": "0000824142", "fillingDate": "2014-11-06", "acceptedDate": "2014-11-06 14:50:35", "calendarYear": "2014", "period": "Q3", "revenue": 102917000, "costOfRevenue": 69567000, "grossProfit": 33350000, "grossProfitRatio": 0.3240475334, "researchAndDevelopmentExpenses": 0, "generalAndAdministrativeExpenses": 13373000, "sellingAndMarketingExpenses": 241000, "sellingGeneralAndAdministrativeExpenses": 13614000, "otherExpenses": 216000, "operatingExpenses": 13830000, "costAndExpenses": 83397000, "interestIncome": 55000, "interestExpense": 0, "depreciationAndAmortization": 2941000, "ebitda": 22461000, "ebitdaratio": 0.2182438276, "operatingIncome": 19520000, "operatingIncomeRatio": 0.1896674019, "totalOtherIncomeExpensesNet": 12000, "incomeBeforeTax": 19532000, "incomeBeforeTaxRatio": 0.1897840007, "incomeTaxExpense": 7092000, "netIncome": 12440000, "netIncomeRatio": 0.1208741024, "eps": 0.15, "epsdiluted": 0.15, "weightedAverageShsOut": 54905288, "weightedAverageShsOutDil": 83226064, "link": "https://www.sec.gov/Archives/edgar/data/824142/000082414214000108/0000824142-14-000108-index.htm", "finalLink": "https://www.sec.gov/Archives/edgar/data/824142/000082414214000108/aaon10-qq32014.htm"}, {"date": "2014-06-30", "symbol": "AAON", "reportedCurrency": "USD", "cik": "0000824142", "fillingDate": "2014-08-07", "acceptedDate": "2014-08-07 15:38:31", "calendarYear": "2014", "period": "Q2", "revenue": 92310000, "costOfRevenue": 64434000, "grossProfit": 27876000, "grossProfitRatio": 0.3019824504, "researchAndDevelopmentExpenses": 0, "generalAndAdministrativeExpenses": 9863000, "sellingAndMarketingExpenses": 504000, "sellingGeneralAndAdministrativeExpenses": 10367000, "otherExpenses": 217000, "operatingExpenses": 10584000, "costAndExpenses": 75018000, "interestIncome": 71000, "interestExpense": 0, "depreciationAndAmortization": 2911000, "ebitda": 20203000, "ebitdaratio": 0.2188603618, "operatingIncome": 17292000, "operatingIncomeRatio": 0.1873253169, "totalOtherIncomeExpensesNet": 105000, "incomeBeforeTax": 17397000, "incomeBeforeTaxRatio": 0.1884627884, "incomeTaxExpense": 6034000, "netIncome": 11363000, "netIncomeRatio": 0.1230960893, "eps": 0.14, "epsdiluted": 0.2, "weightedAverageShsOut": 55004175, "weightedAverageShsOutDil": 83352318, "link": "https://www.sec.gov/Archives/edgar/data/824142/000082414214000092/0000824142-14-000092-index.htm", "finalLink": "https://www.sec.gov/Archives/edgar/data/824142/000082414214000092/aaon10-qq22014.htm"}, {"date": "2014-03-31", "symbol": "AAON", "reportedCurrency": "USD", "cik": "0000824142", "fillingDate": "2014-05-05", "acceptedDate": "2014-05-05 13:17:41", "calendarYear": "2014", "period": "Q1", "revenue": 76367000, "costOfRevenue": 54521000, "grossProfit": 21846000, "grossProfitRatio": 0.2860659709, "researchAndDevelopmentExpenses": 0, "generalAndAdministrativeExpenses": 7281000, "sellingAndMarketingExpenses": 126000, "sellingGeneralAndAdministrativeExpenses": 7407000, "otherExpenses": 198000, "operatingExpenses": 7605000, "costAndExpenses": 62126000, "interestIncome": 69000, "interestExpense": 0, "depreciationAndAmortization": 2808000, "ebitda": 17081000, "ebitdaratio": 0.2236699098, "operatingIncome": 14241000, "operatingIncomeRatio": 0.1864810717, "totalOtherIncomeExpensesNet": 48000, "incomeBeforeTax": 14289000, "incomeBeforeTaxRatio": 0.1871096154, "incomeTaxExpense": 4467000, "netIncome": 9822000, "netIncomeRatio": 0.1286157634, "eps": 0.12, "epsdiluted": 0.12, "weightedAverageShsOut": 55041831, "weightedAverageShsOutDil": 55613190, "link": "https://www.sec.gov/Archives/edgar/data/824142/000082414214000045/0000824142-14-000045-index.htm", "finalLink": "https://www.sec.gov/Archives/edgar/data/824142/000082414214000045/aaon_10q033114.htm"}, {"date": "2013-12-31", "symbol": "AAON", "reportedCurrency": "USD", "cik": "0000824142", "fillingDate": "2014-03-13", "acceptedDate": "2014-03-13 14:41:00", "calendarYear": "2013", "period": "Q4", "revenue": 73376000, "costOfRevenue": 53188000, "grossProfit": 20188000, "grossProfitRatio": 0.275130833, "researchAndDevelopmentExpenses": 0, "generalAndAdministrativeExpenses": 454000, "sellingAndMarketingExpenses": 681000, "sellingGeneralAndAdministrativeExpenses": 7945000, "otherExpenses": 331000, "operatingExpenses": 8276000, "costAndExpenses": 61464000, "interestIncome": 68000, "interestExpense": -2000, "depreciationAndAmortization": 2963000, "ebitda": 14968000, "ebitdaratio": 0.2039904056, "operatingIncome": 11912000, "operatingIncomeRatio": 0.1623419102, "totalOtherIncomeExpensesNet": 66000, "incomeBeforeTax": 11978000, "incomeBeforeTaxRatio": 0.1632413868, "incomeTaxExpense": 4212000, "netIncome": 7766000, "netIncomeRatio": 0.1058384213, "eps": 0.21, "epsdiluted": 0.21, "weightedAverageShsOut": 83205657, "weightedAverageShsOutDil": 83492708, "link": "https://www.sec.gov/Archives/edgar/data/824142/000082414214000015/0000824142-14-000015-index.htm", "finalLink": "https://www.sec.gov/Archives/edgar/data/824142/000082414214000015/aaon10-k.htm"}, {"date": "2013-09-30", "symbol": "AAON", "reportedCurrency": "USD", "cik": "0000824142", "fillingDate": "2013-11-07", "acceptedDate": "2013-11-07 15:29:00", "calendarYear": "2013", "period": "Q3", "revenue": 89690000, "costOfRevenue": 63074000, "grossProfit": 26616000, "grossProfitRatio": 0.2967554911, "researchAndDevelopmentExpenses": 0, "generalAndAdministrativeExpenses": 9264000, "sellingAndMarketingExpenses": 201000, "sellingGeneralAndAdministrativeExpenses": 9465000, "otherExpenses": 222000, "operatingExpenses": 9687000, "costAndExpenses": 72761000, "interestIncome": 61000, "interestExpense": 1000, "depreciationAndAmortization": 3081000, "ebitda": 20028000, "ebitdaratio": 0.2233024863, "operatingIncome": 16929000, "operatingIncomeRatio": 0.1887501394, "totalOtherIncomeExpensesNet": 75000, "incomeBeforeTax": 17004000, "incomeBeforeTaxRatio": 0.189586353, "incomeTaxExpense": 6482000, "netIncome": 10522000, "netIncomeRatio": 0.1173151968, "eps": 0.13, "epsdiluted": 0.13, "weightedAverageShsOut": 55113393, "weightedAverageShsOutDil": 55526342, "link": "https://www.sec.gov/Archives/edgar/data/824142/000082414213000008/0000824142-13-000008-index.htm", "finalLink": "https://www.sec.gov/Archives/edgar/data/824142/000082414213000008/aaon_10q093013.htm"}, {"date": "2013-06-30", "symbol": "AAON", "reportedCurrency": "USD", "cik": "0000824142", "fillingDate": "2013-08-08", "acceptedDate": "2013-08-08 16:07:58", "calendarYear": "2013", "period": "Q2", "revenue": 91241000, "costOfRevenue": 63565000, "grossProfit": 27676000, "grossProfitRatio": 0.3033285475, "researchAndDevelopmentExpenses": 0, "generalAndAdministrativeExpenses": 8608000, "sellingAndMarketingExpenses": 275000, "sellingGeneralAndAdministrativeExpenses": 8883000, "otherExpenses": 147000, "operatingExpenses": 9089000, "costAndExpenses": 72595000, "interestIncome": 57000, "interestExpense": 0, "depreciationAndAmortization": 3077000, "ebitda": 21664000, "ebitdaratio": 0.2374371171, "operatingIncome": 18646000, "operatingIncomeRatio": 0.2043598821, "totalOtherIncomeExpensesNet": 310000, "incomeBeforeTax": 18956000, "incomeBeforeTaxRatio": 0.2077574774, "incomeTaxExpense": 6837000, "netIncome": 12119000, "netIncomeRatio": 0.1328240594, "eps": 0.15, "epsdiluted": 0.15, "weightedAverageShsOut": 55139577, "weightedAverageShsOutDil": 55725393, "link": "https://www.sec.gov/Archives/edgar/data/824142/000144530513002029/0001445305-13-002029-index.htm", "finalLink": "https://www.sec.gov/Archives/edgar/data/824142/000144530513002029/aaon_10q063013.htm"}, {"date": "2013-03-31", "symbol": "AAON", "reportedCurrency": "USD", "cik": "0000824142", "fillingDate": "2013-05-09", "acceptedDate": "2013-05-09 13:01:13", "calendarYear": "2013", "period": "Q1", "revenue": 66833000, "costOfRevenue": 51521000, "grossProfit": 15312000, "grossProfitRatio": 0.2291083746, "researchAndDevelopmentExpenses": 0, "generalAndAdministrativeExpenses": 6291000, "sellingAndMarketingExpenses": 481000, "sellingGeneralAndAdministrativeExpenses": 6772000, "otherExpenses": 202000, "operatingExpenses": 6974000, "costAndExpenses": 58495000, "interestIncome": 34000, "interestExpense": 0, "depreciationAndAmortization": 3191000, "ebitda": 11536000, "ebitdaratio": 0.1726093397, "operatingIncome": 8338000, "operatingIncomeRatio": 0.124758727, "totalOtherIncomeExpensesNet": 18000, "incomeBeforeTax": 8356000, "incomeBeforeTaxRatio": 0.125028055, "incomeTaxExpense": 1216000, "netIncome": 7140000, "netIncomeRatio": 0.1068334505, "eps": 0.19, "epsdiluted": 0.19, "weightedAverageShsOut": 55140948, "weightedAverageShsOutDil": 55443215, "link": "https://www.sec.gov/Archives/edgar/data/824142/000102660813000058/0001026608-13-000058-index.htm", "finalLink": "https://www.sec.gov/Archives/edgar/data/824142/000102660813000058/aaon_10q033113.htm"}, {"date": "2012-12-31", "symbol": "AAON", "reportedCurrency": "USD", "cik": "0000824142", "fillingDate": "2013-03-14", "acceptedDate": "2013-03-14 16:17:14", "calendarYear": "2012", "period": "Q4", "revenue": 78008000, "costOfRevenue": 59279000, "grossProfit": 18729000, "grossProfitRatio": 0.2400907599, "researchAndDevelopmentExpenses": 0, "generalAndAdministrativeExpenses": 0, "sellingAndMarketingExpenses": 0, "sellingGeneralAndAdministrativeExpenses": 6634000, "otherExpenses": 12095000, "operatingExpenses": 19627000, "costAndExpenses": 65943000, "interestIncome": 31000, "interestExpense": 1000, "depreciationAndAmortization": 3328000, "ebitda": 15424000, "ebitdaratio": 0.1977233104, "operatingIncome": 12095000, "operatingIncomeRatio": 0.1550482002, "totalOtherIncomeExpensesNet": 0, "incomeBeforeTax": 12095000, "incomeBeforeTaxRatio": 0.1550482002, "incomeTaxExpense": 4517000, "netIncome": 7578000, "netIncomeRatio": 0.0971438827, "eps": 0.0919, "epsdiluted": 0.0919, "weightedAverageShsOut": 55181250, "weightedAverageShsOutDil": 55417500, "link": "https://www.sec.gov/Archives/edgar/data/824142/000102660813000024/0001026608-13-000024-index.htm", "finalLink": "https://www.sec.gov/Archives/edgar/data/824142/000102660813000024/aaon_10k123112.htm"}, {"date": "2012-09-30", "symbol": "AAON", "reportedCurrency": "USD", "cik": "0000824142", "fillingDate": "2012-11-08", "acceptedDate": "2012-11-08 15:03:59", "calendarYear": "2012", "period": "Q3", "revenue": 76816000, "costOfRevenue": 59667000, "grossProfit": 17149000, "grossProfitRatio": 0.2232477609, "researchAndDevelopmentExpenses": 0, "generalAndAdministrativeExpenses": 0, "sellingAndMarketingExpenses": 0, "sellingGeneralAndAdministrativeExpenses": 6747000, "otherExpenses": -4000, "operatingExpenses": 6747000, "costAndExpenses": 66414000, "interestIncome": 40000, "interestExpense": 16000, "depreciationAndAmortization": 3332000, "ebitda": 13831000, "ebitdaratio": 0.1800536347, "operatingIncome": 10406000, "operatingIncomeRatio": 0.1354665695, "totalOtherIncomeExpensesNet": 77000, "incomeBeforeTax": 10483000, "incomeBeforeTaxRatio": 0.1364689648, "incomeTaxExpense": 4476000, "netIncome": 6007000, "netIncomeRatio": 0.0781998542, "eps": 0.0711, "epsdiluted": 0.0711, "weightedAverageShsOut": 82805625, "weightedAverageShsOutDil": 83251125, "link": "https://www.sec.gov/Archives/edgar/data/824142/000102660812000119/0001026608-12-000119-index.htm", "finalLink": "https://www.sec.gov/Archives/edgar/data/824142/000102660812000119/aaon_10q93012.htm"}, {"date": "2012-06-30", "symbol": "AAON", "reportedCurrency": "USD", "cik": "0000824142", "fillingDate": "2012-08-08", "acceptedDate": "2012-08-08 16:20:38", "calendarYear": "2012", "period": "Q2", "revenue": 83333000, "costOfRevenue": 62230000, "grossProfit": 21103000, "grossProfitRatio": 0.2532370129, "researchAndDevelopmentExpenses": 0, "generalAndAdministrativeExpenses": 0, "sellingAndMarketingExpenses": 0, "sellingGeneralAndAdministrativeExpenses": 6899000, "otherExpenses": 10000, "operatingExpenses": 6909000, "costAndExpenses": 69139000, "interestIncome": 2000, "interestExpense": 11000, "depreciationAndAmortization": 3353000, "ebitda": 17498000, "ebitdaratio": 0.2099768399, "operatingIncome": 14194000, "operatingIncomeRatio": 0.1703286813, "totalOtherIncomeExpensesNet": -60000, "incomeBeforeTax": 14134000, "incomeBeforeTaxRatio": 0.1696086784, "incomeTaxExpense": 4837000, "netIncome": 9297000, "netIncomeRatio": 0.1115644463, "eps": 0.17, "epsdiluted": 0.17, "weightedAverageShsOut": 82863000, "weightedAverageShsOutDil": 55637291, "link": "https://www.sec.gov/Archives/edgar/data/824142/000102660812000093/0001026608-12-000093-index.htm", "finalLink": "https://www.sec.gov/Archives/edgar/data/824142/000102660812000093/aaon_10q63012.htm"}, {"date": "2012-03-31", "symbol": "AAON", "reportedCurrency": "USD", "cik": "0000824142", "fillingDate": "2012-05-08", "acceptedDate": "2012-05-08 16:22:01", "calendarYear": "2012", "period": "Q1", "revenue": 64957000, "costOfRevenue": 51439000, "grossProfit": 13518000, "grossProfitRatio": 0.2081069015, "researchAndDevelopmentExpenses": 0, "generalAndAdministrativeExpenses": 0, "sellingAndMarketingExpenses": 0, "sellingGeneralAndAdministrativeExpenses": 5981000, "otherExpenses": -23000, "operatingExpenses": 5958000, "costAndExpenses": 57397000, "interestIncome": 13000, "interestExpense": 16000, "depreciationAndAmortization": 3394000, "ebitda": 11015000, "ebitdaratio": 0.169573718, "operatingIncome": 7560000, "operatingIncomeRatio": 0.1163846853, "totalOtherIncomeExpensesNet": 45000, "incomeBeforeTax": 7605000, "incomeBeforeTaxRatio": 0.1170774512, "incomeTaxExpense": 3038000, "netIncome": 4567000, "netIncomeRatio": 0.0703080499, "eps": 0.0844, "epsdiluted": 0.08, "weightedAverageShsOut": 55321767, "weightedAverageShsOutDil": 83606482, "link": "https://www.sec.gov/Archives/edgar/data/824142/000102660812000057/0001026608-12-000057-index.htm", "finalLink": "https://www.sec.gov/Archives/edgar/data/824142/000102660812000057/aaon_10q33112.htm"}, {"date": "2011-12-31", "symbol": "AAON", "reportedCurrency": "USD", "cik": "0000824142", "fillingDate": "2012-03-14", "acceptedDate": "2012-03-14 13:09:12", "calendarYear": "2011", "period": "Q4", "revenue": 63402000, "costOfRevenue": 54755000, "grossProfit": 8647000, "grossProfitRatio": 0.1363837103, "researchAndDevelopmentExpenses": 0, "generalAndAdministrativeExpenses": 0, "sellingAndMarketingExpenses": 0, "sellingGeneralAndAdministrativeExpenses": 5625000, "otherExpenses": 3022000, "operatingExpenses": 8647000, "costAndExpenses": 60380000, "interestIncome": 11000, "interestExpense": 104000, "depreciationAndAmortization": 3223000, "ebitda": 4667000, "ebitdaratio": 0.0736096653, "operatingIncome": 3022000, "operatingIncomeRatio": 0.0476641115, "totalOtherIncomeExpensesNet": -1682000, "incomeBeforeTax": 1340000, "incomeBeforeTaxRatio": 0.02113498, "incomeTaxExpense": 469000, "netIncome": 871000, "netIncomeRatio": 0.013737737, "eps": 0.0157, "epsdiluted": 0.0156, "weightedAverageShsOut": 24690000, "weightedAverageShsOutDil": 24881000, "link": "https://www.sec.gov/Archives/edgar/data/824142/000102660812000022/0001026608-12-000022-index.htm", "finalLink": "https://www.sec.gov/Archives/edgar/data/824142/000102660812000022/aaon_10k2011.htm"}, {"date": "2011-09-30", "symbol": "AAON", "reportedCurrency": "USD", "cik": "0000824142", "fillingDate": "2011-11-08", "acceptedDate": "2011-11-08 15:18:50", "calendarYear": "2011", "period": "Q3", "revenue": 73829000, "costOfRevenue": 59570000, "grossProfit": 14259000, "grossProfitRatio": 0.1931354888, "researchAndDevelopmentExpenses": 0, "generalAndAdministrativeExpenses": 0, "sellingAndMarketingExpenses": 0, "sellingGeneralAndAdministrativeExpenses": 5451000, "otherExpenses": -6000, "operatingExpenses": 5445000, "costAndExpenses": 65015000, "interestIncome": 22000, "interestExpense": 59000, "depreciationAndAmortization": 2725000, "ebitda": 11439000, "ebitdaratio": 0.1549391161, "operatingIncome": 8814000, "operatingIncomeRatio": 0.1193839819, "totalOtherIncomeExpensesNet": -159000, "incomeBeforeTax": 8655000, "incomeBeforeTaxRatio": 0.1172303566, "incomeTaxExpense": 3029000, "netIncome": 5626000, "netIncomeRatio": 0.076203118, "eps": 0.1, "epsdiluted": 0.1, "weightedAverageShsOut": 83251125, "weightedAverageShsOutDil": 83848500, "link": "https://www.sec.gov/Archives/edgar/data/824142/000102660811000177/0001026608-11-000177-index.htm", "finalLink": "https://www.sec.gov/Archives/edgar/data/824142/000102660811000177/aaon_10q93011.htm"}, {"date": "2011-06-30", "symbol": "AAON", "reportedCurrency": "USD", "cik": "0000824142", "fillingDate": "2011-08-04", "acceptedDate": "2011-08-04 13:19:58", "calendarYear": "2011", "period": "Q2", "revenue": 69076000, "costOfRevenue": 57339000, "grossProfit": 11737000, "grossProfitRatio": 0.1699142973, "researchAndDevelopmentExpenses": 0, "generalAndAdministrativeExpenses": 0, "sellingAndMarketingExpenses": 0, "sellingGeneralAndAdministrativeExpenses": 5711000, "otherExpenses": -14000, "operatingExpenses": 5697000, "costAndExpenses": 63036000, "interestIncome": 31000, "interestExpense": 104000, "depreciationAndAmortization": 2746000, "ebitda": 8752000, "ebitdaratio": 0.126701025, "operatingIncome": 6040000, "operatingIncomeRatio": 0.0874399212, "totalOtherIncomeExpensesNet": -138000, "incomeBeforeTax": 5902000, "incomeBeforeTaxRatio": 0.0854421217, "incomeTaxExpense": 2063000, "netIncome": 3839000, "netIncomeRatio": 0.0555764665, "eps": 0.0711, "epsdiluted": 0.0667, "weightedAverageShsOut": 55608750, "weightedAverageShsOutDil": 84115125, "link": "https://www.sec.gov/Archives/edgar/data/824142/000102660811000125/0001026608-11-000125-index.htm", "finalLink": "https://www.sec.gov/Archives/edgar/data/824142/000102660811000125/aaon_10q63011.htm"}, {"date": "2011-03-31", "symbol": "AAON", "reportedCurrency": "USD", "cik": "0000824142", "fillingDate": "2011-05-05", "acceptedDate": "2011-05-05 16:40:09", "calendarYear": "2011", "period": "Q1", "revenue": 59913000, "costOfRevenue": 48275000, "grossProfit": 11638000, "grossProfitRatio": 0.1942483267, "researchAndDevelopmentExpenses": 0, "generalAndAdministrativeExpenses": 0, "sellingAndMarketingExpenses": 0, "sellingGeneralAndAdministrativeExpenses": 5537000, "otherExpenses": 6000, "operatingExpenses": 5543000, "costAndExpenses": 53818000, "interestIncome": 34000, "interestExpense": 10000, "depreciationAndAmortization": 2703000, "ebitda": 8329000, "ebitdaratio": 0.1390182431, "operatingIncome": 6095000, "operatingIncomeRatio": 0.1017308431, "totalOtherIncomeExpensesNet": -479000, "incomeBeforeTax": 5616000, "incomeBeforeTaxRatio": 0.0937359171, "incomeTaxExpense": 1966000, "netIncome": 3650000, "netIncomeRatio": 0.0609216698, "eps": 0.0667, "epsdiluted": 0.0667, "weightedAverageShsOut": 55674000, "weightedAverageShsOutDil": 56112750, "link": "https://www.sec.gov/Archives/edgar/data/824142/000102660811000042/0001026608-11-000042-index.htm", "finalLink": "https://www.sec.gov/Archives/edgar/data/824142/000102660811000042/aaon_10q33111.htm"}, {"date": "2010-12-31", "symbol": "AAON", "reportedCurrency": "USD", "cik": "0000824142", "fillingDate": "2011-03-10", "acceptedDate": "2011-03-10 15:18:45", "calendarYear": "2010", "period": "Q4", "revenue": 65826000, "costOfRevenue": 51635000, "grossProfit": 14191000, "grossProfitRatio": 0.215583508, "researchAndDevelopmentExpenses": 0, "generalAndAdministrativeExpenses": 0, "sellingAndMarketingExpenses": 0, "sellingGeneralAndAdministrativeExpenses": 5881000, "otherExpenses": 0, "operatingExpenses": 5881000, "costAndExpenses": 57516000, "interestIncome": 96000, "interestExpense": 41000, "depreciationAndAmortization": 2556000, "ebitda": 10913000, "ebitdaratio": 0.1657855559, "operatingIncome": 8310000, "operatingIncomeRatio": 0.1262419105, "totalOtherIncomeExpensesNet": 6000, "incomeBeforeTax": 8316000, "incomeBeforeTaxRatio": 0.1263330599, "incomeTaxExpense": 2534000, "netIncome": 5782000, "netIncomeRatio": 0.0878376325, "eps": 0.1, "epsdiluted": 0.1, "weightedAverageShsOut": 16799000, "weightedAverageShsOutDil": 16893000, "link": "https://www.sec.gov/Archives/edgar/data/824142/000102660811000023/0001026608-11-000023-index.htm", "finalLink": "https://www.sec.gov/Archives/edgar/data/824142/000102660811000023/aaon_10k123110.htm"}, {"date": "2010-09-30", "symbol": "AAON", "reportedCurrency": "USD", "cik": "0000824142", "fillingDate": "2010-11-08", "acceptedDate": "2010-11-08 10:56:18", "calendarYear": "2010", "period": "Q3", "revenue": 64886000, "costOfRevenue": 52389000, "grossProfit": 12497000, "grossProfitRatio": 0.1925993281, "researchAndDevelopmentExpenses": 0, "generalAndAdministrativeExpenses": 0, "sellingAndMarketingExpenses": 0, "sellingGeneralAndAdministrativeExpenses": 5166000, "otherExpenses": 0, "operatingExpenses": 5166000, "costAndExpenses": 57555000, "interestIncome": 44000, "interestExpense": 4000, "depreciationAndAmortization": 2518000, "ebitda": 9829000, "ebitdaratio": 0.1514810591, "operatingIncome": 7331000, "operatingIncomeRatio": 0.1129827698, "totalOtherIncomeExpensesNet": -24000, "incomeBeforeTax": 7307000, "incomeBeforeTaxRatio": 0.1126128903, "incomeTaxExpense": 2134000, "netIncome": 5173000, "netIncomeRatio": 0.0797244398, "eps": 0.0933, "epsdiluted": 0.0933, "weightedAverageShsOut": 55874250, "weightedAverageShsOutDil": 56184750, "link": "https://www.sec.gov/Archives/edgar/data/824142/000102660810000119/0001026608-10-000119-index.htm", "finalLink": "https://www.sec.gov/Archives/edgar/data/824142/000102660810000119/aaon_10q93010.htm"}]