[{"date": "2025-06-29", "symbol": "ILMN", "reportedCurrency": "USD", "cik": "0001110803", "fillingDate": "2025-08-01", "acceptedDate": "2025-08-01 17:24:43", "calendarYear": "2025", "period": "Q2", "revenue": 1059000000, "costOfRevenue": 364000000, "grossProfit": 695000000, "grossProfitRatio": 0.656279509, "researchAndDevelopmentExpenses": 247000000, "generalAndAdministrativeExpenses": 0, "sellingAndMarketingExpenses": 0, "sellingGeneralAndAdministrativeExpenses": 234000000, "otherExpenses": 0, "operatingExpenses": 481000000, "costAndExpenses": 845000000, "interestIncome": 10000000, "interestExpense": -25000000, "depreciationAndAmortization": 68000000, "ebitda": 399000000, "ebitdaratio": 0.3767705382, "operatingIncome": 214000000, "operatingIncomeRatio": 0.2020774315, "totalOtherIncomeExpensesNet": 92000000, "incomeBeforeTax": 306000000, "incomeBeforeTaxRatio": 0.2889518414, "incomeTaxExpense": 71000000, "netIncome": 235000000, "netIncomeRatio": 0.2219074599, "eps": 1.49, "epsdiluted": 1.49, "weightedAverageShsOut": 158000000, "weightedAverageShsOutDil": 158000000, "link": "https://www.sec.gov/Archives/edgar/data/1110803/000111080325000060/0001110803-25-000060-index.htm", "finalLink": "https://www.sec.gov/Archives/edgar/data/1110803/000111080325000060/ilmn-20250629.htm"}, {"date": "2025-03-30", "symbol": "ILMN", "reportedCurrency": "USD", "cik": "0001110803", "fillingDate": "2025-05-09", "acceptedDate": "2025-05-08 18:05:31", "calendarYear": "2025", "period": "Q1", "revenue": 1041000000, "costOfRevenue": 358000000, "grossProfit": 683000000, "grossProfitRatio": 0.6560999039, "researchAndDevelopmentExpenses": 252000000, "generalAndAdministrativeExpenses": 0, "sellingAndMarketingExpenses": 0, "sellingGeneralAndAdministrativeExpenses": 267000000, "otherExpenses": 0, "operatingExpenses": 519000000, "costAndExpenses": 877000000, "interestIncome": 11000000, "interestExpense": 25000000, "depreciationAndAmortization": 69000000, "ebitda": 276000000, "ebitdaratio": 0.265129683, "operatingIncome": 164000000, "operatingIncomeRatio": 0.1575408261, "totalOtherIncomeExpensesNet": 18000000, "incomeBeforeTax": 182000000, "incomeBeforeTaxRatio": 0.1748318924, "incomeTaxExpense": 51000000, "netIncome": 131000000, "netIncomeRatio": 0.1258405379, "eps": 0.82, "epsdiluted": 0.82, "weightedAverageShsOut": 159000000, "weightedAverageShsOutDil": 159000000, "link": "https://www.sec.gov/Archives/edgar/data/1110803/000111080325000046/0001110803-25-000046-index.htm", "finalLink": "https://www.sec.gov/Archives/edgar/data/1110803/000111080325000046/ilmn-20250330.htm"}, {"date": "2024-12-29", "symbol": "ILMN", "reportedCurrency": "USD", "cik": "0001110803", "fillingDate": "2025-02-12", "acceptedDate": "2025-02-12 16:21:55", "calendarYear": "2024", "period": "Q4", "revenue": 1104000000, "costOfRevenue": 376000000, "grossProfit": 728000000, "grossProfitRatio": 0.6594202899, "researchAndDevelopmentExpenses": 256000000, "generalAndAdministrativeExpenses": 0, "sellingAndMarketingExpenses": 0, "sellingGeneralAndAdministrativeExpenses": 271000000, "otherExpenses": 1712000000, "operatingExpenses": 2239000000, "costAndExpenses": 902000000, "interestIncome": 10000000, "interestExpense": 25000000, "depreciationAndAmortization": 71000000, "ebitda": 284000000, "ebitdaratio": 0.2572463768, "operatingIncome": 175000000, "operatingIncomeRatio": 0.1585144928, "totalOtherIncomeExpensesNet": 12000000, "incomeBeforeTax": 187000000, "incomeBeforeTaxRatio": 0.169384058, "incomeTaxExpense": 1000000, "netIncome": 187000000, "netIncomeRatio": 0.169384058, "eps": 1.18, "epsdiluted": 1.17, "weightedAverageShsOut": 159000000, "weightedAverageShsOutDil": 160000000, "link": "https://www.sec.gov/Archives/edgar/data/1110803/000111080325000019/0001110803-25-000019-index.htm", "finalLink": "https://www.sec.gov/Archives/edgar/data/1110803/000111080325000019/ilmn-20241229.htm"}, {"date": "2024-09-29", "symbol": "ILMN", "reportedCurrency": "USD", "cik": "0001110803", "fillingDate": "2024-11-06", "acceptedDate": "2024-11-05 18:11:59", "calendarYear": "2024", "period": "Q3", "revenue": 1080000000, "costOfRevenue": 335000000, "grossProfit": 745000000, "grossProfitRatio": 0.6898148148, "researchAndDevelopmentExpenses": 253000000, "generalAndAdministrativeExpenses": 0, "sellingAndMarketingExpenses": 0, "sellingGeneralAndAdministrativeExpenses": 239000000, "otherExpenses": 0, "operatingExpenses": 492000000, "costAndExpenses": 532000000, "interestIncome": 11000000, "interestExpense": 36000000, "depreciationAndAmortization": 70000000, "ebitda": 826000000, "ebitdaratio": 0.7648148148, "operatingIncome": 741000000, "operatingIncomeRatio": 0.6861111111, "totalOtherIncomeExpensesNet": -21000000, "incomeBeforeTax": 720000000, "incomeBeforeTaxRatio": 0.6666666667, "incomeTaxExpense": 15000000, "netIncome": 705000000, "netIncomeRatio": 0.6527777778, "eps": 4.43, "epsdiluted": 4.41, "weightedAverageShsOut": 159000000, "weightedAverageShsOutDil": 160000000, "link": "https://www.sec.gov/Archives/edgar/data/1110803/000111080324000052/0001110803-24-000052-index.htm", "finalLink": "https://www.sec.gov/Archives/edgar/data/1110803/000111080324000052/ilmn-20240929.htm"}, {"date": "2024-06-30", "symbol": "ILMN", "reportedCurrency": "USD", "cik": "0001110803", "fillingDate": "2024-08-07", "acceptedDate": "2024-08-07 17:28:56", "calendarYear": "2024", "period": "Q2", "revenue": 1112000000, "costOfRevenue": 391000000, "grossProfit": 721000000, "grossProfitRatio": 0.648381295, "researchAndDevelopmentExpenses": 325000000, "generalAndAdministrativeExpenses": 0, "sellingAndMarketingExpenses": 0, "sellingGeneralAndAdministrativeExpenses": -88000000, "otherExpenses": 0, "operatingExpenses": 237000000, "costAndExpenses": 2749000000, "interestIncome": 13000000, "interestExpense": 20000000, "depreciationAndAmortization": 105000000, "ebitda": -1851000000, "ebitdaratio": -1.6645683453, "operatingIncome": 484000000, "operatingIncomeRatio": 0.4352517986, "totalOtherIncomeExpensesNet": -339000000, "incomeBeforeTax": -1976000000, "incomeBeforeTaxRatio": -1.7769784173, "incomeTaxExpense": 12000000, "netIncome": -1988000000, "netIncomeRatio": -1.7877697842, "eps": -12.5, "epsdiluted": -12.5, "weightedAverageShsOut": 159000000, "weightedAverageShsOutDil": 159000000, "link": "https://www.sec.gov/Archives/edgar/data/1110803/000111080324000044/0001110803-24-000044-index.htm", "finalLink": "https://www.sec.gov/Archives/edgar/data/1110803/000111080324000044/ilmn-20240630.htm"}, {"date": "2024-03-31", "symbol": "ILMN", "reportedCurrency": "USD", "cik": "0001110803", "fillingDate": "2024-05-03", "acceptedDate": "2024-05-03 16:12:45", "calendarYear": "2024", "period": "Q1", "revenue": 1076000000, "costOfRevenue": 409000000, "grossProfit": 667000000, "grossProfitRatio": 0.6198884758, "researchAndDevelopmentExpenses": 338000000, "generalAndAdministrativeExpenses": 0, "sellingAndMarketingExpenses": 0, "sellingGeneralAndAdministrativeExpenses": 388000000, "otherExpenses": 0, "operatingExpenses": 726000000, "costAndExpenses": 1187000000, "interestIncome": 12000000, "interestExpense": 18000000, "depreciationAndAmortization": 108000000, "ebitda": 17000000, "ebitdaratio": 0.0157992565, "operatingIncome": -59000000, "operatingIncomeRatio": -0.0548327138, "totalOtherIncomeExpensesNet": 2000000, "incomeBeforeTax": -109000000, "incomeBeforeTaxRatio": -0.1013011152, "incomeTaxExpense": 17000000, "netIncome": -126000000, "netIncomeRatio": -0.1171003717, "eps": -0.79, "epsdiluted": -0.79, "weightedAverageShsOut": 159000000, "weightedAverageShsOutDil": 159000000, "link": "https://www.sec.gov/Archives/edgar/data/1110803/000111080324000024/0001110803-24-000024-index.htm", "finalLink": "https://www.sec.gov/Archives/edgar/data/1110803/000111080324000024/ilmn-20240331.htm"}, {"date": "2023-12-31", "symbol": "ILMN", "reportedCurrency": "USD", "cik": "0001110803", "fillingDate": "2024-02-16", "acceptedDate": "2024-02-16 16:21:12", "calendarYear": "2023", "period": "Q4", "revenue": 1122000000, "costOfRevenue": 447000000, "grossProfit": 675000000, "grossProfitRatio": 0.6016042781, "researchAndDevelopmentExpenses": 329000000, "generalAndAdministrativeExpenses": 0, "sellingAndMarketingExpenses": 0, "sellingGeneralAndAdministrativeExpenses": 403000000, "otherExpenses": 0, "operatingExpenses": 732000000, "costAndExpenses": 1286000000, "interestIncome": 11000000, "interestExpense": 18000000, "depreciationAndAmortization": 109000000, "ebitda": -40000000, "ebitdaratio": -0.0356506239, "operatingIncome": -163000000, "operatingIncomeRatio": -0.1452762923, "totalOtherIncomeExpensesNet": -5000000, "incomeBeforeTax": -168000000, "incomeBeforeTaxRatio": -0.1497326203, "incomeTaxExpense": 8000000, "netIncome": -176000000, "netIncomeRatio": -0.1568627451, "eps": -1.11, "epsdiluted": -1.11, "weightedAverageShsOut": 159000000, "weightedAverageShsOutDil": 159000000, "link": "https://www.sec.gov/Archives/edgar/data/1110803/000111080324000010/0001110803-24-000010-index.htm", "finalLink": "https://www.sec.gov/Archives/edgar/data/1110803/000111080324000010/ilmn-20231231.htm"}, {"date": "2023-10-01", "symbol": "ILMN", "reportedCurrency": "USD", "cik": "0001110803", "fillingDate": "2023-11-13", "acceptedDate": "2023-11-09 18:30:59", "calendarYear": "2023", "period": "Q3", "revenue": 1119000000, "costOfRevenue": 435000000, "grossProfit": 684000000, "grossProfitRatio": 0.6112600536, "researchAndDevelopmentExpenses": 315000000, "generalAndAdministrativeExpenses": 0, "sellingAndMarketingExpenses": 0, "sellingGeneralAndAdministrativeExpenses": 303000000, "otherExpenses": 820000000, "operatingExpenses": 1438000000, "costAndExpenses": 1873000000, "interestIncome": 13000000, "interestExpense": 19000000, "depreciationAndAmortization": 108000000, "ebitda": -655000000, "ebitdaratio": -0.5853440572, "operatingIncome": -754000000, "operatingIncomeRatio": -0.6738159071, "totalOtherIncomeExpensesNet": -28000000, "incomeBeforeTax": -782000000, "incomeBeforeTaxRatio": -0.6988382484, "incomeTaxExpense": -28000000, "netIncome": -754000000, "netIncomeRatio": -0.6738159071, "eps": -4.77, "epsdiluted": -4.77, "weightedAverageShsOut": 158000000, "weightedAverageShsOutDil": 158000000, "link": "https://www.sec.gov/Archives/edgar/data/1110803/000111080323000086/0001110803-23-000086-index.htm", "finalLink": "https://www.sec.gov/Archives/edgar/data/1110803/000111080323000086/ilmn-20231001.htm"}, {"date": "2023-07-02", "symbol": "ILMN", "reportedCurrency": "USD", "cik": "0001110803", "fillingDate": "2023-08-10", "acceptedDate": "2023-08-10 16:38:55", "calendarYear": "2023", "period": "Q2", "revenue": 1176000000, "costOfRevenue": 444000000, "grossProfit": 732000000, "grossProfitRatio": 0.6224489796, "researchAndDevelopmentExpenses": 358000000, "generalAndAdministrativeExpenses": 0, "sellingAndMarketingExpenses": 0, "sellingGeneralAndAdministrativeExpenses": 450000000, "otherExpenses": -1000000, "operatingExpenses": 808000000, "costAndExpenses": 1252000000, "interestIncome": 17000000, "interestExpense": 19000000, "depreciationAndAmortization": 108000000, "ebitda": 38000000, "ebitdaratio": 0.0323129252, "operatingIncome": -88000000, "operatingIncomeRatio": -0.074829932, "totalOtherIncomeExpensesNet": -1000000, "incomeBeforeTax": -89000000, "incomeBeforeTaxRatio": -0.0756802721, "incomeTaxExpense": 145000000, "netIncome": -234000000, "netIncomeRatio": -0.1989795918, "eps": -1.48, "epsdiluted": -1.48, "weightedAverageShsOut": 158000000, "weightedAverageShsOutDil": 158000000, "link": "https://www.sec.gov/Archives/edgar/data/1110803/000111080323000064/0001110803-23-000064-index.htm", "finalLink": "https://www.sec.gov/Archives/edgar/data/1110803/000111080323000064/ilmn-20230702.htm"}, {"date": "2023-04-02", "symbol": "ILMN", "reportedCurrency": "USD", "cik": "0001110803", "fillingDate": "2023-05-05", "acceptedDate": "2023-05-05 16:32:21", "calendarYear": "2023", "period": "Q1", "revenue": 1087000000, "costOfRevenue": 432000000, "grossProfit": 655000000, "grossProfitRatio": 0.602575897, "researchAndDevelopmentExpenses": 341000000, "generalAndAdministrativeExpenses": 0, "sellingAndMarketingExpenses": 0, "sellingGeneralAndAdministrativeExpenses": 378000000, "otherExpenses": 0, "operatingExpenses": 719000000, "costAndExpenses": 1151000000, "interestIncome": 17000000, "interestExpense": 14000000, "depreciationAndAmortization": 107000000, "ebitda": 49000000, "ebitdaratio": 0.0450781969, "operatingIncome": -64000000, "operatingIncomeRatio": -0.0588776449, "totalOtherIncomeExpensesNet": -14000000, "incomeBeforeTax": -78000000, "incomeBeforeTaxRatio": -0.0717571297, "incomeTaxExpense": -81000000, "netIncome": 3000000, "netIncomeRatio": 0.0027598896, "eps": 0.019, "epsdiluted": 0.019, "weightedAverageShsOut": 158000000, "weightedAverageShsOutDil": 158000000, "link": "https://www.sec.gov/Archives/edgar/data/1110803/000111080323000035/0001110803-23-000035-index.htm", "finalLink": "https://www.sec.gov/Archives/edgar/data/1110803/000111080323000035/ilmn-20230402.htm"}, {"date": "2023-01-01", "symbol": "ILMN", "reportedCurrency": "USD", "cik": "0001110803", "fillingDate": "2023-02-17", "acceptedDate": "2023-02-17 16:06:30", "calendarYear": "2022", "period": "Q4", "revenue": 1083000000, "costOfRevenue": 363000000, "grossProfit": 720000000, "grossProfitRatio": 0.6648199446, "researchAndDevelopmentExpenses": 346000000, "generalAndAdministrativeExpenses": 0, "sellingAndMarketingExpenses": 0, "sellingGeneralAndAdministrativeExpenses": 519000000, "otherExpenses": -18000000, "operatingExpenses": 847000000, "costAndExpenses": 1210000000, "interestIncome": 7000000, "interestExpense": 9000000, "depreciationAndAmortization": 106000000, "ebitda": 25000000, "ebitdaratio": 0.0230840259, "operatingIncome": -127000000, "operatingIncomeRatio": -0.1172668513, "totalOtherIncomeExpensesNet": -41000000, "incomeBeforeTax": -168000000, "incomeBeforeTaxRatio": -0.1551246537, "incomeTaxExpense": 29000000, "netIncome": -139000000, "netIncomeRatio": -0.1283471837, "eps": -0.88, "epsdiluted": -0.88, "weightedAverageShsOut": 158000000, "weightedAverageShsOutDil": 158000000, "link": "https://www.sec.gov/Archives/edgar/data/1110803/000111080323000023/0001110803-23-000023-index.htm", "finalLink": "https://www.sec.gov/Archives/edgar/data/1110803/000111080323000023/ilmn-20230101.htm"}, {"date": "2022-10-02", "symbol": "ILMN", "reportedCurrency": "USD", "cik": "0001110803", "fillingDate": "2022-11-04", "acceptedDate": "2022-11-03 19:06:27", "calendarYear": "2022", "period": "Q3", "revenue": 1115000000, "costOfRevenue": 398000000, "grossProfit": 717000000, "grossProfitRatio": 0.6430493274, "researchAndDevelopmentExpenses": 325000000, "generalAndAdministrativeExpenses": 0, "sellingAndMarketingExpenses": 0, "sellingGeneralAndAdministrativeExpenses": 146000000, "otherExpenses": 0, "operatingExpenses": 471000000, "costAndExpenses": 869000000, "interestIncome": 3000000, "interestExpense": 6000000, "depreciationAndAmortization": 103000000, "ebitda": -3563000000, "ebitdaratio": -3.1955156951, "operatingIncome": -3657000000, "operatingIncomeRatio": -3.2798206278, "totalOtherIncomeExpensesNet": -15000000, "incomeBeforeTax": -3672000000, "incomeBeforeTaxRatio": -3.2932735426, "incomeTaxExpense": 144000000, "netIncome": -3816000000, "netIncomeRatio": -3.4224215247, "eps": -24.31, "epsdiluted": -24.31, "weightedAverageShsOut": 157000000, "weightedAverageShsOutDil": 157000000, "link": "https://www.sec.gov/Archives/edgar/data/1110803/000111080322000047/0001110803-22-000047-index.htm", "finalLink": "https://www.sec.gov/Archives/edgar/data/1110803/000111080322000047/ilmn-20221002.htm"}, {"date": "2022-07-03", "symbol": "ILMN", "reportedCurrency": "USD", "cik": "0001110803", "fillingDate": "2022-08-11", "acceptedDate": "2022-08-11 16:14:25", "calendarYear": "2022", "period": "Q2", "revenue": 1162000000, "costOfRevenue": 395000000, "grossProfit": 767000000, "grossProfitRatio": 0.6600688468, "researchAndDevelopmentExpenses": 327000000, "generalAndAdministrativeExpenses": 0, "sellingAndMarketingExpenses": 0, "sellingGeneralAndAdministrativeExpenses": 410000000, "otherExpenses": 0, "operatingExpenses": 737000000, "costAndExpenses": 1132000000, "interestIncome": 1000000, "interestExpense": 6000000, "depreciationAndAmortization": 94000000, "ebitda": -537000000, "ebitdaratio": -0.4621342513, "operatingIncome": -579000000, "operatingIncomeRatio": -0.4982788296, "totalOtherIncomeExpensesNet": -58000000, "incomeBeforeTax": -637000000, "incomeBeforeTaxRatio": -0.5481927711, "incomeTaxExpense": -102000000, "netIncome": -535000000, "netIncomeRatio": -0.4604130809, "eps": -3.41, "epsdiluted": -3.41, "weightedAverageShsOut": 157000000, "weightedAverageShsOutDil": 157000000, "link": "https://www.sec.gov/Archives/edgar/data/1110803/000111080322000041/0001110803-22-000041-index.htm", "finalLink": "https://www.sec.gov/Archives/edgar/data/1110803/000111080322000041/ilmn-20220703.htm"}, {"date": "2022-04-03", "symbol": "ILMN", "reportedCurrency": "USD", "cik": "0001110803", "fillingDate": "2022-05-05", "acceptedDate": "2022-05-05 16:09:26", "calendarYear": "2022", "period": "Q1", "revenue": 1223000000, "costOfRevenue": 408000000, "grossProfit": 815000000, "grossProfitRatio": 0.6663941128, "researchAndDevelopmentExpenses": 323000000, "generalAndAdministrativeExpenses": 0, "sellingAndMarketingExpenses": 0, "sellingGeneralAndAdministrativeExpenses": 308000000, "otherExpenses": 0, "operatingExpenses": 631000000, "costAndExpenses": 1039000000, "interestIncome": 0, "interestExpense": 6000000, "depreciationAndAmortization": 91000000, "ebitda": 237000000, "ebitdaratio": 0.1937857727, "operatingIncome": 184000000, "operatingIncomeRatio": 0.1504497138, "totalOtherIncomeExpensesNet": -44000000, "incomeBeforeTax": 140000000, "incomeBeforeTaxRatio": 0.1144726083, "incomeTaxExpense": 54000000, "netIncome": 86000000, "netIncomeRatio": 0.070318888, "eps": 0.55, "epsdiluted": 0.54, "weightedAverageShsOut": 157000000, "weightedAverageShsOutDil": 159000000, "link": "https://www.sec.gov/Archives/edgar/data/1110803/000111080322000021/0001110803-22-000021-index.htm", "finalLink": "https://www.sec.gov/Archives/edgar/data/1110803/000111080322000021/ilmn-20220403.htm"}, {"date": "2022-01-02", "symbol": "ILMN", "reportedCurrency": "USD", "cik": "0001110803", "fillingDate": "2022-02-18", "acceptedDate": "2022-02-18 15:11:17", "calendarYear": "2021", "period": "Q4", "revenue": 1198000000, "costOfRevenue": 381000000, "grossProfit": 817000000, "grossProfitRatio": 0.6819699499, "researchAndDevelopmentExpenses": 350000000, "generalAndAdministrativeExpenses": 0, "sellingAndMarketingExpenses": 0, "sellingGeneralAndAdministrativeExpenses": 426000000, "otherExpenses": 0, "operatingExpenses": 776000000, "costAndExpenses": 1157000000, "interestIncome": 0, "interestExpense": 13000000, "depreciationAndAmortization": 89000000, "ebitda": 52000000, "ebitdaratio": 0.0434056761, "operatingIncome": 41000000, "operatingIncomeRatio": 0.0342237062, "totalOtherIncomeExpensesNet": 45000000, "incomeBeforeTax": 86000000, "incomeBeforeTaxRatio": 0.0717863105, "incomeTaxExpense": -26000000, "netIncome": 112000000, "netIncomeRatio": 0.0934891486, "eps": 0.71, "epsdiluted": 0.71, "weightedAverageShsOut": 157000000, "weightedAverageShsOutDil": 157000000, "link": "https://www.sec.gov/Archives/edgar/data/1110803/000111080322000013/0001110803-22-000013-index.htm", "finalLink": "https://www.sec.gov/Archives/edgar/data/1110803/000111080322000013/ilmn-20220102.htm"}, {"date": "2021-10-03", "symbol": "ILMN", "reportedCurrency": "USD", "cik": "0001110803", "fillingDate": "2021-11-05", "acceptedDate": "2021-11-04 18:35:58", "calendarYear": "2021", "period": "Q3", "revenue": 1108000000, "costOfRevenue": 338000000, "grossProfit": 770000000, "grossProfitRatio": 0.6949458484, "researchAndDevelopmentExpenses": 436000000, "generalAndAdministrativeExpenses": 0, "sellingAndMarketingExpenses": 0, "sellingGeneralAndAdministrativeExpenses": 879000000, "otherExpenses": 0, "operatingExpenses": 1315000000, "costAndExpenses": 1653000000, "interestIncome": 0, "interestExpense": 14000000, "depreciationAndAmortization": 65000000, "ebitda": 170000000, "ebitdaratio": 0.1534296029, "operatingIncome": -545000000, "operatingIncomeRatio": -0.4918772563, "totalOtherIncomeExpensesNet": 965000000, "incomeBeforeTax": 420000000, "incomeBeforeTaxRatio": 0.3790613718, "incomeTaxExpense": 103000000, "netIncome": 317000000, "netIncomeRatio": 0.286101083, "eps": 2.09, "epsdiluted": 2.07, "weightedAverageShsOut": 152000000, "weightedAverageShsOutDil": 153000000, "link": "https://www.sec.gov/Archives/edgar/data/1110803/000111080321000046/0001110803-21-000046-index.htm", "finalLink": "https://www.sec.gov/Archives/edgar/data/1110803/000111080321000046/ilmn-20211003.htm"}, {"date": "2021-07-04", "symbol": "ILMN", "reportedCurrency": "USD", "cik": "0001110803", "fillingDate": "2021-08-06", "acceptedDate": "2021-08-05 18:12:05", "calendarYear": "2021", "period": "Q2", "revenue": 1126000000, "costOfRevenue": 324000000, "grossProfit": 802000000, "grossProfitRatio": 0.7122557726, "researchAndDevelopmentExpenses": 202000000, "generalAndAdministrativeExpenses": 0, "sellingAndMarketingExpenses": 0, "sellingGeneralAndAdministrativeExpenses": 413000000, "otherExpenses": 0, "operatingExpenses": 615000000, "costAndExpenses": 939000000, "interestIncome": 0, "interestExpense": 16000000, "depreciationAndAmortization": 49000000, "ebitda": 236000000, "ebitdaratio": 0.2095914742, "operatingIncome": 187000000, "operatingIncomeRatio": 0.1660746004, "totalOtherIncomeExpensesNet": 20000000, "incomeBeforeTax": 207000000, "incomeBeforeTaxRatio": 0.1838365897, "incomeTaxExpense": 22000000, "netIncome": 185000000, "netIncomeRatio": 0.1642984014, "eps": 1.27, "epsdiluted": 1.26, "weightedAverageShsOut": 146000000, "weightedAverageShsOutDil": 147000000, "link": "https://www.sec.gov/Archives/edgar/data/1110803/000111080321000042/0001110803-21-000042-index.htm", "finalLink": "https://www.sec.gov/Archives/edgar/data/1110803/000111080321000042/ilmn-20210704.htm"}, {"date": "2021-04-04", "symbol": "ILMN", "reportedCurrency": "USD", "cik": "0001110803", "fillingDate": "2021-04-28", "acceptedDate": "2021-04-27 20:07:46", "calendarYear": "2021", "period": "Q1", "revenue": 1093000000, "costOfRevenue": 329000000, "grossProfit": 764000000, "grossProfitRatio": 0.6989935956, "researchAndDevelopmentExpenses": 197000000, "generalAndAdministrativeExpenses": 0, "sellingAndMarketingExpenses": 0, "sellingGeneralAndAdministrativeExpenses": 374000000, "otherExpenses": 0, "operatingExpenses": 571000000, "costAndExpenses": 900000000, "interestIncome": 1000000, "interestExpense": 19000000, "depreciationAndAmortization": 48000000, "ebitda": 241000000, "ebitdaratio": 0.2204940531, "operatingIncome": 193000000, "operatingIncomeRatio": 0.1765782251, "totalOtherIncomeExpensesNet": -24000000, "incomeBeforeTax": 169000000, "incomeBeforeTaxRatio": 0.1546203111, "incomeTaxExpense": 22000000, "netIncome": 147000000, "netIncomeRatio": 0.1344922232, "eps": 1.01, "epsdiluted": 1, "weightedAverageShsOut": 146000000, "weightedAverageShsOutDil": 147000000, "link": "https://www.sec.gov/Archives/edgar/data/1110803/000111080321000030/0001110803-21-000030-index.htm", "finalLink": "https://www.sec.gov/Archives/edgar/data/1110803/000111080321000030/ilmn-20210404.htm"}, {"date": "2021-01-03", "symbol": "ILMN", "reportedCurrency": "USD", "cik": "0001110803", "fillingDate": "2021-02-17", "acceptedDate": "2021-02-16 19:16:24", "calendarYear": "2020", "period": "Q4", "revenue": 953000000, "costOfRevenue": 323000000, "grossProfit": 630000000, "grossProfitRatio": 0.6610703043, "researchAndDevelopmentExpenses": 199000000, "generalAndAdministrativeExpenses": 0, "sellingAndMarketingExpenses": 0, "sellingGeneralAndAdministrativeExpenses": 298000000, "otherExpenses": 0, "operatingExpenses": 497000000, "costAndExpenses": 820000000, "interestIncome": 15000000, "interestExpense": 16000000, "depreciationAndAmortization": 50000000, "ebitda": 365000000, "ebitdaratio": 0.3830010493, "operatingIncome": 133000000, "operatingIncomeRatio": 0.1395592865, "totalOtherIncomeExpensesNet": 166000000, "incomeBeforeTax": 299000000, "incomeBeforeTaxRatio": 0.3137460651, "incomeTaxExpense": 42000000, "netIncome": 257000000, "netIncomeRatio": 0.2696747114, "eps": 1.7602739726027397, "epsdiluted": 1.748299319727891, "weightedAverageShsOut": 146000000, "weightedAverageShsOutDil": 147000000, "link": "https://www.sec.gov/Archives/edgar/data/1110803/000111080321000015/0001110803-21-000015-index.htm", "finalLink": "https://www.sec.gov/Archives/edgar/data/1110803/000111080321000015/ilmn-20210103.htm"}, {"date": "2020-09-27", "symbol": "ILMN", "reportedCurrency": "USD", "cik": "0001110803", "fillingDate": "2020-10-30", "acceptedDate": "2020-10-29 20:14:00", "calendarYear": "2020", "period": "Q3", "revenue": 794000000, "costOfRevenue": 268000000, "grossProfit": 526000000, "grossProfitRatio": 0.6624685139, "researchAndDevelopmentExpenses": 172000000, "generalAndAdministrativeExpenses": 0, "sellingAndMarketingExpenses": 0, "sellingGeneralAndAdministrativeExpenses": 192000000, "otherExpenses": 0, "operatingExpenses": 364000000, "costAndExpenses": 632000000, "interestIncome": 5000000, "interestExpense": 11000000, "depreciationAndAmortization": 47000000, "ebitda": 209000000, "ebitdaratio": 0.2632241814, "operatingIncome": 162000000, "operatingIncomeRatio": 0.2040302267, "totalOtherIncomeExpensesNet": 53000000, "incomeBeforeTax": 215000000, "incomeBeforeTaxRatio": 0.2707808564, "incomeTaxExpense": 36000000, "netIncome": 179000000, "netIncomeRatio": 0.225440806, "eps": 1.23, "epsdiluted": 1.21, "weightedAverageShsOut": 146000000, "weightedAverageShsOutDil": 148000000, "link": "https://www.sec.gov/Archives/edgar/data/1110803/000111080320000060/0001110803-20-000060-index.htm", "finalLink": "https://www.sec.gov/Archives/edgar/data/1110803/000111080320000060/ilmn-20200927.htm"}, {"date": "2020-06-28", "symbol": "ILMN", "reportedCurrency": "USD", "cik": "0001110803", "fillingDate": "2020-08-07", "acceptedDate": "2020-08-06 18:08:16", "calendarYear": "2020", "period": "Q2", "revenue": 633000000, "costOfRevenue": 205000000, "grossProfit": 428000000, "grossProfitRatio": 0.6761453397, "researchAndDevelopmentExpenses": 155000000, "generalAndAdministrativeExpenses": 0, "sellingAndMarketingExpenses": 0, "sellingGeneralAndAdministrativeExpenses": 177000000, "otherExpenses": 0, "operatingExpenses": 332000000, "costAndExpenses": 537000000, "interestIncome": 7000000, "interestExpense": 11000000, "depreciationAndAmortization": 46000000, "ebitda": 142000000, "ebitdaratio": 0.224328594, "operatingIncome": 96000000, "operatingIncomeRatio": 0.1516587678, "totalOtherIncomeExpensesNet": 69000000, "incomeBeforeTax": 165000000, "incomeBeforeTaxRatio": 0.2606635071, "incomeTaxExpense": 118000000, "netIncome": 47000000, "netIncomeRatio": 0.0742496051, "eps": 0.32, "epsdiluted": 0.32, "weightedAverageShsOut": 147000000, "weightedAverageShsOutDil": 148000000, "link": "https://www.sec.gov/Archives/edgar/data/1110803/000111080320000051/0001110803-20-000051-index.htm", "finalLink": "https://www.sec.gov/Archives/edgar/data/1110803/000111080320000051/ilmn-20200628.htm"}, {"date": "2020-03-29", "symbol": "ILMN", "reportedCurrency": "USD", "cik": "0001110803", "fillingDate": "2020-05-01", "acceptedDate": "2020-04-30 19:53:11", "calendarYear": "2020", "period": "Q1", "revenue": 859000000, "costOfRevenue": 240000000, "grossProfit": 619000000, "grossProfitRatio": 0.7206053551, "researchAndDevelopmentExpenses": 156000000, "generalAndAdministrativeExpenses": 0, "sellingAndMarketingExpenses": 0, "sellingGeneralAndAdministrativeExpenses": 274000000, "otherExpenses": 0, "operatingExpenses": 430000000, "costAndExpenses": 670000000, "interestIncome": 14000000, "interestExpense": 11000000, "depreciationAndAmortization": 44000000, "ebitda": 233000000, "ebitdaratio": 0.2712456345, "operatingIncome": 189000000, "operatingIncomeRatio": 0.2200232829, "totalOtherIncomeExpensesNet": -11000000, "incomeBeforeTax": 178000000, "incomeBeforeTaxRatio": 0.207217695, "incomeTaxExpense": 5000000, "netIncome": 173000000, "netIncomeRatio": 0.2013969732, "eps": 1.18, "epsdiluted": 1.17, "weightedAverageShsOut": 147000000, "weightedAverageShsOutDil": 148000000, "link": "https://www.sec.gov/Archives/edgar/data/1110803/000111080320000033/0001110803-20-000033-index.htm", "finalLink": "https://www.sec.gov/Archives/edgar/data/1110803/000111080320000033/form10-qfy20q1.htm"}, {"date": "2019-12-29", "symbol": "ILMN", "reportedCurrency": "USD", "cik": "0001110803", "fillingDate": "2020-02-11", "acceptedDate": "2020-02-10 20:20:21", "calendarYear": "2019", "period": "Q4", "revenue": 952000000, "costOfRevenue": 290000000, "grossProfit": 662000000, "grossProfitRatio": 0.6953781513, "researchAndDevelopmentExpenses": 161000000, "generalAndAdministrativeExpenses": 0, "sellingAndMarketingExpenses": 0, "sellingGeneralAndAdministrativeExpenses": 233000000, "otherExpenses": 0, "operatingExpenses": 394000000, "costAndExpenses": 684000000, "interestIncome": 16000000, "interestExpense": 11000000, "depreciationAndAmortization": 45000000, "ebitda": 325000000, "ebitdaratio": 0.3413865546, "operatingIncome": 268000000, "operatingIncomeRatio": 0.281512605, "totalOtherIncomeExpensesNet": 1000000, "incomeBeforeTax": 269000000, "incomeBeforeTaxRatio": 0.2825630252, "incomeTaxExpense": 30000000, "netIncome": 239000000, "netIncomeRatio": 0.2510504202, "eps": 1.6258503401360545, "epsdiluted": 1.614864864864865, "weightedAverageShsOut": 147000000, "weightedAverageShsOutDil": 148000000, "link": "https://www.sec.gov/Archives/edgar/data/1110803/000111080320000018/0001110803-20-000018-index.htm", "finalLink": "https://www.sec.gov/Archives/edgar/data/1110803/000111080320000018/form10-k2019classic.htm"}, {"date": "2019-09-29", "symbol": "ILMN", "reportedCurrency": "USD", "cik": "0001110803", "fillingDate": "2019-10-25", "acceptedDate": "2019-10-24 18:58:29", "calendarYear": "2019", "period": "Q3", "revenue": 907000000, "costOfRevenue": 259000000, "grossProfit": 648000000, "grossProfitRatio": 0.7144432194, "researchAndDevelopmentExpenses": 151000000, "generalAndAdministrativeExpenses": 0, "sellingAndMarketingExpenses": 0, "sellingGeneralAndAdministrativeExpenses": 189000000, "otherExpenses": 0, "operatingExpenses": 340000000, "costAndExpenses": 599000000, "interestIncome": 16000000, "interestExpense": 11000000, "depreciationAndAmortization": 47000000, "ebitda": 355000000, "ebitdaratio": 0.3914002205, "operatingIncome": 308000000, "operatingIncomeRatio": 0.3395810364, "totalOtherIncomeExpensesNet": -38000000, "incomeBeforeTax": 270000000, "incomeBeforeTaxRatio": 0.2976846748, "incomeTaxExpense": 36000000, "netIncome": 234000000, "netIncomeRatio": 0.2579933848, "eps": 1.59, "epsdiluted": 1.58, "weightedAverageShsOut": 147000000, "weightedAverageShsOutDil": 148000000, "link": "https://www.sec.gov/Archives/edgar/data/1110803/000111080319000056/0001110803-19-000056-index.htm", "finalLink": "https://www.sec.gov/Archives/edgar/data/1110803/000111080319000056/form10-qfy19q3.htm"}, {"date": "2019-06-30", "symbol": "ILMN", "reportedCurrency": "USD", "cik": "0001110803", "fillingDate": "2019-07-31", "acceptedDate": "2019-07-30 18:54:38", "calendarYear": "2019", "period": "Q2", "revenue": 838000000, "costOfRevenue": 265000000, "grossProfit": 573000000, "grossProfitRatio": 0.6837708831, "researchAndDevelopmentExpenses": 166000000, "generalAndAdministrativeExpenses": 0, "sellingAndMarketingExpenses": 0, "sellingGeneralAndAdministrativeExpenses": 202000000, "otherExpenses": 0, "operatingExpenses": 368000000, "costAndExpenses": 633000000, "interestIncome": 20000000, "interestExpense": 15000000, "depreciationAndAmortization": 49000000, "ebitda": 254000000, "ebitdaratio": 0.3031026253, "operatingIncome": 205000000, "operatingIncomeRatio": 0.2446300716, "totalOtherIncomeExpensesNet": 141000000, "incomeBeforeTax": 346000000, "incomeBeforeTaxRatio": 0.4128878282, "incomeTaxExpense": 53000000, "netIncome": 296000000, "netIncomeRatio": 0.353221957, "eps": 2.01, "epsdiluted": 1.99, "weightedAverageShsOut": 147000000, "weightedAverageShsOutDil": 149000000, "link": "https://www.sec.gov/Archives/edgar/data/1110803/000111080319000042/0001110803-19-000042-index.htm", "finalLink": "https://www.sec.gov/Archives/edgar/data/1110803/000111080319000042/form10-qfy19q2.htm"}, {"date": "2019-03-31", "symbol": "ILMN", "reportedCurrency": "USD", "cik": "0001110803", "fillingDate": "2019-04-26", "acceptedDate": "2019-04-25 21:41:59", "calendarYear": "2019", "period": "Q1", "revenue": 846000000, "costOfRevenue": 262000000, "grossProfit": 584000000, "grossProfitRatio": 0.6903073286, "researchAndDevelopmentExpenses": 169000000, "generalAndAdministrativeExpenses": 0, "sellingAndMarketingExpenses": 0, "sellingGeneralAndAdministrativeExpenses": 211000000, "otherExpenses": 0, "operatingExpenses": 380000000, "costAndExpenses": 642000000, "interestIncome": 23000000, "interestExpense": 15000000, "depreciationAndAmortization": 47000000, "ebitda": 251000000, "ebitdaratio": 0.2966903073, "operatingIncome": 204000000, "operatingIncomeRatio": 0.2411347518, "totalOtherIncomeExpensesNet": 29000000, "incomeBeforeTax": 233000000, "incomeBeforeTaxRatio": 0.2754137116, "incomeTaxExpense": 9000000, "netIncome": 233000000, "netIncomeRatio": 0.2754137116, "eps": 1.59, "epsdiluted": 1.56, "weightedAverageShsOut": 147000000, "weightedAverageShsOutDil": 149000000, "link": "https://www.sec.gov/Archives/edgar/data/1110803/000111080319000022/0001110803-19-000022-index.htm", "finalLink": "https://www.sec.gov/Archives/edgar/data/1110803/000111080319000022/fy2019q1form10-q.htm"}, {"date": "2018-12-30", "symbol": "ILMN", "reportedCurrency": "USD", "cik": "0001110803", "fillingDate": "2019-02-12", "acceptedDate": "2019-02-11 20:06:04", "calendarYear": "2018", "period": "Q4", "revenue": 867000000, "costOfRevenue": 277000000, "grossProfit": 590000000, "grossProfitRatio": 0.6805074971, "researchAndDevelopmentExpenses": 176000000, "generalAndAdministrativeExpenses": 0, "sellingAndMarketingExpenses": 0, "sellingGeneralAndAdministrativeExpenses": 217000000, "otherExpenses": 0, "operatingExpenses": 393000000, "costAndExpenses": 670000000, "interestIncome": 13000000, "interestExpense": 20000000, "depreciationAndAmortization": 50000000, "ebitda": 247000000, "ebitdaratio": 0.2848904268, "operatingIncome": 197000000, "operatingIncomeRatio": 0.2272202999, "totalOtherIncomeExpensesNet": 13000000, "incomeBeforeTax": 210000000, "incomeBeforeTaxRatio": 0.2422145329, "incomeTaxExpense": 12000000, "netIncome": 210000000, "netIncomeRatio": 0.2422145329, "eps": 1.43, "epsdiluted": 1.41, "weightedAverageShsOut": 147000000, "weightedAverageShsOutDil": 149000000, "link": "https://www.sec.gov/Archives/edgar/data/1110803/000111080319000013/0001110803-19-000013-index.htm", "finalLink": "https://www.sec.gov/Archives/edgar/data/1110803/000111080319000013/fy2018form10-k.htm"}, {"date": "2018-09-30", "symbol": "ILMN", "reportedCurrency": "USD", "cik": "0001110803", "fillingDate": "2018-10-24", "acceptedDate": "2018-10-23 19:46:12", "calendarYear": "2018", "period": "Q3", "revenue": 853000000, "costOfRevenue": 256000000, "grossProfit": 597000000, "grossProfitRatio": 0.6998827667, "researchAndDevelopmentExpenses": 159000000, "generalAndAdministrativeExpenses": 0, "sellingAndMarketingExpenses": 0, "sellingGeneralAndAdministrativeExpenses": 197000000, "otherExpenses": 0, "operatingExpenses": 356000000, "costAndExpenses": 612000000, "interestIncome": 14000000, "interestExpense": 15000000, "depreciationAndAmortization": 45000000, "ebitda": 286000000, "ebitdaratio": 0.3352872216, "operatingIncome": 241000000, "operatingIncomeRatio": 0.2825322392, "totalOtherIncomeExpensesNet": -9000000, "incomeBeforeTax": 232000000, "incomeBeforeTaxRatio": 0.2719812427, "incomeTaxExpense": 44000000, "netIncome": 199000000, "netIncomeRatio": 0.2332942556, "eps": 1.35, "epsdiluted": 1.34, "weightedAverageShsOut": 147000000, "weightedAverageShsOutDil": 149000000, "link": "https://www.sec.gov/Archives/edgar/data/1110803/000111080318000031/0001110803-18-000031-index.htm", "finalLink": "https://www.sec.gov/Archives/edgar/data/1110803/000111080318000031/fy2018q3form10-q.htm"}, {"date": "2018-07-01", "symbol": "ILMN", "reportedCurrency": "USD", "cik": "0001110803", "fillingDate": "2018-07-31", "acceptedDate": "2018-07-31 16:45:50", "calendarYear": "2018", "period": "Q2", "revenue": 830000000, "costOfRevenue": 255000000, "grossProfit": 575000000, "grossProfitRatio": 0.6927710843, "researchAndDevelopmentExpenses": 151000000, "generalAndAdministrativeExpenses": 0, "sellingAndMarketingExpenses": 0, "sellingGeneralAndAdministrativeExpenses": 197000000, "otherExpenses": 0, "operatingExpenses": 348000000, "costAndExpenses": 603000000, "interestIncome": 11000000, "interestExpense": 11000000, "depreciationAndAmortization": 45000000, "ebitda": 272000000, "ebitdaratio": 0.3277108434, "operatingIncome": 227000000, "operatingIncomeRatio": 0.2734939759, "totalOtherIncomeExpensesNet": 5000000, "incomeBeforeTax": 232000000, "incomeBeforeTaxRatio": 0.2795180723, "incomeTaxExpense": 32000000, "netIncome": 209000000, "netIncomeRatio": 0.2518072289, "eps": 1.42, "epsdiluted": 1.41, "weightedAverageShsOut": 147000000, "weightedAverageShsOutDil": 148000000, "link": "https://www.sec.gov/Archives/edgar/data/1110803/000111080318000024/0001110803-18-000024-index.htm", "finalLink": "https://www.sec.gov/Archives/edgar/data/1110803/000111080318000024/fy2018q2form10-q.htm"}, {"date": "2018-04-01", "symbol": "ILMN", "reportedCurrency": "USD", "cik": "0001110803", "fillingDate": "2018-04-25", "acceptedDate": "2018-04-25 16:23:26", "calendarYear": "2018", "period": "Q1", "revenue": 782000000, "costOfRevenue": 244000000, "grossProfit": 538000000, "grossProfitRatio": 0.6879795396, "researchAndDevelopmentExpenses": 137000000, "generalAndAdministrativeExpenses": 0, "sellingAndMarketingExpenses": 0, "sellingGeneralAndAdministrativeExpenses": 183000000, "otherExpenses": 3000000, "operatingExpenses": 320000000, "costAndExpenses": 564000000, "interestIncome": 5000000, "interestExpense": 11000000, "depreciationAndAmortization": 39000000, "ebitda": 257000000, "ebitdaratio": 0.3286445013, "operatingIncome": 218000000, "operatingIncomeRatio": 0.2787723785, "totalOtherIncomeExpensesNet": 3000000, "incomeBeforeTax": 221000000, "incomeBeforeTaxRatio": 0.2826086957, "incomeTaxExpense": 24000000, "netIncome": 208000000, "netIncomeRatio": 0.2659846547, "eps": 1.41, "epsdiluted": 1.41, "weightedAverageShsOut": 147000000, "weightedAverageShsOutDil": 148000000, "link": "https://www.sec.gov/Archives/edgar/data/1110803/000111080318000015/0001110803-18-000015-index.htm", "finalLink": "https://www.sec.gov/Archives/edgar/data/1110803/000111080318000015/fy2018q110-q.htm"}, {"date": "2017-12-31", "symbol": "ILMN", "reportedCurrency": "USD", "cik": "0001110803", "fillingDate": "2018-02-13", "acceptedDate": "2018-02-12 19:09:09", "calendarYear": "2017", "period": "Q4", "revenue": 778000000, "costOfRevenue": 236000000, "grossProfit": 542000000, "grossProfitRatio": 0.6966580977, "researchAndDevelopmentExpenses": 137000000, "generalAndAdministrativeExpenses": 0, "sellingAndMarketingExpenses": 0, "sellingGeneralAndAdministrativeExpenses": 175000000, "otherExpenses": 0, "operatingExpenses": 312000000, "costAndExpenses": 548000000, "interestIncome": 6000000, "interestExpense": 11000000, "depreciationAndAmortization": 39000000, "ebitda": 269000000, "ebitdaratio": 0.3457583548, "operatingIncome": 230000000, "operatingIncomeRatio": 0.2956298201, "totalOtherIncomeExpensesNet": -6000000, "incomeBeforeTax": 224000000, "incomeBeforeTaxRatio": 0.2879177378, "incomeTaxExpense": 166000000, "netIncome": 68000000, "netIncomeRatio": 0.087403599, "eps": 0.47, "epsdiluted": 0.46, "weightedAverageShsOut": 146000000, "weightedAverageShsOutDil": 148000000, "link": "https://www.sec.gov/Archives/edgar/data/1110803/000111080318000009/0001110803-18-000009-index.htm", "finalLink": "https://www.sec.gov/Archives/edgar/data/1110803/000111080318000009/fy201710-k.htm"}, {"date": "2017-10-01", "symbol": "ILMN", "reportedCurrency": "USD", "cik": "0001110803", "fillingDate": "2017-10-25", "acceptedDate": "2017-10-25 15:32:30", "calendarYear": "2017", "period": "Q3", "revenue": 714000000, "costOfRevenue": 232000000, "grossProfit": 482000000, "grossProfitRatio": 0.675070028, "researchAndDevelopmentExpenses": 134000000, "generalAndAdministrativeExpenses": 0, "sellingAndMarketingExpenses": 0, "sellingGeneralAndAdministrativeExpenses": 167000000, "otherExpenses": 0, "operatingExpenses": 301000000, "costAndExpenses": 533000000, "interestIncome": 4000000, "interestExpense": 10000000, "depreciationAndAmortization": 41000000, "ebitda": 222000000, "ebitdaratio": 0.3109243697, "operatingIncome": 181000000, "operatingIncomeRatio": 0.2535014006, "totalOtherIncomeExpensesNet": -6000000, "incomeBeforeTax": 175000000, "incomeBeforeTaxRatio": 0.2450980392, "incomeTaxExpense": 23000000, "netIncome": 163000000, "netIncomeRatio": 0.2282913165, "eps": 1.12, "epsdiluted": 1.1, "weightedAverageShsOut": 146000000, "weightedAverageShsOutDil": 148000000, "link": "https://www.sec.gov/Archives/edgar/data/1110803/000111080317000045/0001110803-17-000045-index.htm", "finalLink": "https://www.sec.gov/Archives/edgar/data/1110803/000111080317000045/fy2017q310-q.htm"}, {"date": "2017-07-02", "symbol": "ILMN", "reportedCurrency": "USD", "cik": "0001110803", "fillingDate": "2017-08-03", "acceptedDate": "2017-08-02 17:51:48", "calendarYear": "2017", "period": "Q2", "revenue": 662000000, "costOfRevenue": 228000000, "grossProfit": 434000000, "grossProfitRatio": 0.6555891239, "researchAndDevelopmentExpenses": 130000000, "generalAndAdministrativeExpenses": 0, "sellingAndMarketingExpenses": 0, "sellingGeneralAndAdministrativeExpenses": 169000000, "otherExpenses": -2000000, "operatingExpenses": 299000000, "costAndExpenses": 527000000, "interestIncome": 5000000, "interestExpense": 8000000, "depreciationAndAmortization": 38000000, "ebitda": 173000000, "ebitdaratio": 0.2613293051, "operatingIncome": 143000000, "operatingIncomeRatio": 0.2160120846, "totalOtherIncomeExpensesNet": -2000000, "incomeBeforeTax": 141000000, "incomeBeforeTaxRatio": 0.2129909366, "incomeTaxExpense": 21000000, "netIncome": 128000000, "netIncomeRatio": 0.1933534743, "eps": 0.88, "epsdiluted": 0.87, "weightedAverageShsOut": 146000000, "weightedAverageShsOutDil": 147000000, "link": "https://www.sec.gov/Archives/edgar/data/1110803/000111080317000039/0001110803-17-000039-index.htm", "finalLink": "https://www.sec.gov/Archives/edgar/data/1110803/000111080317000039/fy2017q210-q.htm"}, {"date": "2017-04-02", "symbol": "ILMN", "reportedCurrency": "USD", "cik": "0001110803", "fillingDate": "2017-05-05", "acceptedDate": "2017-05-05 15:40:09", "calendarYear": "2017", "period": "Q1", "revenue": 598000000, "costOfRevenue": 230000000, "grossProfit": 368000000, "grossProfitRatio": 0.6153846154, "researchAndDevelopmentExpenses": 145000000, "generalAndAdministrativeExpenses": 0, "sellingAndMarketingExpenses": 0, "sellingGeneralAndAdministrativeExpenses": 163000000, "otherExpenses": 0, "operatingExpenses": 308000000, "costAndExpenses": 538000000, "interestIncome": 4000000, "interestExpense": 8000000, "depreciationAndAmortization": 38000000, "ebitda": 113000000, "ebitdaratio": 0.1889632107, "operatingIncome": 60000000, "operatingIncomeRatio": 0.1003344482, "totalOtherIncomeExpensesNet": 451000000, "incomeBeforeTax": 511000000, "incomeBeforeTaxRatio": 0.8545150502, "incomeTaxExpense": 157000000, "netIncome": 373000000, "netIncomeRatio": 0.6237458194, "eps": 2.55, "epsdiluted": 2.54, "weightedAverageShsOut": 146000000, "weightedAverageShsOutDil": 147000000, "link": "https://www.sec.gov/Archives/edgar/data/1110803/000111080317000025/0001110803-17-000025-index.htm", "finalLink": "https://www.sec.gov/Archives/edgar/data/1110803/000111080317000025/fy2017q110-q.htm"}, {"date": "2017-01-01", "symbol": "ILMN", "reportedCurrency": "USD", "cik": "0001110803", "fillingDate": "2017-02-14", "acceptedDate": "2017-02-13 18:01:40", "calendarYear": "2016", "period": "Q4", "revenue": 619347000, "costOfRevenue": 199908000, "grossProfit": 419439000, "grossProfitRatio": 0.6772277899, "researchAndDevelopmentExpenses": 129915000, "generalAndAdministrativeExpenses": 0, "sellingAndMarketingExpenses": 0, "sellingGeneralAndAdministrativeExpenses": 146091000, "otherExpenses": 0, "operatingExpenses": 276006000, "costAndExpenses": 475914000, "interestIncome": 3116000, "interestExpense": 8301000, "depreciationAndAmortization": 37431000, "ebitda": 179944000, "ebitdaratio": 0.2905382605, "operatingIncome": 143016000, "operatingIncomeRatio": 0.2309141725, "totalOtherIncomeExpensesNet": -8773000, "incomeBeforeTax": 134243000, "incomeBeforeTaxRatio": 0.2167492536, "incomeTaxExpense": 26701000, "netIncome": 123762000, "netIncomeRatio": 0.1998265916, "eps": 0.84, "epsdiluted": 0.84, "weightedAverageShsOut": 146804000, "weightedAverageShsOutDil": 148015000, "link": "https://www.sec.gov/Archives/edgar/data/1110803/000111080317000014/0001110803-17-000014-index.htm", "finalLink": "https://www.sec.gov/Archives/edgar/data/1110803/000111080317000014/fy201610-k.htm"}, {"date": "2016-10-02", "symbol": "ILMN", "reportedCurrency": "USD", "cik": "0001110803", "fillingDate": "2016-11-08", "acceptedDate": "2016-11-07 19:34:53", "calendarYear": "2016", "period": "Q3", "revenue": 607139000, "costOfRevenue": 180989000, "grossProfit": 426150000, "grossProfitRatio": 0.7018985768, "researchAndDevelopmentExpenses": 125917000, "generalAndAdministrativeExpenses": 0, "sellingAndMarketingExpenses": 0, "sellingGeneralAndAdministrativeExpenses": 139146000, "otherExpenses": 0, "operatingExpenses": 265063000, "costAndExpenses": 446052000, "interestIncome": 2000000, "interestExpense": 9000000, "depreciationAndAmortization": 35912000, "ebitda": 198484000, "ebitdaratio": 0.3269169004, "operatingIncome": 160702000, "operatingIncomeRatio": 0.2646873286, "totalOtherIncomeExpensesNet": -6636000, "incomeBeforeTax": 154364000, "incomeBeforeTaxRatio": 0.2542482035, "incomeTaxExpense": 37429000, "netIncome": 128888000, "netIncomeRatio": 0.2122874663, "eps": 0.88, "epsdiluted": 0.87, "weightedAverageShsOut": 147000000, "weightedAverageShsOutDil": 148000000, "link": "https://www.sec.gov/Archives/edgar/data/1110803/000111080316000214/0001110803-16-000214-index.htm", "finalLink": "https://www.sec.gov/Archives/edgar/data/1110803/000111080316000214/fy16q310-q.htm"}, {"date": "2016-07-03", "symbol": "ILMN", "reportedCurrency": "USD", "cik": "0001110803", "fillingDate": "2016-08-02", "acceptedDate": "2016-08-01 20:18:47", "calendarYear": "2016", "period": "Q2", "revenue": 600124000, "costOfRevenue": 176319000, "grossProfit": 423805000, "grossProfitRatio": 0.7061957196, "researchAndDevelopmentExpenses": 124589000, "generalAndAdministrativeExpenses": 0, "sellingAndMarketingExpenses": 0, "sellingGeneralAndAdministrativeExpenses": 148535000, "otherExpenses": 0, "operatingExpenses": 273124000, "costAndExpenses": 449443000, "interestIncome": 3403000, "interestExpense": 8147000, "depreciationAndAmortization": 34353000, "ebitda": 185000000, "ebitdaratio": 0.3082696243, "operatingIncome": 161869000, "operatingIncomeRatio": 0.2697259233, "totalOtherIncomeExpensesNet": -5000000, "incomeBeforeTax": 156975000, "incomeBeforeTaxRatio": 0.261570942, "incomeTaxExpense": 40581000, "netIncome": 120412000, "netIncomeRatio": 0.2006452, "eps": 0.82, "epsdiluted": 0.81, "weightedAverageShsOut": 147000000, "weightedAverageShsOutDil": 148000000, "link": "https://www.sec.gov/Archives/edgar/data/1110803/000111080316000203/0001110803-16-000203-index.htm", "finalLink": "https://www.sec.gov/Archives/edgar/data/1110803/000111080316000203/fy16q210-q.htm"}, {"date": "2016-04-03", "symbol": "ILMN", "reportedCurrency": "USD", "cik": "0001110803", "fillingDate": "2016-05-09", "acceptedDate": "2016-05-09 17:03:43", "calendarYear": "2016", "period": "Q1", "revenue": 571763000, "costOfRevenue": 174709000, "grossProfit": 397054000, "grossProfitRatio": 0.6944380801, "researchAndDevelopmentExpenses": 123994000, "generalAndAdministrativeExpenses": 0, "sellingAndMarketingExpenses": 0, "sellingGeneralAndAdministrativeExpenses": 149233000, "otherExpenses": 0, "operatingExpenses": 273227000, "costAndExpenses": 447936000, "interestIncome": 1224000, "interestExpense": 8525000, "depreciationAndAmortization": 33219000, "ebitda": 156000000, "ebitdaratio": 0.2728403202, "operatingIncome": 121445000, "operatingIncomeRatio": 0.2124044403, "totalOtherIncomeExpensesNet": -5000000, "incomeBeforeTax": 115596000, "incomeBeforeTaxRatio": 0.2021746773, "incomeTaxExpense": 28377000, "netIncome": 89587000, "netIncomeRatio": 0.1566855498, "eps": 0.61, "epsdiluted": 0.61, "weightedAverageShsOut": 147000000, "weightedAverageShsOutDil": 148000000, "link": "https://www.sec.gov/Archives/edgar/data/1110803/000111080316000187/0001110803-16-000187-index.htm", "finalLink": "https://www.sec.gov/Archives/edgar/data/1110803/000111080316000187/fy16q110-q.htm"}, {"date": "2016-01-03", "symbol": "ILMN", "reportedCurrency": "USD", "cik": "0001110803", "fillingDate": "2016-03-02", "acceptedDate": "2016-03-02 16:10:02", "calendarYear": "2015", "period": "Q4", "revenue": 591548000, "costOfRevenue": 181189000, "grossProfit": 410359000, "grossProfitRatio": 0.6937036386, "researchAndDevelopmentExpenses": 114347000, "generalAndAdministrativeExpenses": 0, "sellingAndMarketingExpenses": 0, "sellingGeneralAndAdministrativeExpenses": 147251000, "otherExpenses": 0, "operatingExpenses": 261598000, "costAndExpenses": 442787000, "interestIncome": 0, "interestExpense": 7711000, "depreciationAndAmortization": 9522000, "ebitda": 181522000, "ebitdaratio": 0.3068592912, "operatingIncome": 144000000, "operatingIncomeRatio": 0.2434291047, "totalOtherIncomeExpensesNet": -8993000, "incomeBeforeTax": 135007000, "incomeBeforeTaxRatio": 0.228226619, "incomeTaxExpense": 32143000, "netIncome": 104477000, "netIncomeRatio": 0.1766162678, "eps": 0.72, "epsdiluted": 0.7, "weightedAverageShsOut": 145963000, "weightedAverageShsOutDil": 148952000, "link": "https://www.sec.gov/Archives/edgar/data/1110803/000111080316000175/0001110803-16-000175-index.htm", "finalLink": "https://www.sec.gov/Archives/edgar/data/1110803/000111080316000175/fy201510-k.htm"}, {"date": "2015-09-27", "symbol": "ILMN", "reportedCurrency": "USD", "cik": "0001110803", "fillingDate": "2015-11-02", "acceptedDate": "2015-11-02 16:28:19", "calendarYear": "2015", "period": "Q3", "revenue": 550271000, "costOfRevenue": 162732000, "grossProfit": 387539000, "grossProfitRatio": 0.7042693509, "researchAndDevelopmentExpenses": 99226000, "generalAndAdministrativeExpenses": 0, "sellingAndMarketingExpenses": 0, "sellingGeneralAndAdministrativeExpenses": 136648000, "otherExpenses": 0, "operatingExpenses": 235874000, "costAndExpenses": 398606000, "interestIncome": 2767000, "interestExpense": 12821000, "depreciationAndAmortization": 32856000, "ebitda": 184521000, "ebitdaratio": 0.3353275023, "operatingIncome": 140782000, "operatingIncomeRatio": 0.2558412128, "totalOtherIncomeExpensesNet": -11865000, "incomeBeforeTax": 128917000, "incomeBeforeTaxRatio": 0.2342791097, "incomeTaxExpense": 13296000, "netIncome": 118177000, "netIncomeRatio": 0.2147614539, "eps": 0.81, "epsdiluted": 0.79, "weightedAverageShsOut": 145349000, "weightedAverageShsOutDil": 149672000, "link": "https://www.sec.gov/Archives/edgar/data/1110803/000111080315000157/0001110803-15-000157-index.htm", "finalLink": "https://www.sec.gov/Archives/edgar/data/1110803/000111080315000157/fy15q310-q.htm"}, {"date": "2015-06-28", "symbol": "ILMN", "reportedCurrency": "USD", "cik": "0001110803", "fillingDate": "2015-07-31", "acceptedDate": "2015-07-31 16:27:57", "calendarYear": "2015", "period": "Q2", "revenue": 539378000, "costOfRevenue": 163013000, "grossProfit": 376365000, "grossProfitRatio": 0.6977759568, "researchAndDevelopmentExpenses": 96182000, "generalAndAdministrativeExpenses": 0, "sellingAndMarketingExpenses": 0, "sellingGeneralAndAdministrativeExpenses": 124441000, "otherExpenses": 0, "operatingExpenses": 220623000, "costAndExpenses": 383636000, "interestIncome": 1344000, "interestExpense": 11205000, "depreciationAndAmortization": 7618000, "ebitda": 186442000, "ebitdaratio": 0.3456611134, "operatingIncome": 151933000, "operatingIncomeRatio": 0.2816818632, "totalOtherIncomeExpensesNet": -10761000, "incomeBeforeTax": 141172000, "incomeBeforeTaxRatio": 0.2617311051, "incomeTaxExpense": 38925000, "netIncome": 102247000, "netIncomeRatio": 0.1895646467, "eps": 0.71, "epsdiluted": 0.69, "weightedAverageShsOut": 144220000, "weightedAverageShsOutDil": 148969000, "link": "https://www.sec.gov/Archives/edgar/data/1110803/000111080315000140/0001110803-15-000140-index.htm", "finalLink": "https://www.sec.gov/Archives/edgar/data/1110803/000111080315000140/fy15q210-q.htm"}, {"date": "2015-03-29", "symbol": "ILMN", "reportedCurrency": "USD", "cik": "0001110803", "fillingDate": "2015-05-01", "acceptedDate": "2015-05-01 17:20:23", "calendarYear": "2015", "period": "Q1", "revenue": 538565000, "costOfRevenue": 163538000, "grossProfit": 375027000, "grossProfitRatio": 0.6963449166, "researchAndDevelopmentExpenses": 91772000, "generalAndAdministrativeExpenses": 0, "sellingAndMarketingExpenses": 0, "sellingGeneralAndAdministrativeExpenses": 116317000, "otherExpenses": 1920000, "operatingExpenses": 208089000, "costAndExpenses": 371627000, "interestIncome": 1693000, "interestExpense": 11164000, "depreciationAndAmortization": 30102000, "ebitda": 197040000, "ebitdaratio": 0.365861131, "operatingIncome": 176126000, "operatingIncomeRatio": 0.3270283067, "totalOtherIncomeExpensesNet": 1920000, "incomeBeforeTax": 178046000, "incomeBeforeTaxRatio": 0.330593336, "incomeTaxExpense": 41388000, "netIncome": 136658000, "netIncomeRatio": 0.2537446733, "eps": 0.95, "epsdiluted": 0.92, "weightedAverageShsOut": 143771000, "weightedAverageShsOutDil": 148683000, "link": "https://www.sec.gov/Archives/edgar/data/1110803/000111080315000116/0001110803-15-000116-index.htm", "finalLink": "https://www.sec.gov/Archives/edgar/data/1110803/000111080315000116/fy15q110-q.htm"}, {"date": "2014-12-28", "symbol": "ILMN", "reportedCurrency": "USD", "cik": "0001110803", "fillingDate": "2015-02-18", "acceptedDate": "2015-02-17 17:41:31", "calendarYear": "2014", "period": "Q4", "revenue": 512379000, "costOfRevenue": 127442000, "grossProfit": 384937000, "grossProfitRatio": 0.7512739593, "researchAndDevelopmentExpenses": 142947000, "generalAndAdministrativeExpenses": 0, "sellingAndMarketingExpenses": 0, "sellingGeneralAndAdministrativeExpenses": 122173000, "otherExpenses": 0, "operatingExpenses": 265120000, "costAndExpenses": 392562000, "interestIncome": 947000, "interestExpense": 11076000, "depreciationAndAmortization": 29952000, "ebitda": 198569000, "ebitdaratio": 0.3875432053, "operatingIncome": 202883000, "operatingIncomeRatio": 0.3959627541, "totalOtherIncomeExpensesNet": -10822000, "incomeBeforeTax": 192061000, "incomeBeforeTaxRatio": 0.3748416699, "incomeTaxExpense": 38781000, "netIncome": 153280000, "netIncomeRatio": 0.2991535563, "eps": 1.08, "epsdiluted": 1.03, "weightedAverageShsOut": 142342000, "weightedAverageShsOutDil": 148657000, "link": "https://www.sec.gov/Archives/edgar/data/1110803/000111080315000064/0001110803-15-000064-index.htm", "finalLink": "https://www.sec.gov/Archives/edgar/data/1110803/000111080315000064/fy1410-k.htm"}, {"date": "2014-09-28", "symbol": "ILMN", "reportedCurrency": "USD", "cik": "0001110803", "fillingDate": "2014-10-29", "acceptedDate": "2014-10-29 16:05:53", "calendarYear": "2014", "period": "Q3", "revenue": 480630000, "costOfRevenue": 146689000, "grossProfit": 333941000, "grossProfitRatio": 0.6947984936, "researchAndDevelopmentExpenses": 85082000, "generalAndAdministrativeExpenses": 0, "sellingAndMarketingExpenses": 0, "sellingGeneralAndAdministrativeExpenses": 119888000, "otherExpenses": 0, "operatingExpenses": 204970000, "costAndExpenses": 351659000, "interestIncome": 534000, "interestExpense": 10987000, "depreciationAndAmortization": 26689000, "ebitda": 155660000, "ebitdaratio": 0.3238665918, "operatingIncome": 119493000, "operatingIncomeRatio": 0.2486174396, "totalOtherIncomeExpensesNet": -7050000, "incomeBeforeTax": 112443000, "incomeBeforeTaxRatio": 0.2339491917, "incomeTaxExpense": 18954000, "netIncome": 93489000, "netIncomeRatio": 0.1945134511, "eps": 0.66, "epsdiluted": 0.63, "weightedAverageShsOut": 141142000, "weightedAverageShsOutDil": 147512000, "link": "https://www.sec.gov/Archives/edgar/data/1110803/000111080314000363/0001110803-14-000363-index.htm", "finalLink": "https://www.sec.gov/Archives/edgar/data/1110803/000111080314000363/fy14q310-q.htm"}, {"date": "2014-06-29", "symbol": "ILMN", "reportedCurrency": "USD", "cik": "0001110803", "fillingDate": "2014-08-01", "acceptedDate": "2014-08-01 17:01:58", "calendarYear": "2014", "period": "Q2", "revenue": 447568000, "costOfRevenue": 147028000, "grossProfit": 300540000, "grossProfitRatio": 0.671495728, "researchAndDevelopmentExpenses": 82985000, "generalAndAdministrativeExpenses": 0, "sellingAndMarketingExpenses": 0, "sellingGeneralAndAdministrativeExpenses": 114649000, "otherExpenses": 0, "operatingExpenses": 197634000, "costAndExpenses": 344662000, "interestIncome": 1464000, "interestExpense": 9922000, "depreciationAndAmortization": 27526000, "ebitda": 97914000, "ebitdaratio": 0.2187689915, "operatingIncome": 100239000, "operatingIncomeRatio": 0.2239637329, "totalOtherIncomeExpensesNet": -39773000, "incomeBeforeTax": 60466000, "incomeBeforeTaxRatio": 0.1350990241, "incomeTaxExpense": 13861000, "netIncome": 46605000, "netIncomeRatio": 0.1041294284, "eps": 0.36, "epsdiluted": 0.31, "weightedAverageShsOut": 130583000, "weightedAverageShsOutDil": 149121000, "link": "https://www.sec.gov/Archives/edgar/data/1110803/000111080314000266/0001110803-14-000266-index.htm", "finalLink": "https://www.sec.gov/Archives/edgar/data/1110803/000111080314000266/fy14q210-q.htm"}, {"date": "2014-03-30", "symbol": "ILMN", "reportedCurrency": "USD", "cik": "0001110803", "fillingDate": "2014-05-07", "acceptedDate": "2014-05-07 17:14:57", "calendarYear": "2014", "period": "Q1", "revenue": 420781000, "costOfRevenue": 142489000, "grossProfit": 278292000, "grossProfitRatio": 0.6613701664, "researchAndDevelopmentExpenses": 77041000, "generalAndAdministrativeExpenses": 0, "sellingAndMarketingExpenses": 0, "sellingGeneralAndAdministrativeExpenses": 109573000, "otherExpenses": 0, "operatingExpenses": 186614000, "costAndExpenses": 329103000, "interestIncome": 956000, "interestExpense": 9743000, "depreciationAndAmortization": 28407000, "ebitda": 120085000, "ebitdaratio": 0.2853859846, "operatingIncome": 92096000, "operatingIncomeRatio": 0.218869198, "totalOtherIncomeExpensesNet": -8308000, "incomeBeforeTax": 83788000, "incomeBeforeTaxRatio": 0.1991249605, "incomeTaxExpense": 23811000, "netIncome": 59977000, "netIncomeRatio": 0.1425373294, "eps": 0.47, "epsdiluted": 0.4, "weightedAverageShsOut": 128146000, "weightedAverageShsOutDil": 150619000, "link": "https://www.sec.gov/Archives/edgar/data/1110803/000111080314000165/0001110803-14-000165-index.htm", "finalLink": "https://www.sec.gov/Archives/edgar/data/1110803/000111080314000165/fy14q110-q.htm"}, {"date": "2013-12-29", "symbol": "ILMN", "reportedCurrency": "USD", "cik": "0001110803", "fillingDate": "2014-02-18", "acceptedDate": "2014-02-18 17:09:46", "calendarYear": "2013", "period": "Q4", "revenue": 387326000, "costOfRevenue": 128080000, "grossProfit": 259246000, "grossProfitRatio": 0.6693224829, "researchAndDevelopmentExpenses": 76728000, "generalAndAdministrativeExpenses": 0, "sellingAndMarketingExpenses": 0, "sellingGeneralAndAdministrativeExpenses": 111649000, "otherExpenses": 0, "operatingExpenses": 188377000, "costAndExpenses": 316457000, "interestIncome": 965000, "interestExpense": 9944000, "depreciationAndAmortization": 27167000, "ebitda": 91122000, "ebitdaratio": 0.2352591874, "operatingIncome": 73784000, "operatingIncomeRatio": 0.1904958614, "totalOtherIncomeExpensesNet": 46585000, "incomeBeforeTax": 120369000, "incomeBeforeTaxRatio": 0.3107692228, "incomeTaxExpense": 39708000, "netIncome": 80661000, "netIncomeRatio": 0.2082509307, "eps": 0.64, "epsdiluted": 0.56, "weightedAverageShsOut": 126711000, "weightedAverageShsOutDil": 143854000, "link": "https://www.sec.gov/Archives/edgar/data/1110803/000111080314000087/0001110803-14-000087-index.htm", "finalLink": "https://www.sec.gov/Archives/edgar/data/1110803/000111080314000087/fy1310-k.htm"}, {"date": "2013-09-29", "symbol": "ILMN", "reportedCurrency": "USD", "cik": "0001110803", "fillingDate": "2013-11-06", "acceptedDate": "2013-11-05 18:38:30", "calendarYear": "2013", "period": "Q3", "revenue": 356800000, "costOfRevenue": 146860000, "grossProfit": 209940000, "grossProfitRatio": 0.588396861, "researchAndDevelopmentExpenses": 70957000, "generalAndAdministrativeExpenses": 0, "sellingAndMarketingExpenses": 0, "sellingGeneralAndAdministrativeExpenses": 95617000, "otherExpenses": 0, "operatingExpenses": 166574000, "costAndExpenses": 313434000, "interestIncome": 1267000, "interestExpense": 9954000, "depreciationAndAmortization": 26878000, "ebitda": 96575000, "ebitdaratio": 0.270669843, "operatingIncome": 45464000, "operatingIncomeRatio": 0.1274215247, "totalOtherIncomeExpensesNet": -8317000, "incomeBeforeTax": 37147000, "incomeBeforeTaxRatio": 0.1041115471, "incomeTaxExpense": 5790000, "netIncome": 31357000, "netIncomeRatio": 0.0878839686, "eps": 0.25, "epsdiluted": 0.22, "weightedAverageShsOut": 125465000, "weightedAverageShsOutDil": 140601000, "link": "https://www.sec.gov/Archives/edgar/data/1110803/000111080313000364/0001110803-13-000364-index.htm", "finalLink": "https://www.sec.gov/Archives/edgar/data/1110803/000111080313000364/fy13q310-q.htm"}, {"date": "2013-06-30", "symbol": "ILMN", "reportedCurrency": "USD", "cik": "0001110803", "fillingDate": "2013-07-29", "acceptedDate": "2013-07-29 16:55:48", "calendarYear": "2013", "period": "Q2", "revenue": 346094000, "costOfRevenue": 122685000, "grossProfit": 223409000, "grossProfitRatio": 0.6455153802, "researchAndDevelopmentExpenses": 67608000, "generalAndAdministrativeExpenses": 0, "sellingAndMarketingExpenses": 0, "sellingGeneralAndAdministrativeExpenses": 88700000, "otherExpenses": 0, "operatingExpenses": 156308000, "costAndExpenses": 278993000, "interestIncome": 722000, "interestExpense": 10045000, "depreciationAndAmortization": 14190000, "ebitda": 82754000, "ebitdaratio": 0.2391084503, "operatingIncome": 60006000, "operatingIncomeRatio": 0.1733806423, "totalOtherIncomeExpensesNet": -10646000, "incomeBeforeTax": 49360000, "incomeBeforeTaxRatio": 0.142620213, "incomeTaxExpense": 13483000, "netIncome": 35877000, "netIncomeRatio": 0.1036625888, "eps": 0.29, "epsdiluted": 0.26, "weightedAverageShsOut": 124362000, "weightedAverageShsOutDil": 139377000, "link": "https://www.sec.gov/Archives/edgar/data/1110803/000111080313000282/0001110803-13-000282-index.htm", "finalLink": "https://www.sec.gov/Archives/edgar/data/1110803/000111080313000282/fy13q210-q.htm"}, {"date": "2013-03-31", "symbol": "ILMN", "reportedCurrency": "USD", "cik": "0001110803", "fillingDate": "2013-05-01", "acceptedDate": "2013-05-01 16:54:00", "calendarYear": "2013", "period": "Q1", "revenue": 330958000, "costOfRevenue": 111666000, "grossProfit": 219292000, "grossProfitRatio": 0.662597671, "researchAndDevelopmentExpenses": 61450000, "generalAndAdministrativeExpenses": 0, "sellingAndMarketingExpenses": 0, "sellingGeneralAndAdministrativeExpenses": 85074000, "otherExpenses": 0, "operatingExpenses": 146524000, "costAndExpenses": 258190000, "interestIncome": 1933000, "interestExpense": 9747000, "depreciationAndAmortization": 20531000, "ebitda": -17284000, "ebitdaratio": -0.0522241493, "operatingIncome": -45147000, "operatingIncomeRatio": -0.1364130796, "totalOtherIncomeExpensesNet": -2415000, "incomeBeforeTax": -47562000, "incomeBeforeTaxRatio": -0.143710078, "incomeTaxExpense": -24975000, "netIncome": -22587000, "netIncomeRatio": -0.0682473305, "eps": -0.18, "epsdiluted": -0.18, "weightedAverageShsOut": 123768000, "weightedAverageShsOutDil": 123768000, "link": "https://www.sec.gov/Archives/edgar/data/1110803/000111080313000180/0001110803-13-000180-index.htm", "finalLink": "https://www.sec.gov/Archives/edgar/data/1110803/000111080313000180/ilmnfy13q110-q.htm"}, {"date": "2012-12-30", "symbol": "ILMN", "reportedCurrency": "USD", "cik": "0001110803", "fillingDate": "2013-02-15", "acceptedDate": "2013-02-15 17:07:55", "calendarYear": "2012", "period": "Q4", "revenue": 309265000, "costOfRevenue": 105618000, "grossProfit": 203647000, "grossProfitRatio": 0.658487058, "researchAndDevelopmentExpenses": 56907000, "generalAndAdministrativeExpenses": 0, "sellingAndMarketingExpenses": 0, "sellingGeneralAndAdministrativeExpenses": 79715000, "otherExpenses": 0, "operatingExpenses": 136622000, "costAndExpenses": 242240000, "interestIncome": 8838000, "interestExpense": 9586000, "depreciationAndAmortization": 15358000, "ebitda": 74704000, "ebitdaratio": 0.2415533604, "operatingIncome": 59346000, "operatingIncomeRatio": 0.1918936834, "totalOtherIncomeExpensesNet": 44557000, "incomeBeforeTax": 103903000, "incomeBeforeTaxRatio": 0.3359675359, "incomeTaxExpense": 32000000, "netIncome": 71903000, "netIncomeRatio": 0.2324964028, "eps": 0.58, "epsdiluted": 0.53, "weightedAverageShsOut": 123211000, "weightedAverageShsOutDil": 135393000, "link": "https://www.sec.gov/Archives/edgar/data/1110803/000111080313000095/0001110803-13-000095-index.htm", "finalLink": "https://www.sec.gov/Archives/edgar/data/1110803/000111080313000095/ilmnfy1210k.htm"}, {"date": "2012-09-30", "symbol": "ILMN", "reportedCurrency": "USD", "cik": "0001110803", "fillingDate": "2012-10-29", "acceptedDate": "2012-10-29 17:07:05", "calendarYear": "2012", "period": "Q3", "revenue": 285874000, "costOfRevenue": 90001000, "grossProfit": 195873000, "grossProfitRatio": 0.6851724886, "researchAndDevelopmentExpenses": 54056000, "generalAndAdministrativeExpenses": 0, "sellingAndMarketingExpenses": 0, "sellingGeneralAndAdministrativeExpenses": 93222000, "otherExpenses": 0, "operatingExpenses": 147278000, "costAndExpenses": 237279000, "interestIncome": 3459000, "interestExpense": 9483000, "depreciationAndAmortization": 15827000, "ebitda": 53545000, "ebitdaratio": 0.1873027977, "operatingIncome": 48814000, "operatingIncomeRatio": 0.1707535488, "totalOtherIncomeExpensesNet": -5169000, "incomeBeforeTax": 43645000, "incomeBeforeTaxRatio": 0.1526721563, "incomeTaxExpense": 13897000, "netIncome": 29748000, "netIncomeRatio": 0.1040598306, "eps": 0.24, "epsdiluted": 0.22, "weightedAverageShsOut": 122930000, "weightedAverageShsOutDil": 132507000, "link": "https://www.sec.gov/Archives/edgar/data/1110803/000111080312000153/0001110803-12-000153-index.htm", "finalLink": "https://www.sec.gov/Archives/edgar/data/1110803/000111080312000153/ilmn3q1210q.htm"}, {"date": "2012-07-01", "symbol": "ILMN", "reportedCurrency": "USD", "cik": "0001110803", "fillingDate": "2012-07-30", "acceptedDate": "2012-07-30 17:28:34", "calendarYear": "2012", "period": "Q2", "revenue": 280607000, "costOfRevenue": 87610000, "grossProfit": 192997000, "grossProfitRatio": 0.6877839826, "researchAndDevelopmentExpenses": 71223000, "generalAndAdministrativeExpenses": 0, "sellingAndMarketingExpenses": 0, "sellingGeneralAndAdministrativeExpenses": 77040000, "otherExpenses": 0, "operatingExpenses": 148263000, "costAndExpenses": 235873000, "interestIncome": 1385000, "interestExpense": 9508000, "depreciationAndAmortization": 11701000, "ebitda": 59279000, "ebitdaratio": 0.2112527485, "operatingIncome": 42980000, "operatingIncomeRatio": 0.1531679538, "totalOtherIncomeExpensesNet": -8193000, "incomeBeforeTax": 34787000, "incomeBeforeTaxRatio": 0.1239705353, "incomeTaxExpense": 11386000, "netIncome": 23401000, "netIncomeRatio": 0.0833942133, "eps": 0.19, "epsdiluted": 0.18, "weightedAverageShsOut": 123214000, "weightedAverageShsOutDil": 133011000, "link": "https://www.sec.gov/Archives/edgar/data/1110803/000111080312000126/0001110803-12-000126-index.htm", "finalLink": "https://www.sec.gov/Archives/edgar/data/1110803/000111080312000126/ilmn2q1210q.htm"}, {"date": "2012-04-01", "symbol": "ILMN", "reportedCurrency": "USD", "cik": "0001110803", "fillingDate": "2012-05-03", "acceptedDate": "2012-05-03 16:00:53", "calendarYear": "2012", "period": "Q1", "revenue": 272770000, "costOfRevenue": 91759000, "grossProfit": 181011000, "grossProfitRatio": 0.6636030355, "researchAndDevelopmentExpenses": 48839000, "generalAndAdministrativeExpenses": 0, "sellingAndMarketingExpenses": 0, "sellingGeneralAndAdministrativeExpenses": 78201000, "otherExpenses": 0, "operatingExpenses": 127040000, "costAndExpenses": 218799000, "interestIncome": 2526000, "interestExpense": 9202000, "depreciationAndAmortization": 15154000, "ebitda": 64902000, "ebitdaratio": 0.2379367232, "operatingIncome": 49612000, "operatingIncomeRatio": 0.1818821718, "totalOtherIncomeExpensesNet": -9339000, "incomeBeforeTax": 40273000, "incomeBeforeTaxRatio": 0.1476445357, "incomeTaxExpense": 14071000, "netIncome": 26202000, "netIncomeRatio": 0.0960589508, "eps": 0.21, "epsdiluted": 0.2, "weightedAverageShsOut": 122642000, "weightedAverageShsOutDil": 133859000, "link": "https://www.sec.gov/Archives/edgar/data/1110803/000111080312000104/0001110803-12-000104-index.htm", "finalLink": "https://www.sec.gov/Archives/edgar/data/1110803/000111080312000104/ilmn1q1210q.htm"}, {"date": "2012-01-01", "symbol": "ILMN", "reportedCurrency": "USD", "cik": "0001110803", "fillingDate": "2012-02-24", "acceptedDate": "2012-02-23 19:18:37", "calendarYear": "2011", "period": "Q4", "revenue": 250071000, "costOfRevenue": 79485000, "grossProfit": 170586000, "grossProfitRatio": 0.6821502693, "researchAndDevelopmentExpenses": 45513000, "generalAndAdministrativeExpenses": 0, "sellingAndMarketingExpenses": 0, "sellingGeneralAndAdministrativeExpenses": 91161000, "otherExpenses": 0, "operatingExpenses": 136674000, "costAndExpenses": 216159000, "interestIncome": 2143000, "interestExpense": 9185000, "depreciationAndAmortization": 27216000, "ebitda": 47867000, "ebitdaratio": 0.1914136385, "operatingIncome": 27299000, "operatingIncomeRatio": 0.1091649971, "totalOtherIncomeExpensesNet": -7077000, "incomeBeforeTax": 20222000, "incomeBeforeTaxRatio": 0.0808650343, "incomeTaxExpense": 8502000, "netIncome": 11720000, "netIncomeRatio": 0.0468666899, "eps": 0.0938, "epsdiluted": 0.0938, "weightedAverageShsOut": 121545000, "weightedAverageShsOutDil": 124900000, "link": "https://www.sec.gov/Archives/edgar/data/1110803/000111080312000041/0001110803-12-000041-index.htm", "finalLink": "https://www.sec.gov/Archives/edgar/data/1110803/000111080312000041/ilmn-201110k.htm"}, {"date": "2011-10-02", "symbol": "ILMN", "reportedCurrency": "USD", "cik": "0001110803", "fillingDate": "2011-11-04", "acceptedDate": "2011-11-04 17:26:17", "calendarYear": "2011", "period": "Q3", "revenue": 235499000, "costOfRevenue": 78384000, "grossProfit": 157115000, "grossProfitRatio": 0.6671578223, "researchAndDevelopmentExpenses": 50399000, "generalAndAdministrativeExpenses": 0, "sellingAndMarketingExpenses": 0, "sellingGeneralAndAdministrativeExpenses": 72550000, "otherExpenses": 0, "operatingExpenses": 122949000, "costAndExpenses": 201333000, "interestIncome": 1388000, "interestExpense": 8797000, "depreciationAndAmortization": 17502000, "ebitda": 54090000, "ebitdaratio": 0.229682504, "operatingIncome": 36764000, "operatingIncomeRatio": 0.1561110663, "totalOtherIncomeExpensesNet": -8973000, "incomeBeforeTax": 27791000, "incomeBeforeTaxRatio": 0.1180089937, "incomeTaxExpense": 7640000, "netIncome": 20151000, "netIncomeRatio": 0.0855672423, "eps": 0.17, "epsdiluted": 0.15, "weightedAverageShsOut": 122079000, "weightedAverageShsOutDil": 135966000, "link": "https://www.sec.gov/Archives/edgar/data/1110803/000119312511297764/0001193125-11-297764-index.htm", "finalLink": "https://www.sec.gov/Archives/edgar/data/1110803/000119312511297764/d241322d10q.htm"}, {"date": "2011-07-03", "symbol": "ILMN", "reportedCurrency": "USD", "cik": "0001110803", "fillingDate": "2011-08-10", "acceptedDate": "2011-08-10 13:56:19", "calendarYear": "2011", "period": "Q2", "revenue": 287450000, "costOfRevenue": 94094000, "grossProfit": 193356000, "grossProfitRatio": 0.672659593, "researchAndDevelopmentExpenses": 50801000, "generalAndAdministrativeExpenses": 0, "sellingAndMarketingExpenses": 0, "sellingGeneralAndAdministrativeExpenses": 71775000, "otherExpenses": 0, "operatingExpenses": 122576000, "costAndExpenses": 216670000, "interestIncome": 1981000, "interestExpense": 9418000, "depreciationAndAmortization": 16488000, "ebitda": 74930000, "ebitdaratio": 0.2606714211, "operatingIncome": 66010000, "operatingIncomeRatio": 0.2296399374, "totalOtherIncomeExpensesNet": -16986000, "incomeBeforeTax": 49024000, "incomeBeforeTaxRatio": 0.1705479214, "incomeTaxExpense": 18404000, "netIncome": 30620000, "netIncomeRatio": 0.1065228735, "eps": 0.25, "epsdiluted": 0.22, "weightedAverageShsOut": 123456000, "weightedAverageShsOutDil": 141765000, "link": "https://www.sec.gov/Archives/edgar/data/1110803/000095012311075547/0000950123-11-075547-index.htm", "finalLink": "https://www.sec.gov/Archives/edgar/data/1110803/000095012311075547/a58894e10vq.htm"}, {"date": "2011-04-03", "symbol": "ILMN", "reportedCurrency": "USD", "cik": "0001110803", "fillingDate": "2011-05-04", "acceptedDate": "2011-05-04 16:28:37", "calendarYear": "2011", "period": "Q1", "revenue": 282515000, "costOfRevenue": 94474000, "grossProfit": 188041000, "grossProfitRatio": 0.665596517, "researchAndDevelopmentExpenses": 50200000, "generalAndAdministrativeExpenses": 0, "sellingAndMarketingExpenses": 0, "sellingGeneralAndAdministrativeExpenses": 68453000, "otherExpenses": 0, "operatingExpenses": 118653000, "costAndExpenses": 213127000, "interestIncome": 1540000, "interestExpense": 7390000, "depreciationAndAmortization": 15814000, "ebitda": 102768000, "ebitdaratio": 0.3637612162, "operatingIncome": 69388000, "operatingIncomeRatio": 0.2456081978, "totalOtherIncomeExpensesNet": -33380000, "incomeBeforeTax": 36008000, "incomeBeforeTaxRatio": 0.1274551794, "incomeTaxExpense": 11871000, "netIncome": 24137000, "netIncomeRatio": 0.0854361715, "eps": 0.19, "epsdiluted": 0.16, "weightedAverageShsOut": 126517000, "weightedAverageShsOutDil": 153129000, "link": "https://www.sec.gov/Archives/edgar/data/1110803/000095012311044671/0000950123-11-044671-index.htm", "finalLink": "https://www.sec.gov/Archives/edgar/data/1110803/000095012311044671/a59288e10vq.htm"}, {"date": "2011-01-02", "symbol": "ILMN", "reportedCurrency": "USD", "cik": "0001110803", "fillingDate": "2011-02-28", "acceptedDate": "2011-02-28 17:26:26", "calendarYear": "2010", "period": "Q4", "revenue": 261298000, "costOfRevenue": 87367000, "grossProfit": 173931000, "grossProfitRatio": 0.6656422935, "researchAndDevelopmentExpenses": 45801000, "generalAndAdministrativeExpenses": 0, "sellingAndMarketingExpenses": 0, "sellingGeneralAndAdministrativeExpenses": 62034000, "otherExpenses": -1246000, "operatingExpenses": 106589000, "costAndExpenses": 193956000, "interestIncome": 1632000, "interestExpense": 6319000, "depreciationAndAmortization": 12195000, "ebitda": 68990000, "ebitdaratio": 0.2640280446, "operatingIncome": 68667000, "operatingIncomeRatio": 0.2627919081, "totalOtherIncomeExpensesNet": -17884000, "incomeBeforeTax": 50783000, "incomeBeforeTaxRatio": 0.1943489809, "incomeTaxExpense": 12343000, "netIncome": 38440000, "netIncomeRatio": 0.1471117268, "eps": 0.25, "epsdiluted": 0.25, "weightedAverageShsOut": 151200000, "weightedAverageShsOutDil": 151200000, "link": "https://www.sec.gov/Archives/edgar/data/1110803/000095012311019925/0000950123-11-019925-index.htm", "finalLink": "https://www.sec.gov/Archives/edgar/data/1110803/000095012311019925/a58258e10vk.htm"}, {"date": "2010-10-03", "symbol": "ILMN", "reportedCurrency": "USD", "cik": "0001110803", "fillingDate": "2010-11-05", "acceptedDate": "2010-11-05 14:02:33", "calendarYear": "2010", "period": "Q3", "revenue": 237309000, "costOfRevenue": 80164000, "grossProfit": 157145000, "grossProfitRatio": 0.6621957026, "researchAndDevelopmentExpenses": 44804000, "generalAndAdministrativeExpenses": 0, "sellingAndMarketingExpenses": 0, "sellingGeneralAndAdministrativeExpenses": 55006000, "otherExpenses": 0, "operatingExpenses": 99810000, "costAndExpenses": 179974000, "interestIncome": 2791000, "interestExpense": 6190000, "depreciationAndAmortization": 11102000, "ebitda": 60126000, "ebitdaratio": 0.2533658648, "operatingIncome": 57335000, "operatingIncomeRatio": 0.2416048275, "totalOtherIncomeExpensesNet": -2625000, "incomeBeforeTax": 54710000, "incomeBeforeTaxRatio": 0.2305433001, "incomeTaxExpense": 19263000, "netIncome": 35447000, "netIncomeRatio": 0.1493706518, "eps": 0.28, "epsdiluted": 0.24, "weightedAverageShsOut": 124684000, "weightedAverageShsOutDil": 145205000, "link": "https://www.sec.gov/Archives/edgar/data/1110803/000095012310101563/0000950123-10-101563-index.htm", "finalLink": "https://www.sec.gov/Archives/edgar/data/1110803/000095012310101563/a57158e10vq.htm"}]