[{"date": "2025-06-30", "symbol": "RYAAY", "reportedCurrency": "EUR", "cik": "0001038683", "fillingDate": "2025-07-21", "acceptedDate": "2025-07-21 06:08:29", "calendarYear": "2026", "period": "Q1", "revenue": 4337600000, "costOfRevenue": 3203100000, "grossProfit": 1134500000, "grossProfitRatio": 0.261550166, "researchAndDevelopmentExpenses": 0, "generalAndAdministrativeExpenses": 0, "sellingAndMarketingExpenses": 221200000, "sellingGeneralAndAdministrativeExpenses": 221200000, "otherExpenses": 0, "operatingExpenses": 221200000, "costAndExpenses": 3424300000, "interestIncome": 48700000, "interestExpense": 0, "depreciationAndAmortization": 343300000, "ebitda": 1256600000, "ebitdaratio": 0.2896993729, "operatingIncome": 913300000, "operatingIncomeRatio": 0.2105542235, "totalOtherIncomeExpensesNet": 16900000, "incomeBeforeTax": 930200000, "incomeBeforeTaxRatio": 0.2144503873, "incomeTaxExpense": 110300000, "netIncome": 819900000, "netIncomeRatio": 0.1890215788, "eps": 7.7, "epsdiluted": 7.65, "weightedAverageShsOut": 106250000, "weightedAverageShsOutDil": 107050000, "link": "https://www.sec.gov/Archives/edgar/data/1038683/000165495425008223/0001654954-25-008223-index.htm", "finalLink": "https://www.sec.gov/Archives/edgar/data/1038683/000165495425008223/a7332r.htm"}, {"date": "2025-03-31", "symbol": "RYAAY", "reportedCurrency": "EUR", "cik": "0001038683", "fillingDate": "2025-05-19", "acceptedDate": "2025-05-19 09:24:47", "calendarYear": "2025", "period": "Q4", "revenue": 2297300000, "costOfRevenue": 2396500000, "grossProfit": -99200000, "grossProfitRatio": -0.0431811257, "researchAndDevelopmentExpenses": 0, "generalAndAdministrativeExpenses": 214000000, "sellingAndMarketingExpenses": 175900000, "sellingGeneralAndAdministrativeExpenses": 389900000, "otherExpenses": 0, "operatingExpenses": 389900000, "costAndExpenses": 2786400000, "interestIncome": 150300000, "interestExpense": 0, "depreciationAndAmortization": 295100000, "ebitda": 98900000, "ebitdaratio": 0.0430505376, "operatingIncome": -489100000, "operatingIncomeRatio": -0.2129021025, "totalOtherIncomeExpensesNet": 62900000, "incomeBeforeTax": -426200000, "incomeBeforeTaxRatio": -0.1855221347, "incomeTaxExpense": -98000000, "netIncome": -328200000, "netIncomeRatio": -0.1428633613, "eps": -3.8, "epsdiluted": -3.75, "weightedAverageShsOut": 106386800, "weightedAverageShsOutDil": 106386800, "link": "https://www.sec.gov/Archives/edgar/data/1038683/000155837025007966/0001558370-25-007966-index.htm", "finalLink": "https://www.sec.gov/Archives/edgar/data/1038683/000155837025007966/tmb-20250331x20f.htm"}, {"date": "2024-12-31", "symbol": "RYAAY", "reportedCurrency": "EUR", "cik": "0001038683", "fillingDate": "2025-01-27", "acceptedDate": "2025-01-27 07:04:48", "calendarYear": "2025", "period": "Q3", "revenue": 2959200000, "costOfRevenue": 2398900000, "grossProfit": 560300000, "grossProfitRatio": 0.189341714, "researchAndDevelopmentExpenses": 0, "generalAndAdministrativeExpenses": 0, "sellingAndMarketingExpenses": 235800000, "sellingGeneralAndAdministrativeExpenses": 235800000, "otherExpenses": 291900000, "operatingExpenses": 527700000, "costAndExpenses": 2926600000, "interestIncome": 90200000, "interestExpense": 0, "depreciationAndAmortization": 291900000, "ebitda": 324500000, "ebitdaratio": 0.1096580157, "operatingIncome": 32600000, "operatingIncomeRatio": 0.0110164909, "totalOtherIncomeExpensesNet": 111100000, "incomeBeforeTax": 143700000, "incomeBeforeTaxRatio": 0.0485604217, "incomeTaxExpense": -4900000, "netIncome": 148600000, "netIncomeRatio": 0.0502162747, "eps": 1.35, "epsdiluted": 1.35, "weightedAverageShsOut": 108660000, "weightedAverageShsOutDil": 108660000, "link": "https://www.sec.gov/Archives/edgar/data/1038683/000165495425000765/0001654954-25-000765-index.htm", "finalLink": "https://www.sec.gov/Archives/edgar/data/1038683/000165495425000765/0001654954-25-000765.txt"}, {"date": "2024-09-30", "symbol": "RYAAY", "reportedCurrency": "EUR", "cik": "0001038683", "fillingDate": "2024-11-04", "acceptedDate": "2024-11-04 06:19:13", "calendarYear": "2025", "period": "Q2", "revenue": 5065900000, "costOfRevenue": 3169700000, "grossProfit": 1896200000, "grossProfitRatio": 0.3743066385, "researchAndDevelopmentExpenses": 0, "generalAndAdministrativeExpenses": 0, "sellingAndMarketingExpenses": 247400000, "sellingGeneralAndAdministrativeExpenses": 247400000, "otherExpenses": 0, "operatingExpenses": 247400000, "costAndExpenses": 3417100000, "interestIncome": 21900000, "interestExpense": 0, "depreciationAndAmortization": 314200000, "ebitda": 1963000000, "ebitdaratio": 0.3874928443, "operatingIncome": 1648800000, "operatingIncomeRatio": 0.3254703014, "totalOtherIncomeExpensesNet": 17300000, "incomeBeforeTax": 1666100000, "incomeBeforeTaxRatio": 0.3288852919, "incomeTaxExpense": 234900000, "netIncome": 1431200000, "netIncomeRatio": 0.2825164334, "eps": 13.85, "epsdiluted": 13.8, "weightedAverageShsOut": 112350000, "weightedAverageShsOutDil": 112930000, "link": "https://www.sec.gov/Archives/edgar/data/1038683/000165495424013650/0001654954-24-013650-index.htm", "finalLink": "https://www.sec.gov/Archives/edgar/data/1038683/000165495424013650/0001654954-24-013650.txt"}, {"date": "2024-06-30", "symbol": "RYAAY", "reportedCurrency": "EUR", "cik": "0001038683", "fillingDate": "2024-06-30", "acceptedDate": "2024-06-29 20:00:00", "calendarYear": "2025", "period": "Q1", "revenue": 3626100000, "costOfRevenue": 3333000000, "grossProfit": 293100000, "grossProfitRatio": 0.0808306445, "researchAndDevelopmentExpenses": 0, "generalAndAdministrativeExpenses": 0, "sellingAndMarketingExpenses": 219300000, "sellingGeneralAndAdministrativeExpenses": 219300000, "otherExpenses": -291900000, "operatingExpenses": -72600000, "costAndExpenses": 3260400000, "interestIncome": 28100000, "interestExpense": 0, "depreciationAndAmortization": 313200000, "ebitda": 678900000, "ebitdaratio": 0.1872259452, "operatingIncome": 365700000, "operatingIncomeRatio": 0.1008521552, "totalOtherIncomeExpensesNet": 35100000, "incomeBeforeTax": 400800000, "incomeBeforeTaxRatio": 0.1105319765, "incomeTaxExpense": 40800000, "netIncome": 360000000, "netIncomeRatio": 0.0992802184, "eps": 3.15, "epsdiluted": 3.15, "weightedAverageShsOut": 114467408, "weightedAverageShsOutDil": 114460000, "link": "", "finalLink": ""}, {"date": "2024-03-31", "symbol": "RYAAY", "reportedCurrency": "EUR", "cik": "0001038683", "fillingDate": "2024-06-27", "acceptedDate": "2024-06-27 07:29:01", "calendarYear": "2024", "period": "Q4", "revenue": 2169900000, "costOfRevenue": 2106700000, "grossProfit": 63200000, "grossProfitRatio": 0.0291257662, "researchAndDevelopmentExpenses": 0, "generalAndAdministrativeExpenses": 0, "sellingAndMarketingExpenses": 162100000, "sellingGeneralAndAdministrativeExpenses": 162100000, "otherExpenses": 164600000, "operatingExpenses": 326700000, "costAndExpenses": 2517299998, "interestIncome": 14200000, "interestExpense": 0, "depreciationAndAmortization": 172100000, "ebitda": -164100000, "ebitdaratio": -0.0756256049, "operatingIncome": -336200000, "operatingIncomeRatio": -0.1549380156, "totalOtherIncomeExpensesNet": 3000000, "incomeBeforeTax": -333200000, "incomeBeforeTaxRatio": -0.1535554634, "incomeTaxExpense": 57400000, "netIncome": -275800000, "netIncomeRatio": -0.1271026315, "eps": -1.2, "epsdiluted": -1.2, "weightedAverageShsOut": 113980130, "weightedAverageShsOutDil": 113980000, "link": "https://www.sec.gov/Archives/edgar/data/1038683/000155837024009521/0001558370-24-009521-index.htm", "finalLink": "https://www.sec.gov/Archives/edgar/data/1038683/000155837024009521/tmb-20240331x20f.htm"}, {"date": "2023-12-31", "symbol": "RYAAY", "reportedCurrency": "EUR", "cik": "0001038683", "fillingDate": "2023-12-31", "acceptedDate": "2023-12-30 19:00:00", "calendarYear": "2024", "period": "Q3", "revenue": 2698700000, "costOfRevenue": 2299600000, "grossProfit": 399100000, "grossProfitRatio": 0.1478860192, "researchAndDevelopmentExpenses": 0, "generalAndAdministrativeExpenses": 0, "sellingAndMarketingExpenses": 154600000, "sellingGeneralAndAdministrativeExpenses": 154600000, "otherExpenses": 257600000, "operatingExpenses": 412200000, "costAndExpenses": 2711800000, "interestIncome": 15800000, "interestExpense": 0, "depreciationAndAmortization": 263400000, "ebitda": 244500000, "ebitdaratio": 0.0905991774, "operatingIncome": -18900000, "operatingIncomeRatio": -0.007003372, "totalOtherIncomeExpensesNet": 21600000, "incomeBeforeTax": 2700000, "incomeBeforeTaxRatio": 0.0010004817, "incomeTaxExpense": 12100000, "netIncome": 14800000, "netIncomeRatio": 0.005484122, "eps": 0.13, "epsdiluted": 0.13, "weightedAverageShsOut": 113930000, "weightedAverageShsOutDil": 114510000, "link": "", "finalLink": ""}, {"date": "2023-09-30", "symbol": "RYAAY", "reportedCurrency": "EUR", "cik": "0001038683", "fillingDate": "2023-09-30", "acceptedDate": "2023-09-30 00:00:00", "calendarYear": "2024", "period": "Q2", "revenue": 4925900000, "costOfRevenue": 2698200000, "grossProfit": 2227700000, "grossProfitRatio": 0.4522422298, "researchAndDevelopmentExpenses": 0, "generalAndAdministrativeExpenses": 0, "sellingAndMarketingExpenses": 239200000, "sellingGeneralAndAdministrativeExpenses": 239200000, "otherExpenses": 284400000, "operatingExpenses": 523600000, "costAndExpenses": 3221800000, "interestIncome": 13700000, "interestExpense": 0, "depreciationAndAmortization": 283900000, "ebitda": 1988500000, "ebitdaratio": 0.4036825758, "operatingIncome": 1704600000, "operatingIncomeRatio": 0.3460484378, "totalOtherIncomeExpensesNet": 13200000, "incomeBeforeTax": 1717800000, "incomeBeforeTaxRatio": 0.3487281512, "incomeTaxExpense": 202600000, "netIncome": 1515200000, "netIncomeRatio": 0.3075986114, "eps": 15.1, "epsdiluted": 15, "weightedAverageShsOut": 113890000, "weightedAverageShsOutDil": 114450000, "link": null, "finalLink": null}, {"date": "2023-06-30", "symbol": "RYAAY", "reportedCurrency": "EUR", "cik": "0001038683", "fillingDate": "2023-06-30", "acceptedDate": "2023-06-29 20:00:00", "calendarYear": "2024", "period": "Q1", "revenue": 3649300000, "costOfRevenue": 2461900000, "grossProfit": 1187400000, "grossProfitRatio": 0.3253774697, "researchAndDevelopmentExpenses": 0, "generalAndAdministrativeExpenses": 0, "sellingAndMarketingExpenses": 201300000, "sellingGeneralAndAdministrativeExpenses": 201300000, "otherExpenses": 263500000, "operatingExpenses": 464800000, "costAndExpenses": 2926700000, "interestIncome": 18100000, "interestExpense": 0, "depreciationAndAmortization": 274900000, "ebitda": 986100000, "ebitdaratio": 0.2702162058, "operatingIncome": 711200000, "operatingIncomeRatio": 0.1948866906, "totalOtherIncomeExpensesNet": 29500000, "incomeBeforeTax": 740700000, "incomeBeforeTaxRatio": 0.2029704327, "incomeTaxExpense": 77800000, "netIncome": 662900000, "netIncomeRatio": 0.1816512756, "eps": 2.9, "epsdiluted": 2.9, "weightedAverageShsOut": 113870000, "weightedAverageShsOutDil": 114410000, "link": "", "finalLink": ""}, {"date": "2023-03-31", "symbol": "RYAAY", "reportedCurrency": "EUR", "cik": "0001038683", "fillingDate": "2023-03-31", "acceptedDate": "2023-03-30 20:00:00", "calendarYear": "2023", "period": "Q4", "revenue": 1847000000, "costOfRevenue": 1667000000, "grossProfit": 180000000, "grossProfitRatio": 0.097455333, "researchAndDevelopmentExpenses": 0, "generalAndAdministrativeExpenses": 0, "sellingAndMarketingExpenses": 146900000, "sellingGeneralAndAdministrativeExpenses": 146900000, "otherExpenses": 233900000, "operatingExpenses": 380800000, "costAndExpenses": 2047800000, "interestIncome": 7700000, "interestExpense": 0, "depreciationAndAmortization": 173400000, "ebitda": -50900000, "ebitdaratio": -0.0275582025, "operatingIncome": -224300000, "operatingIncomeRatio": -0.1214401733, "totalOtherIncomeExpensesNet": 31200000, "incomeBeforeTax": -193100000, "incomeBeforeTaxRatio": -0.1045479155, "incomeTaxExpense": 41400000, "netIncome": -151700000, "netIncomeRatio": -0.082133189, "eps": -0.65, "epsdiluted": -0.65, "weightedAverageShsOut": 113890000, "weightedAverageShsOutDil": 113890000, "link": "", "finalLink": ""}, {"date": "2022-12-31", "symbol": "RYAAY", "reportedCurrency": "EUR", "cik": "0001038683", "fillingDate": "2022-12-31", "acceptedDate": "2022-12-30 19:00:00", "calendarYear": "2023", "period": "Q3", "revenue": 2312100000, "costOfRevenue": 1787900000, "grossProfit": 524200000, "grossProfitRatio": 0.2267202976, "researchAndDevelopmentExpenses": 0, "generalAndAdministrativeExpenses": 0, "sellingAndMarketingExpenses": 160100000, "sellingGeneralAndAdministrativeExpenses": 160100000, "otherExpenses": 145400000, "operatingExpenses": 305500000, "costAndExpenses": 2093400000, "interestIncome": 0, "interestExpense": 5900000, "depreciationAndAmortization": 212700000, "ebitda": 364100000, "ebitdaratio": 0.1574758877, "operatingIncome": 151400000, "operatingIncomeRatio": 0.0654815968, "totalOtherIncomeExpensesNet": 61400000, "incomeBeforeTax": 212800000, "incomeBeforeTaxRatio": 0.0920375416, "incomeTaxExpense": 10700000, "netIncome": 202100000, "netIncomeRatio": 0.0874097141, "eps": 0.9, "epsdiluted": 0.9, "weightedAverageShsOut": 113800000, "weightedAverageShsOutDil": 113970000, "link": "", "finalLink": ""}, {"date": "2022-09-30", "symbol": "RYAAY", "reportedCurrency": "EUR", "cik": "0001038683", "fillingDate": "2022-09-30", "acceptedDate": "2022-09-29 20:00:00", "calendarYear": "2023", "period": "Q2", "revenue": 4014600000, "costOfRevenue": 2318400000, "grossProfit": 1696200000, "grossProfitRatio": 0.4225078464, "researchAndDevelopmentExpenses": 0, "generalAndAdministrativeExpenses": 0, "sellingAndMarketingExpenses": 193700000, "sellingGeneralAndAdministrativeExpenses": 193700000, "otherExpenses": 266700000, "operatingExpenses": 460400000, "costAndExpenses": 2778800000, "interestIncome": 0, "interestExpense": 16100000, "depreciationAndAmortization": 226700000, "ebitda": 1502500000, "ebitdaratio": 0.3742589548, "operatingIncome": 1275800000, "operatingIncomeRatio": 0.3177900663, "totalOtherIncomeExpensesNet": -56100000, "incomeBeforeTax": 1219700000, "incomeBeforeTaxRatio": 0.3038160713, "incomeTaxExpense": 143800000, "netIncome": 1075900000, "netIncomeRatio": 0.2679968116, "eps": 4.75, "epsdiluted": 4.75, "weightedAverageShsOut": 113570000, "weightedAverageShsOutDil": 113780000, "link": "", "finalLink": ""}, {"date": "2022-06-30", "symbol": "RYAAY", "reportedCurrency": "EUR", "cik": "0001038683", "fillingDate": "2022-06-30", "acceptedDate": "2022-06-29 20:00:00", "calendarYear": "2023", "period": "Q1", "revenue": 2601500000, "costOfRevenue": 1961800000, "grossProfit": 639700000, "grossProfitRatio": 0.2458965981, "researchAndDevelopmentExpenses": 0, "generalAndAdministrativeExpenses": 0, "sellingAndMarketingExpenses": 173700000, "sellingGeneralAndAdministrativeExpenses": 173700000, "otherExpenses": 242900000, "operatingExpenses": 416600000, "costAndExpenses": 2378400000, "interestIncome": 0, "interestExpense": 20100000, "depreciationAndAmortization": 226400000, "ebitda": 466000000, "ebitdaratio": 0.1791274265, "operatingIncome": 239600000, "operatingIncomeRatio": 0.0921007111, "totalOtherIncomeExpensesNet": -36600000, "incomeBeforeTax": 203000000, "incomeBeforeTaxRatio": 0.0780319047, "incomeTaxExpense": 15500000, "netIncome": 187500000, "netIncomeRatio": 0.0720738036, "eps": 0.85, "epsdiluted": 0.8, "weightedAverageShsOut": 113460000, "weightedAverageShsOutDil": 113930000, "link": "", "finalLink": ""}, {"date": "2022-03-31", "symbol": "RYAAY", "reportedCurrency": "EUR", "cik": "0001038683", "fillingDate": "2022-03-31", "acceptedDate": "2022-03-30 20:00:00", "calendarYear": "2022", "period": "Q4", "revenue": 1176100000, "costOfRevenue": 1030100000, "grossProfit": 146000000, "grossProfitRatio": 0.1241391038, "researchAndDevelopmentExpenses": 0, "generalAndAdministrativeExpenses": 0, "sellingAndMarketingExpenses": 128800000, "sellingGeneralAndAdministrativeExpenses": 128800000, "otherExpenses": 191600000, "operatingExpenses": 320400000, "costAndExpenses": 1350500000, "interestIncome": 0, "interestExpense": 22700000, "depreciationAndAmortization": 135100000, "ebitda": -37300000, "ebitdaratio": -0.0317149902, "operatingIncome": -172400000, "operatingIncomeRatio": -0.1465861746, "totalOtherIncomeExpensesNet": -24700000, "incomeBeforeTax": -197100000, "incomeBeforeTaxRatio": -0.1675877902, "incomeTaxExpense": 99700000, "netIncome": -97400000, "netIncomeRatio": -0.0828160871, "eps": -0.43, "epsdiluted": -0.43, "weightedAverageShsOut": 113381060, "weightedAverageShsOutDil": 113380000, "link": "", "finalLink": ""}, {"date": "2021-12-31", "symbol": "RYAAY", "reportedCurrency": "EUR", "cik": "0001038683", "fillingDate": "2021-12-31", "acceptedDate": "2021-12-30 19:00:00", "calendarYear": "2022", "period": "Q3", "revenue": 1469900000, "costOfRevenue": 1278800000, "grossProfit": 191100000, "grossProfitRatio": 0.1300088441, "researchAndDevelopmentExpenses": 0, "generalAndAdministrativeExpenses": 0, "sellingAndMarketingExpenses": 114200000, "sellingGeneralAndAdministrativeExpenses": 114200000, "otherExpenses": 185700000, "operatingExpenses": 299900000, "costAndExpenses": 1578700000, "interestIncome": 0, "interestExpense": 24000000, "depreciationAndAmortization": 193600000, "ebitda": 84800000, "ebitdaratio": 0.0576909994, "operatingIncome": -116700000, "operatingIncomeRatio": -0.079393156, "totalOtherIncomeExpensesNet": -16100000, "incomeBeforeTax": -132800000, "incomeBeforeTaxRatio": -0.0903462821, "incomeTaxExpense": 37000000, "netIncome": -95800000, "netIncomeRatio": -0.0651745017, "eps": -0.42, "epsdiluted": -0.42, "weightedAverageShsOut": 113130000, "weightedAverageShsOutDil": 113130000, "link": "", "finalLink": ""}, {"date": "2021-09-30", "symbol": "RYAAY", "reportedCurrency": "EUR", "cik": "0001038683", "fillingDate": "2021-09-30", "acceptedDate": "2021-09-29 20:00:00", "calendarYear": "2022", "period": "Q2", "revenue": 1784400000, "costOfRevenue": 1232100000, "grossProfit": 552300000, "grossProfitRatio": 0.3095158036, "researchAndDevelopmentExpenses": 0, "generalAndAdministrativeExpenses": 0, "sellingAndMarketingExpenses": 96400000, "sellingGeneralAndAdministrativeExpenses": 96400000, "otherExpenses": 208000000, "operatingExpenses": 304400000, "costAndExpenses": 1536500000, "interestIncome": 0, "interestExpense": 23300000, "depreciationAndAmortization": 201900000, "ebitda": 455900000, "ebitdaratio": 0.2554920421, "operatingIncome": 254000000, "operatingIncomeRatio": 0.1423447657, "totalOtherIncomeExpensesNet": -29400000, "incomeBeforeTax": 224600000, "incomeBeforeTaxRatio": 0.1258686393, "incomeTaxExpense": 400000, "netIncome": 225000000, "netIncomeRatio": 0.1260928043, "eps": 1, "epsdiluted": 1, "weightedAverageShsOut": 112860000, "weightedAverageShsOutDil": 113950000, "link": "", "finalLink": ""}, {"date": "2021-06-30", "symbol": "RYAAY", "reportedCurrency": "EUR", "cik": "0001038683", "fillingDate": "2021-06-30", "acceptedDate": "2021-06-29 20:00:00", "calendarYear": "2022", "period": "Q1", "revenue": 370500000, "costOfRevenue": 468800000, "grossProfit": -98300000, "grossProfitRatio": -0.265317139, "researchAndDevelopmentExpenses": 0, "generalAndAdministrativeExpenses": 0, "sellingAndMarketingExpenses": 71900000, "sellingGeneralAndAdministrativeExpenses": 71900000, "otherExpenses": 132900000, "operatingExpenses": 204800000, "costAndExpenses": 673600000, "interestIncome": 0, "interestExpense": 21400000, "depreciationAndAmortization": 134300000, "ebitda": -170200000, "ebitdaratio": -0.4593792173, "operatingIncome": -304500000, "operatingIncomeRatio": -0.8218623482, "totalOtherIncomeExpensesNet": -20000000, "incomeBeforeTax": -324500000, "incomeBeforeTaxRatio": -0.8758434548, "incomeTaxExpense": 51900000, "netIncome": -272600000, "netIncomeRatio": -0.7357624831, "eps": -1.2, "epsdiluted": -1.2, "weightedAverageShsOut": 112830000, "weightedAverageShsOutDil": 112830000, "link": "", "finalLink": ""}, {"date": "2021-03-31", "symbol": "RYAAY", "reportedCurrency": "EUR", "cik": "0001038683", "fillingDate": "2021-03-31", "acceptedDate": "2021-03-30 20:00:00", "calendarYear": "2021", "period": "Q4", "revenue": 118400000, "costOfRevenue": 273000000, "grossProfit": -154600000, "grossProfitRatio": -1.3057432432, "researchAndDevelopmentExpenses": 0, "generalAndAdministrativeExpenses": 0, "sellingAndMarketingExpenses": 44100000, "sellingGeneralAndAdministrativeExpenses": 44100000, "otherExpenses": 76200000, "operatingExpenses": 120300000, "costAndExpenses": 393300000, "interestIncome": 39000000, "interestExpense": 42000000, "depreciationAndAmortization": 63000000, "ebitda": -267300000, "ebitdaratio": -2.2576013514, "operatingIncome": -330300000, "operatingIncomeRatio": -2.7896959459, "totalOtherIncomeExpensesNet": 16400000, "incomeBeforeTax": -313900000, "incomeBeforeTaxRatio": -2.6511824324, "incomeTaxExpense": 30100000, "netIncome": -283800000, "netIncomeRatio": -2.3969594595, "eps": -1.25, "epsdiluted": -1.25, "weightedAverageShsOut": 112695967, "weightedAverageShsOutDil": 112720000, "link": "", "finalLink": ""}, {"date": "2020-12-31", "symbol": "RYAAY", "reportedCurrency": "EUR", "cik": "0001038683", "fillingDate": "2020-12-31", "acceptedDate": "2020-12-30 19:00:00", "calendarYear": "2021", "period": "Q3", "revenue": 341200000, "costOfRevenue": 479700000, "grossProfit": -138500000, "grossProfitRatio": -0.4059202814, "researchAndDevelopmentExpenses": 0, "generalAndAdministrativeExpenses": 0, "sellingAndMarketingExpenses": 51000000, "sellingGeneralAndAdministrativeExpenses": 51000000, "otherExpenses": 160600000, "operatingExpenses": 211600000, "costAndExpenses": 691300000, "interestIncome": 0, "interestExpense": 12400000, "depreciationAndAmortization": 142900000, "ebitda": -189500000, "ebitdaratio": -0.5553927315, "operatingIncome": -332400000, "operatingIncomeRatio": -0.9742086753, "totalOtherIncomeExpensesNet": -30100000, "incomeBeforeTax": -362500000, "incomeBeforeTaxRatio": -1.0624267292, "incomeTaxExpense": 41700000, "netIncome": -320800000, "netIncomeRatio": -0.9402110199, "eps": -1.4, "epsdiluted": -1.4, "weightedAverageShsOut": 112620000, "weightedAverageShsOutDil": 112620000, "link": "", "finalLink": ""}, {"date": "2020-09-30", "symbol": "RYAAY", "reportedCurrency": "EUR", "cik": "0001038683", "fillingDate": "2020-09-30", "acceptedDate": "2020-09-29 20:00:00", "calendarYear": "2021", "period": "Q2", "revenue": 1051000000, "costOfRevenue": 813700000, "grossProfit": 237300000, "grossProfitRatio": 0.2257849667, "researchAndDevelopmentExpenses": 0, "generalAndAdministrativeExpenses": 0, "sellingAndMarketingExpenses": 64000000, "sellingGeneralAndAdministrativeExpenses": 64000000, "otherExpenses": 389800000, "operatingExpenses": 453800000, "costAndExpenses": 1267500000, "interestIncome": 0, "interestExpense": 5900000, "depreciationAndAmortization": 162500000, "ebitda": -54000000, "ebitdaratio": -0.0513796384, "operatingIncome": 10800000, "operatingIncomeRatio": 0.0102759277, "totalOtherIncomeExpensesNet": -233200000, "incomeBeforeTax": -222400000, "incomeBeforeTaxRatio": -0.2116079924, "incomeTaxExpense": 3100000, "netIncome": -225500000, "netIncomeRatio": -0.2145575642, "eps": -1.05, "epsdiluted": -1.05, "weightedAverageShsOut": 109860000, "weightedAverageShsOutDil": 109860000, "link": "", "finalLink": ""}, {"date": "2020-06-30", "symbol": "RYAAY", "reportedCurrency": "EUR", "cik": "0001038683", "fillingDate": "2020-06-30", "acceptedDate": "2020-06-29 20:00:00", "calendarYear": "2021", "period": "Q1", "revenue": 125200000, "costOfRevenue": 136400000, "grossProfit": -11200000, "grossProfitRatio": -0.089456869, "researchAndDevelopmentExpenses": 0, "generalAndAdministrativeExpenses": 0, "sellingAndMarketingExpenses": 42400000, "sellingGeneralAndAdministrativeExpenses": 42400000, "otherExpenses": 147000000, "operatingExpenses": 189400000, "costAndExpenses": 325800000, "interestIncome": 0, "interestExpense": 9400000, "depreciationAndAmortization": 134000000, "ebitda": -53600000, "ebitdaratio": -0.428115016, "operatingIncome": -187600000, "operatingIncomeRatio": -1.4984025559, "totalOtherIncomeExpensesNet": -22400000, "incomeBeforeTax": -210000000, "incomeBeforeTaxRatio": -1.6773162939, "incomeTaxExpense": 24900000, "netIncome": -185100000, "netIncomeRatio": -1.4784345048, "eps": -0.85, "epsdiluted": -0.85, "weightedAverageShsOut": 108940000, "weightedAverageShsOutDil": 108940000, "link": "", "finalLink": ""}, {"date": "2020-03-31", "symbol": "RYAAY", "reportedCurrency": "EUR", "cik": "0001038683", "fillingDate": "2020-03-31", "acceptedDate": "2020-03-30 20:00:00", "calendarYear": "2020", "period": "Q4", "revenue": 1199100000, "costOfRevenue": 1131800000, "grossProfit": 67300000, "grossProfitRatio": 0.0561254274, "researchAndDevelopmentExpenses": 0, "generalAndAdministrativeExpenses": 0, "sellingAndMarketingExpenses": 142300000, "sellingGeneralAndAdministrativeExpenses": 142300000, "otherExpenses": 582200000, "operatingExpenses": 724500000, "costAndExpenses": 1856300000, "interestIncome": 13500000, "interestExpense": 34900000, "depreciationAndAmortization": 117800000, "ebitda": -134400000, "ebitdaratio": -0.112084063, "operatingIncome": -252200000, "operatingIncomeRatio": -0.21032441, "totalOtherIncomeExpensesNet": -418500000, "incomeBeforeTax": -670700000, "incomeBeforeTaxRatio": -0.5593361688, "incomeTaxExpense": 79000000, "netIncome": -591700000, "netIncomeRatio": -0.4934534234, "eps": -2.7, "epsdiluted": -2.7, "weightedAverageShsOut": 109580161, "weightedAverageShsOutDil": 109580000, "link": "", "finalLink": ""}, {"date": "2019-12-31", "symbol": "RYAAY", "reportedCurrency": "EUR", "cik": "0001038683", "fillingDate": "2019-12-31", "acceptedDate": "2019-12-30 19:00:00", "calendarYear": "2020", "period": "Q3", "revenue": 1906000000, "costOfRevenue": 1486900000, "grossProfit": 419100000, "grossProfitRatio": 0.219884575, "researchAndDevelopmentExpenses": 0, "generalAndAdministrativeExpenses": 0, "sellingAndMarketingExpenses": 137400000, "sellingGeneralAndAdministrativeExpenses": 137400000, "otherExpenses": 188800000, "operatingExpenses": 326200000, "costAndExpenses": 1813100000, "interestIncome": 0, "interestExpense": 11300000, "depreciationAndAmortization": 190400000, "ebitda": 281700000, "ebitdaratio": 0.1477964323, "operatingIncome": 91300000, "operatingIncomeRatio": 0.0479013641, "totalOtherIncomeExpensesNet": -9700000, "incomeBeforeTax": 81600000, "incomeBeforeTaxRatio": 0.0428121721, "incomeTaxExpense": 6200000, "netIncome": 87800000, "netIncomeRatio": 0.0460650577, "eps": 0.4, "epsdiluted": 0.39, "weightedAverageShsOut": 110960000, "weightedAverageShsOutDil": 111920000, "link": "", "finalLink": ""}, {"date": "2019-09-30", "symbol": "RYAAY", "reportedCurrency": "EUR", "cik": "0001038683", "fillingDate": "2019-09-30", "acceptedDate": "2019-09-29 20:00:00", "calendarYear": "2020", "period": "Q2", "revenue": 3077500000, "costOfRevenue": 1721800000, "grossProfit": 1355700000, "grossProfitRatio": 0.4405199025, "researchAndDevelopmentExpenses": 0, "generalAndAdministrativeExpenses": 0, "sellingAndMarketingExpenses": 154500000, "sellingGeneralAndAdministrativeExpenses": 154500000, "otherExpenses": 190500000, "operatingExpenses": 345000000, "costAndExpenses": 2066800000, "interestIncome": 0, "interestExpense": 13100000, "depreciationAndAmortization": 188300000, "ebitda": 1201300000, "ebitdaratio": 0.3903493095, "operatingIncome": 1013000000, "operatingIncomeRatio": 0.3291632819, "totalOtherIncomeExpensesNet": -15400000, "incomeBeforeTax": 997600000, "incomeBeforeTaxRatio": 0.3241592201, "incomeTaxExpense": 87400000, "netIncome": 910200000, "netIncomeRatio": 0.2957595451, "eps": 4.05, "epsdiluted": 4.05, "weightedAverageShsOut": 111830000, "weightedAverageShsOutDil": 112270000, "link": "", "finalLink": ""}, {"date": "2019-06-30", "symbol": "RYAAY", "reportedCurrency": "EUR", "cik": "0001038683", "fillingDate": "2019-06-30", "acceptedDate": "2019-06-29 20:00:00", "calendarYear": "2020", "period": "Q1", "revenue": 2312400000, "costOfRevenue": 1698900000, "grossProfit": 613500000, "grossProfitRatio": 0.2653087701, "researchAndDevelopmentExpenses": 0, "generalAndAdministrativeExpenses": 0, "sellingAndMarketingExpenses": 145500000, "sellingGeneralAndAdministrativeExpenses": 145500000, "otherExpenses": 192200000, "operatingExpenses": 337700000, "costAndExpenses": 2036600000, "interestIncome": 0, "interestExpense": 13500000, "depreciationAndAmortization": 192800000, "ebitda": 468000000, "ebitdaratio": 0.2023871303, "operatingIncome": 275200000, "operatingIncomeRatio": 0.1190105518, "totalOtherIncomeExpensesNet": -12900000, "incomeBeforeTax": 262300000, "incomeBeforeTaxRatio": 0.1134319322, "incomeTaxExpense": 19400000, "netIncome": 242900000, "netIncomeRatio": 0.1050423802, "eps": 1.05, "epsdiluted": 1.05, "weightedAverageShsOut": 113150000, "weightedAverageShsOutDil": 113710000, "link": "", "finalLink": ""}, {"date": "2019-03-31", "symbol": "RYAAY", "reportedCurrency": "EUR", "cik": "0001038683", "fillingDate": "2019-03-31", "acceptedDate": "2019-03-30 20:00:00", "calendarYear": "2019", "period": "Q4", "revenue": 1278000000, "costOfRevenue": 1221100000, "grossProfit": 56900000, "grossProfitRatio": 0.0445226917, "researchAndDevelopmentExpenses": 0, "generalAndAdministrativeExpenses": 0, "sellingAndMarketingExpenses": 119900000, "sellingGeneralAndAdministrativeExpenses": 119900000, "otherExpenses": 158700000, "operatingExpenses": 278600000, "costAndExpenses": 1499700000, "interestIncome": 10100000, "interestExpense": 13800000, "depreciationAndAmortization": 156700000, "ebitda": -63000000, "ebitdaratio": -0.0492957746, "operatingIncome": -219700000, "operatingIncomeRatio": -0.1719092332, "totalOtherIncomeExpensesNet": -12100000, "incomeBeforeTax": -231800000, "incomeBeforeTaxRatio": -0.1813771518, "incomeTaxExpense": 32200000, "netIncome": -199600000, "netIncomeRatio": -0.1561815336, "eps": -0.9, "epsdiluted": -0.9, "weightedAverageShsOut": 113370441, "weightedAverageShsOutDil": 113370000, "link": "", "finalLink": ""}, {"date": "2018-12-31", "symbol": "RYAAY", "reportedCurrency": "EUR", "cik": "0001038683", "fillingDate": "2018-12-31", "acceptedDate": "2018-12-30 19:00:00", "calendarYear": "2019", "period": "Q3", "revenue": 1581400000, "costOfRevenue": 1343200000, "grossProfit": 238200000, "grossProfitRatio": 0.1506260276, "researchAndDevelopmentExpenses": 0, "generalAndAdministrativeExpenses": 0, "sellingAndMarketingExpenses": 143500000, "sellingGeneralAndAdministrativeExpenses": 143500000, "otherExpenses": 164100000, "operatingExpenses": 307600000, "costAndExpenses": 1650800000, "interestIncome": 0, "interestExpense": 14200000, "depreciationAndAmortization": 164600000, "ebitda": 95200000, "ebitdaratio": 0.0601998229, "operatingIncome": -68000000, "operatingIncomeRatio": -0.0429998735, "totalOtherIncomeExpensesNet": -15600000, "incomeBeforeTax": -83600000, "incomeBeforeTaxRatio": -0.0528645504, "incomeTaxExpense": 17500000, "netIncome": -66100000, "netIncomeRatio": -0.0417984065, "eps": -0.29, "epsdiluted": -0.29, "weightedAverageShsOut": 114690000, "weightedAverageShsOutDil": 115530000, "link": "", "finalLink": ""}, {"date": "2018-09-30", "symbol": "RYAAY", "reportedCurrency": "EUR", "cik": "0001038683", "fillingDate": "2018-09-30", "acceptedDate": "2018-09-29 20:00:00", "calendarYear": "2019", "period": "Q2", "revenue": 2759100000, "costOfRevenue": 1507000000, "grossProfit": 1252100000, "grossProfitRatio": 0.453807401, "researchAndDevelopmentExpenses": 0, "generalAndAdministrativeExpenses": 0, "sellingAndMarketingExpenses": 154100000, "sellingGeneralAndAdministrativeExpenses": 154100000, "otherExpenses": 165500000, "operatingExpenses": 319600000, "costAndExpenses": 1826600000, "interestIncome": 0, "interestExpense": 14400000, "depreciationAndAmortization": 162000000, "ebitda": 1096000000, "ebitdaratio": 0.3972309811, "operatingIncome": 934000000, "operatingIncomeRatio": 0.3385161828, "totalOtherIncomeExpensesNet": -15900000, "incomeBeforeTax": 918100000, "incomeBeforeTaxRatio": 0.3327534341, "incomeTaxExpense": 76600000, "netIncome": 841500000, "netIncomeRatio": 0.3049907579, "eps": 3.65, "epsdiluted": 3.65, "weightedAverageShsOut": 114570000, "weightedAverageShsOutDil": 115410000, "link": "", "finalLink": ""}, {"date": "2018-06-30", "symbol": "RYAAY", "reportedCurrency": "EUR", "cik": "0001038683", "fillingDate": "2018-06-30", "acceptedDate": "2018-06-29 20:00:00", "calendarYear": "2019", "period": "Q1", "revenue": 2078900000, "costOfRevenue": 1421500000, "grossProfit": 657400000, "grossProfitRatio": 0.3162249266, "researchAndDevelopmentExpenses": 0, "generalAndAdministrativeExpenses": 0, "sellingAndMarketingExpenses": 129700000, "sellingGeneralAndAdministrativeExpenses": 129700000, "otherExpenses": 165600000, "operatingExpenses": 295300000, "costAndExpenses": 1716800000, "interestIncome": 0, "interestExpense": 16700000, "depreciationAndAmortization": 157200000, "ebitda": 527700000, "ebitdaratio": 0.2538361634, "operatingIncome": 370500000, "operatingIncomeRatio": 0.1782192506, "totalOtherIncomeExpensesNet": -25100000, "incomeBeforeTax": 345400000, "incomeBeforeTaxRatio": 0.1661455577, "incomeTaxExpense": 36200000, "netIncome": 309200000, "netIncomeRatio": 0.1487325028, "eps": 1.35, "epsdiluted": 1.3, "weightedAverageShsOut": 116160000, "weightedAverageShsOutDil": 117250000, "link": "", "finalLink": ""}, {"date": "2018-03-31", "symbol": "RYAAY", "reportedCurrency": "EUR", "cik": "0001038683", "fillingDate": "2018-03-31", "acceptedDate": "2018-03-30 20:00:00", "calendarYear": "2018", "period": "Q4", "revenue": 1320800000, "costOfRevenue": 1010200000, "grossProfit": 310600000, "grossProfitRatio": 0.2351605088, "researchAndDevelopmentExpenses": 0, "generalAndAdministrativeExpenses": 0, "sellingAndMarketingExpenses": 79900000, "sellingGeneralAndAdministrativeExpenses": 79900000, "otherExpenses": 165100000, "operatingExpenses": 245000000, "costAndExpenses": 1255200000, "interestIncome": 12900000, "interestExpense": 14900000, "depreciationAndAmortization": 140800000, "ebitda": 230700000, "ebitdaratio": 0.1746668686, "operatingIncome": 89900000, "operatingIncomeRatio": 0.0680648092, "totalOtherIncomeExpensesNet": -12200000, "incomeBeforeTax": 52700000, "incomeBeforeTaxRatio": 0.0399000606, "incomeTaxExpense": 600000, "netIncome": 52100000, "netIncomeRatio": 0.0394457904, "eps": 0.22, "epsdiluted": 0.22, "weightedAverageShsOut": 118998675, "weightedAverageShsOutDil": 119020000, "link": "", "finalLink": ""}, {"date": "2017-12-31", "symbol": "RYAAY", "reportedCurrency": "EUR", "cik": "0001038683", "fillingDate": "2017-12-31", "acceptedDate": "2017-12-30 19:00:00", "calendarYear": "2018", "period": "Q3", "revenue": 1404900000, "costOfRevenue": 1057100000, "grossProfit": 347800000, "grossProfitRatio": 0.2475621041, "researchAndDevelopmentExpenses": 0, "generalAndAdministrativeExpenses": 0, "sellingAndMarketingExpenses": 81700000, "sellingGeneralAndAdministrativeExpenses": 81700000, "otherExpenses": 139600000, "operatingExpenses": 221300000, "costAndExpenses": 1278400000, "interestIncome": 0, "interestExpense": 13600000, "depreciationAndAmortization": 140100000, "ebitda": 266100000, "ebitdaratio": 0.1894084988, "operatingIncome": 126000000, "operatingIncomeRatio": 0.0896860987, "totalOtherIncomeExpensesNet": -13100000, "incomeBeforeTax": 112900000, "incomeBeforeTaxRatio": 0.0803615916, "incomeTaxExpense": 7300000, "netIncome": 105600000, "netIncomeRatio": 0.0751654922, "eps": 0.45, "epsdiluted": 0.44, "weightedAverageShsOut": 118290000, "weightedAverageShsOutDil": 119310000, "link": "", "finalLink": ""}, {"date": "2017-09-30", "symbol": "RYAAY", "reportedCurrency": "EUR", "cik": "0001038683", "fillingDate": "2017-09-30", "acceptedDate": "2017-09-29 20:00:00", "calendarYear": "2018", "period": "Q2", "revenue": 2515000000, "costOfRevenue": 1234500000, "grossProfit": 1280500000, "grossProfitRatio": 0.5091451292, "researchAndDevelopmentExpenses": 0, "generalAndAdministrativeExpenses": 0, "sellingAndMarketingExpenses": 123200000, "sellingGeneralAndAdministrativeExpenses": 123200000, "otherExpenses": 140900000, "operatingExpenses": 264100000, "costAndExpenses": 1498600000, "interestIncome": 14400000, "interestExpense": 14400000, "depreciationAndAmortization": 141100000, "ebitda": 1157300000, "ebitdaratio": 0.4601590457, "operatingIncome": 1016200000, "operatingIncomeRatio": 0.404055666, "totalOtherIncomeExpensesNet": -14200000, "incomeBeforeTax": 1002000000, "incomeBeforeTaxRatio": 0.3984095427, "incomeTaxExpense": 106600000, "netIncome": 895400000, "netIncomeRatio": 0.3560238569, "eps": 3.75, "epsdiluted": 3.7, "weightedAverageShsOut": 119540000, "weightedAverageShsOutDil": 120640000, "link": "", "finalLink": ""}, {"date": "2017-06-30", "symbol": "RYAAY", "reportedCurrency": "EUR", "cik": "0001038683", "fillingDate": "2017-06-30", "acceptedDate": "2017-06-29 20:00:00", "calendarYear": "2018", "period": "Q1", "revenue": 1910300000, "costOfRevenue": 1210500000, "grossProfit": 699800000, "grossProfitRatio": 0.3663298958, "researchAndDevelopmentExpenses": 0, "generalAndAdministrativeExpenses": 0, "sellingAndMarketingExpenses": 100600000, "sellingGeneralAndAdministrativeExpenses": 100600000, "otherExpenses": 138300000, "operatingExpenses": 238900000, "costAndExpenses": 1449400000, "interestIncome": 17200000, "interestExpense": 17200000, "depreciationAndAmortization": 139000000, "ebitda": 599200000, "ebitdaratio": 0.3136680103, "operatingIncome": 460200000, "operatingIncomeRatio": 0.24090457, "totalOtherIncomeExpensesNet": -16500000, "incomeBeforeTax": 443700000, "incomeBeforeTaxRatio": 0.2322671832, "incomeTaxExpense": 46600000, "netIncome": 397100000, "netIncomeRatio": 0.2078731089, "eps": 1.65, "epsdiluted": 1.6, "weightedAverageShsOut": 121600000, "weightedAverageShsOutDil": 122640000, "link": "", "finalLink": ""}, {"date": "2017-03-31", "symbol": "RYAAY", "reportedCurrency": "EUR", "cik": "0001038683", "fillingDate": "2017-03-31", "acceptedDate": "2017-03-30 20:00:00", "calendarYear": "2017", "period": "Q4", "revenue": 1171300000, "costOfRevenue": 908900000, "grossProfit": 262400000, "grossProfitRatio": 0.2240245881, "researchAndDevelopmentExpenses": 0, "generalAndAdministrativeExpenses": 0, "sellingAndMarketingExpenses": 72900000, "sellingGeneralAndAdministrativeExpenses": 72900000, "otherExpenses": 121600000, "operatingExpenses": 194500000, "costAndExpenses": 1103400000, "interestIncome": 700000, "interestExpense": 13400000, "depreciationAndAmortization": 122800000, "ebitda": 189500000, "ebitdaratio": 0.1617860497, "operatingIncome": 66700000, "operatingIncomeRatio": 0.0569452745, "totalOtherIncomeExpensesNet": -11500000, "incomeBeforeTax": 55200000, "incomeBeforeTaxRatio": 0.0471271237, "incomeTaxExpense": 1600000, "netIncome": 53600000, "netIncomeRatio": 0.0457611201, "eps": 0.22, "epsdiluted": 0.22, "weightedAverageShsOut": 123218390, "weightedAverageShsOutDil": 123050000, "link": "", "finalLink": ""}, {"date": "2016-12-31", "symbol": "RYAAY", "reportedCurrency": "EUR", "cik": "0001038683", "fillingDate": "2016-12-31", "acceptedDate": "2016-12-30 19:00:00", "calendarYear": "2017", "period": "Q3", "revenue": 1345000000, "costOfRevenue": 1026300000, "grossProfit": 318700000, "grossProfitRatio": 0.2369516729, "researchAndDevelopmentExpenses": 0, "generalAndAdministrativeExpenses": 0, "sellingAndMarketingExpenses": 77100000, "sellingGeneralAndAdministrativeExpenses": 77100000, "otherExpenses": 122500000, "operatingExpenses": 199600000, "costAndExpenses": 1225900000, "interestIncome": 12900000, "interestExpense": 12900000, "depreciationAndAmortization": 122800000, "ebitda": 241600000, "ebitdaratio": 0.1796282528, "operatingIncome": 118800000, "operatingIncomeRatio": 0.0883271375, "totalOtherIncomeExpensesNet": -12600000, "incomeBeforeTax": 106200000, "incomeBeforeTaxRatio": 0.0789591078, "incomeTaxExpense": 11500000, "netIncome": 94700000, "netIncomeRatio": 0.0704089219, "eps": 0.38, "epsdiluted": 0.38, "weightedAverageShsOut": 124630000, "weightedAverageShsOutDil": 125420000, "link": "", "finalLink": ""}, {"date": "2016-09-30", "symbol": "RYAAY", "reportedCurrency": "EUR", "cik": "0001038683", "fillingDate": "2016-09-30", "acceptedDate": "2016-09-29 20:00:00", "calendarYear": "2017", "period": "Q2", "revenue": 2444100000, "costOfRevenue": 1191400000, "grossProfit": 1252700000, "grossProfitRatio": 0.5125404034, "researchAndDevelopmentExpenses": 0, "generalAndAdministrativeExpenses": 0, "sellingAndMarketingExpenses": 84700000, "sellingGeneralAndAdministrativeExpenses": 84700000, "otherExpenses": 127900000, "operatingExpenses": 212600000, "costAndExpenses": 1404000000, "interestIncome": 1200000, "interestExpense": 18900000, "depreciationAndAmortization": 126300000, "ebitda": 1168000000, "ebitdaratio": 0.4778855202, "operatingIncome": 1041700000, "operatingIncomeRatio": 0.4262100569, "totalOtherIncomeExpensesNet": -19300000, "incomeBeforeTax": 1022400000, "incomeBeforeTaxRatio": 0.4183134896, "incomeTaxExpense": 110300000, "netIncome": 912100000, "netIncomeRatio": 0.3731844033, "eps": 3.65, "epsdiluted": 3.6, "weightedAverageShsOut": 125430000, "weightedAverageShsOutDil": 126090000, "link": "", "finalLink": ""}, {"date": "2016-06-30", "symbol": "RYAAY", "reportedCurrency": "EUR", "cik": "0001038683", "fillingDate": "2016-06-30", "acceptedDate": "2016-06-29 20:00:00", "calendarYear": "2017", "period": "Q1", "revenue": 1687400000, "costOfRevenue": 1167400000, "grossProfit": 520000000, "grossProfitRatio": 0.3081664099, "researchAndDevelopmentExpenses": 0, "generalAndAdministrativeExpenses": 0, "sellingAndMarketingExpenses": 87600000, "sellingGeneralAndAdministrativeExpenses": 87600000, "otherExpenses": 126200000, "operatingExpenses": 213800000, "costAndExpenses": 1381200000, "interestIncome": 19700000, "interestExpense": 21000000, "depreciationAndAmortization": 125600000, "ebitda": 432400000, "ebitdaratio": 0.2562522224, "operatingIncome": 306800000, "operatingIncomeRatio": 0.1818181818, "totalOtherIncomeExpensesNet": -20300000, "incomeBeforeTax": 286500000, "incomeBeforeTaxRatio": 0.1697878393, "incomeTaxExpense": 31000000, "netIncome": 255500000, "netIncomeRatio": 0.1514163802, "eps": 1, "epsdiluted": 1, "weightedAverageShsOut": 127680000, "weightedAverageShsOutDil": 128420000, "link": "", "finalLink": ""}, {"date": "2016-03-31", "symbol": "RYAAY", "reportedCurrency": "EUR", "cik": "0001038683", "fillingDate": "2016-03-31", "acceptedDate": "2016-03-30 20:00:00", "calendarYear": "2016", "period": "Q4", "revenue": 1166200000, "costOfRevenue": 911000000, "grossProfit": 255200000, "grossProfitRatio": 0.2188303893, "researchAndDevelopmentExpenses": 0, "generalAndAdministrativeExpenses": 0, "sellingAndMarketingExpenses": 74500000, "sellingGeneralAndAdministrativeExpenses": 74500000, "otherExpenses": 109400000, "operatingExpenses": 183900000, "costAndExpenses": 1094900000, "interestIncome": 17000000, "interestExpense": 18800000, "depreciationAndAmortization": 107300000, "ebitda": 180700000, "ebitdaratio": 0.1549476934, "operatingIncome": 73400000, "operatingIncomeRatio": 0.0629394615, "totalOtherIncomeExpensesNet": -19300000, "incomeBeforeTax": 54300000, "incomeBeforeTaxRatio": 0.0465614817, "incomeTaxExpense": 3600000, "netIncome": 50700000, "netIncomeRatio": 0.0434745327, "eps": 0.19, "epsdiluted": 0.19, "weightedAverageShsOut": 131801284, "weightedAverageShsOutDil": 131900000, "link": "", "finalLink": ""}, {"date": "2015-12-31", "symbol": "RYAAY", "reportedCurrency": "EUR", "cik": "0001038683", "fillingDate": "2015-12-31", "acceptedDate": "2015-12-30 19:00:00", "calendarYear": "2016", "period": "Q3", "revenue": 1329500000, "costOfRevenue": 1029400000, "grossProfit": 300100000, "grossProfitRatio": 0.2257239564, "researchAndDevelopmentExpenses": 0, "generalAndAdministrativeExpenses": 0, "sellingAndMarketingExpenses": 69200000, "sellingGeneralAndAdministrativeExpenses": 69200000, "otherExpenses": 104600000, "operatingExpenses": 173800000, "costAndExpenses": 1203200000, "interestIncome": 15200000, "interestExpense": 17500000, "depreciationAndAmortization": 104900000, "ebitda": 230900000, "ebitdaratio": 0.1736743137, "operatingIncome": 126000000, "operatingIncomeRatio": 0.0947724709, "totalOtherIncomeExpensesNet": -14900000, "incomeBeforeTax": 111100000, "incomeBeforeTaxRatio": 0.0835652501, "incomeTaxExpense": 8400000, "netIncome": 102700000, "netIncomeRatio": 0.0772470854, "eps": 0.39, "epsdiluted": 0.38, "weightedAverageShsOut": 132920000, "weightedAverageShsOutDil": 133730000, "link": "", "finalLink": ""}, {"date": "2015-09-30", "symbol": "RYAAY", "reportedCurrency": "EUR", "cik": "0001038683", "fillingDate": "2015-09-30", "acceptedDate": "2015-09-29 20:00:00", "calendarYear": "2016", "period": "Q2", "revenue": 2387400000, "costOfRevenue": 1232400000, "grossProfit": 1155000000, "grossProfitRatio": 0.483789897, "researchAndDevelopmentExpenses": 0, "generalAndAdministrativeExpenses": 0, "sellingAndMarketingExpenses": 74000000, "sellingGeneralAndAdministrativeExpenses": 74000000, "otherExpenses": 63800000, "operatingExpenses": 137800000, "costAndExpenses": 1370200000, "interestIncome": 14100000, "interestExpense": 17500000, "depreciationAndAmortization": 108900000, "ebitda": 1081000000, "ebitdaratio": 0.4527938343, "operatingIncome": 972100000, "operatingIncomeRatio": 0.4071793583, "totalOtherIncomeExpensesNet": 306600000, "incomeBeforeTax": 1278700000, "incomeBeforeTaxRatio": 0.5356035855, "incomeTaxExpense": 118100000, "netIncome": 1160600000, "netIncomeRatio": 0.4861355449, "eps": 4.4, "epsdiluted": 4.35, "weightedAverageShsOut": 135510000, "weightedAverageShsOutDil": 136290000, "link": "", "finalLink": ""}, {"date": "2015-06-30", "symbol": "RYAAY", "reportedCurrency": "EUR", "cik": "0001038683", "fillingDate": "2015-06-30", "acceptedDate": "2015-06-29 20:00:00", "calendarYear": "2016", "period": "Q1", "revenue": 1652700000, "costOfRevenue": 1183100000, "grossProfit": 469600000, "grossProfitRatio": 0.2841411024, "researchAndDevelopmentExpenses": 0, "generalAndAdministrativeExpenses": 0, "sellingAndMarketingExpenses": 75000000, "sellingGeneralAndAdministrativeExpenses": 75000000, "otherExpenses": 110100000, "operatingExpenses": 185100000, "costAndExpenses": 1368200000, "interestIncome": 6700000, "interestExpense": 17300000, "depreciationAndAmortization": 106200000, "ebitda": 394600000, "ebitdaratio": 0.2387608156, "operatingIncome": 288400000, "operatingIncomeRatio": 0.1745023295, "totalOtherIncomeExpensesNet": -10600000, "incomeBeforeTax": 277800000, "incomeBeforeTaxRatio": 0.1680885823, "incomeTaxExpense": 32700000, "netIncome": 245100000, "netIncomeRatio": 0.1483027773, "eps": 0.9, "epsdiluted": 0.9, "weightedAverageShsOut": 136900000, "weightedAverageShsOutDil": 137590000, "link": "", "finalLink": ""}, {"date": "2015-03-31", "symbol": "RYAAY", "reportedCurrency": "EUR", "cik": "0001038683", "fillingDate": "2015-03-31", "acceptedDate": "2015-03-30 20:00:00", "calendarYear": "2015", "period": "Q4", "revenue": 984400000, "costOfRevenue": 803200000, "grossProfit": 181200000, "grossProfitRatio": 0.1840715156, "researchAndDevelopmentExpenses": 0, "generalAndAdministrativeExpenses": 0, "sellingAndMarketingExpenses": 53400000, "sellingGeneralAndAdministrativeExpenses": 53400000, "otherExpenses": 93800000, "operatingExpenses": 147200000, "costAndExpenses": 950400000, "interestIncome": 13400000, "interestExpense": 16500000, "depreciationAndAmortization": 90000000, "ebitda": 127800000, "ebitdaratio": 0.1298252743, "operatingIncome": 37800000, "operatingIncomeRatio": 0.0383990248, "totalOtherIncomeExpensesNet": -17300000, "incomeBeforeTax": 20600000, "incomeBeforeTaxRatio": 0.0209264527, "incomeTaxExpense": 2200000, "netIncome": 22800000, "netIncomeRatio": 0.0231613165, "eps": 0.0845, "epsdiluted": 0.0835, "weightedAverageShsOut": 136674259, "weightedAverageShsOutDil": 135349500, "link": "", "finalLink": ""}, {"date": "2014-12-31", "symbol": "RYAAY", "reportedCurrency": "EUR", "cik": "0001038683", "fillingDate": "2014-12-31", "acceptedDate": "2014-12-30 19:00:00", "calendarYear": "2015", "period": "Q3", "revenue": 1132200000, "costOfRevenue": 911400000, "grossProfit": 220800000, "grossProfitRatio": 0.195018548, "researchAndDevelopmentExpenses": 0, "generalAndAdministrativeExpenses": 0, "sellingAndMarketingExpenses": 56600000, "sellingGeneralAndAdministrativeExpenses": 56600000, "otherExpenses": 92100000, "operatingExpenses": 148700000, "costAndExpenses": 1060100000, "interestIncome": 17800000, "interestExpense": 19900000, "depreciationAndAmortization": 92600000, "ebitda": 164200000, "ebitdaratio": 0.1450273803, "operatingIncome": 71600000, "operatingIncomeRatio": 0.0632397103, "totalOtherIncomeExpensesNet": -17300000, "incomeBeforeTax": 54300000, "incomeBeforeTaxRatio": 0.0479597244, "incomeTaxExpense": 5400000, "netIncome": 48900000, "netIncomeRatio": 0.0431902491, "eps": 0.18, "epsdiluted": 0.18, "weightedAverageShsOut": 138590000, "weightedAverageShsOutDil": 138910000, "link": "", "finalLink": ""}, {"date": "2014-09-30", "symbol": "RYAAY", "reportedCurrency": "EUR", "cik": "0001038683", "fillingDate": "2014-09-30", "acceptedDate": "2014-09-29 20:00:00", "calendarYear": "2015", "period": "Q2", "revenue": 2041700000, "costOfRevenue": 1177400000, "grossProfit": 864300000, "grossProfitRatio": 0.4233237008, "researchAndDevelopmentExpenses": 0, "generalAndAdministrativeExpenses": 0, "sellingAndMarketingExpenses": 64300000, "sellingGeneralAndAdministrativeExpenses": 64300000, "otherExpenses": 101000000, "operatingExpenses": 165300000, "costAndExpenses": 1342700000, "interestIncome": 15100000, "interestExpense": 18800000, "depreciationAndAmortization": 98400000, "ebitda": 800000000, "ebitdaratio": 0.3918303375, "operatingIncome": 701600000, "operatingIncomeRatio": 0.343635206, "totalOtherIncomeExpensesNet": -17700000, "incomeBeforeTax": 683900000, "incomeBeforeTaxRatio": 0.3349659597, "incomeTaxExpense": 85700000, "netIncome": 598200000, "netIncomeRatio": 0.2929911348, "eps": 2.2, "epsdiluted": 2.2, "weightedAverageShsOut": 138440000, "weightedAverageShsOutDil": 138810000, "link": "", "finalLink": ""}, {"date": "2014-06-30", "symbol": "RYAAY", "reportedCurrency": "EUR", "cik": "0001038683", "fillingDate": "2014-06-30", "acceptedDate": "2014-06-29 20:00:00", "calendarYear": "2015", "period": "Q1", "revenue": 1495700000, "costOfRevenue": 1107600000, "grossProfit": 388100000, "grossProfitRatio": 0.2594771679, "researchAndDevelopmentExpenses": 0, "generalAndAdministrativeExpenses": 0, "sellingAndMarketingExpenses": 59600000, "sellingGeneralAndAdministrativeExpenses": 59600000, "otherExpenses": 95000000, "operatingExpenses": 154600000, "costAndExpenses": 1262200000, "interestIncome": 9900000, "interestExpense": 19000000, "depreciationAndAmortization": 96700000, "ebitda": 328500000, "ebitdaratio": 0.2196296049, "operatingIncome": 231800000, "operatingIncomeRatio": 0.1549776025, "totalOtherIncomeExpensesNet": -8200000, "incomeBeforeTax": 223600000, "incomeBeforeTaxRatio": 0.1494952196, "incomeTaxExpense": 26800000, "netIncome": 196800000, "netIncomeRatio": 0.1315771879, "eps": 0.75, "epsdiluted": 0.75, "weightedAverageShsOut": 134891250, "weightedAverageShsOutDil": 135300750, "link": "", "finalLink": ""}, {"date": "2014-03-31", "symbol": "RYAAY", "reportedCurrency": "EUR", "cik": "0001038683", "fillingDate": "2014-03-31", "acceptedDate": "2014-03-30 20:00:00", "calendarYear": "2014", "period": "Q4", "revenue": 817500000, "costOfRevenue": 720800000, "grossProfit": 96700000, "grossProfitRatio": 0.1182874618, "researchAndDevelopmentExpenses": 0, "generalAndAdministrativeExpenses": 0, "sellingAndMarketingExpenses": 45400000, "sellingGeneralAndAdministrativeExpenses": 45400000, "otherExpenses": 87000000, "operatingExpenses": 132400000, "costAndExpenses": 853200000, "interestIncome": 16500000, "interestExpense": 19700000, "depreciationAndAmortization": 84100000, "ebitda": 51600000, "ebitdaratio": 0.0631192661, "operatingIncome": -32800000, "operatingIncomeRatio": -0.0401223242, "totalOtherIncomeExpensesNet": -16600000, "incomeBeforeTax": -52200000, "incomeBeforeTaxRatio": -0.063853211, "incomeTaxExpense": 8300000, "netIncome": -43900000, "netIncomeRatio": -0.0537003058, "eps": -0.16, "epsdiluted": -0.16, "weightedAverageShsOut": 134931612, "weightedAverageShsOutDil": 135144750, "link": "", "finalLink": ""}, {"date": "2013-12-31", "symbol": "RYAAY", "reportedCurrency": "EUR", "cik": "0001038683", "fillingDate": "2013-12-31", "acceptedDate": "2013-12-30 19:00:00", "calendarYear": "2014", "period": "Q3", "revenue": 964400000, "costOfRevenue": 858000000, "grossProfit": 106400000, "grossProfitRatio": 0.1103276649, "researchAndDevelopmentExpenses": 0, "generalAndAdministrativeExpenses": 0, "sellingAndMarketingExpenses": 44000000, "sellingGeneralAndAdministrativeExpenses": 44000000, "otherExpenses": 85800000, "operatingExpenses": 129800000, "costAndExpenses": 987800000, "interestIncome": 18400000, "interestExpense": 20800000, "depreciationAndAmortization": 85400000, "ebitda": 64400000, "ebitdaratio": 0.0667772708, "operatingIncome": -23000000, "operatingIncomeRatio": -0.0238490253, "totalOtherIncomeExpensesNet": -18800000, "incomeBeforeTax": -41800000, "incomeBeforeTaxRatio": -0.0433430112, "incomeTaxExpense": 6600000, "netIncome": -35200000, "netIncomeRatio": -0.0364993779, "eps": -0.13, "epsdiluted": -0.13, "weightedAverageShsOut": 137211750, "weightedAverageShsOutDil": 137211750, "link": "", "finalLink": ""}, {"date": "2013-09-30", "symbol": "RYAAY", "reportedCurrency": "EUR", "cik": "0001038683", "fillingDate": "2013-09-30", "acceptedDate": "2013-09-29 20:00:00", "calendarYear": "2014", "period": "Q2", "revenue": 1912600000, "costOfRevenue": 1157200000, "grossProfit": 755400000, "grossProfitRatio": 0.3949597407, "researchAndDevelopmentExpenses": 0, "generalAndAdministrativeExpenses": 0, "sellingAndMarketingExpenses": 49700000, "sellingGeneralAndAdministrativeExpenses": 49700000, "otherExpenses": 90500000, "operatingExpenses": 140200000, "costAndExpenses": 1297400000, "interestIncome": 18300000, "interestExpense": 21000000, "depreciationAndAmortization": 91800000, "ebitda": 705700000, "ebitdaratio": 0.3689741713, "operatingIncome": 613900000, "operatingIncomeRatio": 0.320976681, "totalOtherIncomeExpensesNet": -17000000, "incomeBeforeTax": 596900000, "incomeBeforeTaxRatio": 0.3120882568, "incomeTaxExpense": 73100000, "netIncome": 523800000, "netIncomeRatio": 0.273868033, "eps": 1.9, "epsdiluted": 1.9, "weightedAverageShsOut": 138781500, "weightedAverageShsOutDil": 139395750, "link": "", "finalLink": ""}, {"date": "2013-06-30", "symbol": "RYAAY", "reportedCurrency": "EUR", "cik": "0001038683", "fillingDate": "2013-06-30", "acceptedDate": "2013-06-29 20:00:00", "calendarYear": "2014", "period": "Q1", "revenue": 1342200000, "costOfRevenue": 1098400000, "grossProfit": 243800000, "grossProfitRatio": 0.1816420802, "researchAndDevelopmentExpenses": 0, "generalAndAdministrativeExpenses": 0, "sellingAndMarketingExpenses": 53700000, "sellingGeneralAndAdministrativeExpenses": 53700000, "otherExpenses": 89000000, "operatingExpenses": 142700000, "costAndExpenses": 1241100000, "interestIncome": 12600000, "interestExpense": 21700000, "depreciationAndAmortization": 90500000, "ebitda": 190100000, "ebitdaratio": 0.1416331396, "operatingIncome": 99600000, "operatingIncomeRatio": 0.0742065266, "totalOtherIncomeExpensesNet": -14800000, "incomeBeforeTax": 88500000, "incomeBeforeTaxRatio": 0.0659365221, "incomeTaxExpense": 10400000, "netIncome": 78100000, "netIncomeRatio": 0.0581880495, "eps": 0.28, "epsdiluted": 0.28, "weightedAverageShsOut": 140448750, "weightedAverageShsOutDil": 141043500, "link": "", "finalLink": ""}, {"date": "2013-03-31", "symbol": "RYAAY", "reportedCurrency": "EUR", "cik": "0001038683", "fillingDate": "2013-03-31", "acceptedDate": "2013-03-30 20:00:00", "calendarYear": "2013", "period": "Q4", "revenue": 809100000, "costOfRevenue": 720500000, "grossProfit": 88600000, "grossProfitRatio": 0.1095043876, "researchAndDevelopmentExpenses": 0, "generalAndAdministrativeExpenses": 0, "sellingAndMarketingExpenses": 37300000, "sellingGeneralAndAdministrativeExpenses": 37300000, "otherExpenses": 79800000, "operatingExpenses": 117100000, "costAndExpenses": 837600000, "interestIncome": 19200000, "interestExpense": 22500000, "depreciationAndAmortization": 80600000, "ebitda": 51300000, "ebitdaratio": 0.063403782, "operatingIncome": -29300000, "operatingIncomeRatio": -0.0362130763, "totalOtherIncomeExpensesNet": -18600000, "incomeBeforeTax": -47700000, "incomeBeforeTaxRatio": -0.0589543938, "incomeTaxExpense": 3300000, "netIncome": -44400000, "netIncomeRatio": -0.0548757879, "eps": -0.16, "epsdiluted": -0.16, "weightedAverageShsOut": 141055373, "weightedAverageShsOutDil": 141053250, "link": "", "finalLink": ""}, {"date": "2012-12-31", "symbol": "RYAAY", "reportedCurrency": "EUR", "cik": "0001038683", "fillingDate": "2012-12-31", "acceptedDate": "2012-12-30 19:00:00", "calendarYear": "2013", "period": "Q3", "revenue": 968800000, "costOfRevenue": 888700000, "grossProfit": 80100000, "grossProfitRatio": 0.0826796036, "researchAndDevelopmentExpenses": 0, "generalAndAdministrativeExpenses": 0, "sellingAndMarketingExpenses": 45500000, "sellingGeneralAndAdministrativeExpenses": 45500000, "otherExpenses": 0, "operatingExpenses": 45500000, "costAndExpenses": 934200000, "interestIncome": 4800000, "interestExpense": 24000000, "depreciationAndAmortization": 79100000, "ebitda": 122400000, "ebitdaratio": 0.1263418662, "operatingIncome": 34600000, "operatingIncomeRatio": 0.0357142857, "totalOtherIncomeExpensesNet": -15300000, "incomeBeforeTax": 19300000, "incomeBeforeTaxRatio": 0.0199215524, "incomeTaxExpense": 1200000, "netIncome": 18100000, "netIncomeRatio": 0.0186829067, "eps": 0.064, "epsdiluted": 0.064, "weightedAverageShsOut": 140790000, "weightedAverageShsOutDil": 141209250, "link": "", "finalLink": ""}, {"date": "2012-09-30", "symbol": "RYAAY", "reportedCurrency": "EUR", "cik": "0001038683", "fillingDate": "2012-09-30", "acceptedDate": "2012-09-29 20:00:00", "calendarYear": "2013", "period": "Q2", "revenue": 1822200000, "costOfRevenue": 1178000000, "grossProfit": 644200000, "grossProfitRatio": 0.3535287016, "researchAndDevelopmentExpenses": 0, "generalAndAdministrativeExpenses": 0, "sellingAndMarketingExpenses": 63500000, "sellingGeneralAndAdministrativeExpenses": 63500000, "otherExpenses": 0, "operatingExpenses": 63500000, "costAndExpenses": 1241500000, "interestIncome": 11800000, "interestExpense": 26400000, "depreciationAndAmortization": 85100000, "ebitda": 678300000, "ebitdaratio": 0.3722423444, "operatingIncome": 580700000, "operatingIncomeRatio": 0.3186807156, "totalOtherIncomeExpensesNet": -13900000, "incomeBeforeTax": 566800000, "incomeBeforeTaxRatio": 0.3110525738, "incomeTaxExpense": 70000000, "netIncome": 496800000, "netIncomeRatio": 0.2726374712, "eps": 1.75, "epsdiluted": 1.75, "weightedAverageShsOut": 140478000, "weightedAverageShsOutDil": 140955750, "link": "", "finalLink": ""}, {"date": "2012-06-30", "symbol": "RYAAY", "reportedCurrency": "EUR", "cik": "0001038683", "fillingDate": "2012-06-30", "acceptedDate": "2012-06-29 20:00:00", "calendarYear": "2013", "period": "Q1", "revenue": 1283900000, "costOfRevenue": 1100300000, "grossProfit": 183600000, "grossProfitRatio": 0.1430017914, "researchAndDevelopmentExpenses": 0, "generalAndAdministrativeExpenses": 0, "sellingAndMarketingExpenses": 51600000, "sellingGeneralAndAdministrativeExpenses": 51600000, "otherExpenses": 0, "operatingExpenses": 51600000, "costAndExpenses": 1151900000, "interestIncome": 7700000, "interestExpense": 26400000, "depreciationAndAmortization": 84800000, "ebitda": 223700000, "ebitdaratio": 0.1742347535, "operatingIncome": 132000000, "operatingIncomeRatio": 0.1028117455, "totalOtherIncomeExpensesNet": -19500000, "incomeBeforeTax": 112500000, "incomeBeforeTaxRatio": 0.0876236467, "incomeTaxExpense": 13700000, "netIncome": 98800000, "netIncomeRatio": 0.0769530337, "eps": 0.35, "epsdiluted": 0.35, "weightedAverageShsOut": 140468250, "weightedAverageShsOutDil": 140955750, "link": "", "finalLink": ""}, {"date": "2012-03-31", "symbol": "RYAAY", "reportedCurrency": "EUR", "cik": "0001038683", "fillingDate": "2012-03-31", "acceptedDate": "2012-03-30 20:00:00", "calendarYear": "2012", "period": "Q4", "revenue": 833400000, "costOfRevenue": 1314000000, "grossProfit": -480600000, "grossProfitRatio": -0.5766738661, "researchAndDevelopmentExpenses": 0, "generalAndAdministrativeExpenses": 20000000, "sellingAndMarketingExpenses": 42900000, "sellingGeneralAndAdministrativeExpenses": 62900000, "otherExpenses": -546800000, "operatingExpenses": -483900000, "costAndExpenses": 830100000, "interestIncome": 10400000, "interestExpense": 26700000, "depreciationAndAmortization": 77200000, "ebitda": 101900000, "ebitdaratio": 0.1222702184, "operatingIncome": 3300000, "operatingIncomeRatio": 0.0039596832, "totalOtherIncomeExpensesNet": -5400000, "incomeBeforeTax": -2100000, "incomeBeforeTaxRatio": -0.0025197984, "incomeTaxExpense": -4100000, "netIncome": 2000000, "netIncomeRatio": 0.002399808, "eps": 0.007, "epsdiluted": 0.007, "weightedAverageShsOut": 143685750, "weightedAverageShsOutDil": 143685750, "link": "", "finalLink": ""}, {"date": "2011-12-31", "symbol": "RYAAY", "reportedCurrency": "EUR", "cik": "0001038683", "fillingDate": "2011-12-31", "acceptedDate": "2011-12-30 19:00:00", "calendarYear": "2012", "period": "Q3", "revenue": 844400000, "costOfRevenue": 605400000, "grossProfit": 239000000, "grossProfitRatio": 0.2830412127, "researchAndDevelopmentExpenses": 0, "generalAndAdministrativeExpenses": 0, "sellingAndMarketingExpenses": 41100000, "sellingGeneralAndAdministrativeExpenses": 41100000, "otherExpenses": 168500000, "operatingExpenses": 209600000, "costAndExpenses": 815000000, "interestIncome": 12000000, "interestExpense": 27700000, "depreciationAndAmortization": 76200000, "ebitda": 119400000, "ebitdaratio": 0.1414021791, "operatingIncome": 29400000, "operatingIncomeRatio": 0.034817622, "totalOtherIncomeExpensesNet": -13900000, "incomeBeforeTax": 15500000, "incomeBeforeTaxRatio": 0.0183562293, "incomeTaxExpense": 600000, "netIncome": 14900000, "netIncomeRatio": 0.0176456656, "eps": 0.0525, "epsdiluted": 0.0525, "weightedAverageShsOut": 142759500, "weightedAverageShsOutDil": 143061750, "link": "", "finalLink": ""}, {"date": "2011-09-30", "symbol": "RYAAY", "reportedCurrency": "EUR", "cik": "0001038683", "fillingDate": "2011-09-30", "acceptedDate": "2011-09-29 20:00:00", "calendarYear": "2012", "period": "Q2", "revenue": 1557000000, "costOfRevenue": 830500000, "grossProfit": 726500000, "grossProfitRatio": 0.4666024406, "researchAndDevelopmentExpenses": 0, "generalAndAdministrativeExpenses": 0, "sellingAndMarketingExpenses": 52800000, "sellingGeneralAndAdministrativeExpenses": 52800000, "otherExpenses": 193100000, "operatingExpenses": 245900000, "costAndExpenses": 1076400000, "interestIncome": 12200000, "interestExpense": 27800000, "depreciationAndAmortization": 77900000, "ebitda": 568700000, "ebitdaratio": 0.365253693, "operatingIncome": 480600000, "operatingIncomeRatio": 0.3086705202, "totalOtherIncomeExpensesNet": -17600000, "incomeBeforeTax": 463000000, "incomeBeforeTaxRatio": 0.2973667309, "incomeTaxExpense": 58800000, "netIncome": 404200000, "netIncomeRatio": 0.2596017983, "eps": 1.4, "epsdiluted": 1.4, "weightedAverageShsOut": 144134250, "weightedAverageShsOutDil": 144319500, "link": "", "finalLink": ""}, {"date": "2011-06-30", "symbol": "RYAAY", "reportedCurrency": "EUR", "cik": "0001038683", "fillingDate": "2011-06-30", "acceptedDate": "2011-06-29 20:00:00", "calendarYear": "2012", "period": "Q1", "revenue": 1155400000, "costOfRevenue": 757100000, "grossProfit": 398300000, "grossProfitRatio": 0.3447290981, "researchAndDevelopmentExpenses": 0, "generalAndAdministrativeExpenses": 0, "sellingAndMarketingExpenses": 43200000, "sellingGeneralAndAdministrativeExpenses": 43200000, "otherExpenses": 185200000, "operatingExpenses": 228400000, "costAndExpenses": 985500000, "interestIncome": 9700000, "interestExpense": 27000000, "depreciationAndAmortization": 77900000, "ebitda": 261500000, "ebitdaratio": 0.2263285442, "operatingIncome": 169900000, "operatingIncomeRatio": 0.1470486412, "totalOtherIncomeExpensesNet": -13300000, "incomeBeforeTax": 156600000, "incomeBeforeTaxRatio": 0.1355374762, "incomeTaxExpense": 17300000, "netIncome": 139300000, "netIncomeRatio": 0.1205643067, "eps": 0.48, "epsdiluted": 0.48, "weightedAverageShsOut": 145265250, "weightedAverageShsOutDil": 145587000, "link": "", "finalLink": ""}, {"date": "2011-03-31", "symbol": "RYAAY", "reportedCurrency": "EUR", "cik": "0001038683", "fillingDate": "2011-03-31", "acceptedDate": "2011-03-30 20:00:00", "calendarYear": "2011", "period": "Q4", "revenue": 701600000, "costOfRevenue": 546200000, "grossProfit": 155400000, "grossProfitRatio": 0.2214937286, "researchAndDevelopmentExpenses": 0, "generalAndAdministrativeExpenses": 0, "sellingAndMarketingExpenses": 38600000, "sellingGeneralAndAdministrativeExpenses": 38600000, "otherExpenses": 173700000, "operatingExpenses": 212300000, "costAndExpenses": 758500000, "interestIncome": 6100000, "interestExpense": 26300000, "depreciationAndAmortization": 72900000, "ebitda": 23300000, "ebitdaratio": 0.0332098062, "operatingIncome": -56900000, "operatingIncomeRatio": -0.0811003421, "totalOtherIncomeExpensesNet": -23700000, "incomeBeforeTax": -80600000, "incomeBeforeTaxRatio": -0.1148802737, "incomeTaxExpense": -13600000, "netIncome": -67000000, "netIncomeRatio": -0.0954960091, "eps": -0.23, "epsdiluted": -0.23, "weightedAverageShsOut": 144855750, "weightedAverageShsOutDil": 144855750, "link": "", "finalLink": ""}, {"date": "2010-12-31", "symbol": "RYAAY", "reportedCurrency": "EUR", "cik": "0001038683", "fillingDate": "2010-12-31", "acceptedDate": "2010-12-30 19:00:00", "calendarYear": "2011", "period": "Q3", "revenue": 746300000, "costOfRevenue": 543600000, "grossProfit": 202700000, "grossProfitRatio": 0.2716065925, "researchAndDevelopmentExpenses": 0, "generalAndAdministrativeExpenses": 0, "sellingAndMarketingExpenses": 44500000, "sellingGeneralAndAdministrativeExpenses": 44500000, "otherExpenses": 158500000, "operatingExpenses": 203000000, "costAndExpenses": 746600000, "interestIncome": 7800000, "interestExpense": 24000000, "depreciationAndAmortization": 69200000, "ebitda": 80500000, "ebitdaratio": 0.1078654697, "operatingIncome": -300000, "operatingIncomeRatio": -0.0004019831, "totalOtherIncomeExpensesNet": -12400000, "incomeBeforeTax": -12700000, "incomeBeforeTaxRatio": -0.0170172853, "incomeTaxExpense": -2400000, "netIncome": -10300000, "netIncomeRatio": -0.0138014203, "eps": -0.0355, "epsdiluted": -0.0355, "weightedAverageShsOut": 145041000, "weightedAverageShsOutDil": 145041000, "link": "", "finalLink": ""}, {"date": "2010-09-30", "symbol": "RYAAY", "reportedCurrency": "EUR", "cik": "0001038683", "fillingDate": "2010-09-30", "acceptedDate": "2010-09-29 20:00:00", "calendarYear": "2011", "period": "Q2", "revenue": 1284800000, "costOfRevenue": 694900000, "grossProfit": 589900000, "grossProfitRatio": 0.459137609, "researchAndDevelopmentExpenses": 0, "generalAndAdministrativeExpenses": 0, "sellingAndMarketingExpenses": 43000000, "sellingGeneralAndAdministrativeExpenses": 43000000, "otherExpenses": 152600000, "operatingExpenses": 195600000, "costAndExpenses": 890500000, "interestIncome": 7100000, "interestExpense": 23400000, "depreciationAndAmortization": 73700000, "ebitda": 475000000, "ebitdaratio": 0.3697073474, "operatingIncome": 394300000, "operatingIncomeRatio": 0.3068960149, "totalOtherIncomeExpensesNet": -16400000, "incomeBeforeTax": 377900000, "incomeBeforeTaxRatio": 0.2941313823, "incomeTaxExpense": 47600000, "netIncome": 330300000, "netIncomeRatio": 0.2570828144, "eps": 1.1, "epsdiluted": 1.1, "weightedAverageShsOut": 144855750, "weightedAverageShsOutDil": 145362750, "link": "", "finalLink": ""}]