[{"date": "2025-06-30", "symbol": "ABT", "reportedCurrency": "USD", "cik": "0000001800", "fillingDate": "2025-06-30", "acceptedDate": "2025-06-29 20:00:00", "calendarYear": "2025", "period": "Q2", "revenue": 11142000000, "costOfRevenue": 4854000000, "grossProfit": 6288000000, "grossProfitRatio": 0.5693771316, "researchAndDevelopmentExpenses": 732000000, "generalAndAdministrativeExpenses": 0, "sellingAndMarketingExpenses": 0, "sellingGeneralAndAdministrativeExpenses": 3093000000, "otherExpenses": 420000000, "operatingExpenses": 4236000000, "costAndExpenses": 9090000000, "interestIncome": 71000000, "interestExpense": 121000000, "depreciationAndAmortization": 777000000, "ebitda": 3048000000, "ebitdaratio": 0.197451086, "operatingIncome": 2052000000, "operatingIncomeRatio": 0.1883862861, "totalOtherIncomeExpensesNet": 98000000, "incomeBeforeTax": 2150000000, "incomeBeforeTaxRatio": 0.1929635613, "incomeTaxExpense": 371000000, "netIncome": 1779000000, "netIncomeRatio": 0.1596661282, "eps": 1.02, "epsdiluted": 1.02, "weightedAverageShsOut": 1740459014, "weightedAverageShsOutDil": 1751000000, "link": "https://www.sec.gov/Archives/edgar/data/1800/000162828025036720/0001628280-25-036720-index.htm", "finalLink": "https://www.sec.gov/Archives/edgar/data/1800/000162828025036720/abt-20250630.htm"}, {"date": "2025-03-31", "symbol": "ABT", "reportedCurrency": "USD", "cik": "0000001800", "fillingDate": "2025-04-30", "acceptedDate": "2025-04-30 16:14:32", "calendarYear": "2025", "period": "Q1", "revenue": 10358000000, "costOfRevenue": 4914000000, "grossProfit": 5444000000, "grossProfitRatio": 0.5255840896, "researchAndDevelopmentExpenses": 703000000, "generalAndAdministrativeExpenses": 0, "sellingAndMarketingExpenses": 0, "sellingGeneralAndAdministrativeExpenses": 3053000000, "otherExpenses": 0, "operatingExpenses": 3756000000, "costAndExpenses": 8670000000, "interestIncome": 82000000, "interestExpense": 134000000, "depreciationAndAmortization": 756000000, "ebitda": 2668000000, "ebitdaratio": 0.2575786831, "operatingIncome": 1688000000, "operatingIncomeRatio": 0.1629658235, "totalOtherIncomeExpensesNet": 90000000, "incomeBeforeTax": 1778000000, "incomeBeforeTaxRatio": 0.1716547596, "incomeTaxExpense": 453000000, "netIncome": 1325000000, "netIncomeRatio": 0.127920448, "eps": 0.7583475463879763, "epsdiluted": 0.7583475463879763, "weightedAverageShsOut": 1747220000, "weightedAverageShsOutDil": 1747220000, "link": "https://www.sec.gov/Archives/edgar/data/1800/000162828025021090/0001628280-25-021090-index.htm", "finalLink": "https://www.sec.gov/Archives/edgar/data/1800/000162828025021090/abt-20250331.htm"}, {"date": "2024-12-31", "symbol": "ABT", "reportedCurrency": "USD", "cik": "0000001800", "fillingDate": "2025-02-21", "acceptedDate": "2025-02-21 16:07:20", "calendarYear": "2024", "period": "Q4", "revenue": 10974000000, "costOfRevenue": 5376000000, "grossProfit": 5598000000, "grossProfitRatio": 0.5101148168, "researchAndDevelopmentExpenses": 728000000, "generalAndAdministrativeExpenses": 0, "sellingAndMarketingExpenses": 0, "sellingGeneralAndAdministrativeExpenses": 2880000000, "otherExpenses": 0, "operatingExpenses": 3608000000, "costAndExpenses": 8984000000, "interestIncome": 91000000, "interestExpense": 152000000, "depreciationAndAmortization": 807000000, "ebitda": 2989000000, "ebitdaratio": 0.2723710589, "operatingIncome": 1990000000, "operatingIncomeRatio": 0.1813377073, "totalOtherIncomeExpensesNet": 40000000, "incomeBeforeTax": 2030000000, "incomeBeforeTaxRatio": 0.1849826863, "incomeTaxExpense": -7199000000, "netIncome": 9229000000, "netIncomeRatio": 0.8409877893, "eps": 5.33, "epsdiluted": 5.27, "weightedAverageShsOut": 1731697991, "weightedAverageShsOutDil": 1746000000, "link": "https://www.sec.gov/Archives/edgar/data/1800/000162828025007110/0001628280-25-007110-index.htm", "finalLink": "https://www.sec.gov/Archives/edgar/data/1800/000162828025007110/abt-20241231.htm"}, {"date": "2024-09-30", "symbol": "ABT", "reportedCurrency": "USD", "cik": "0000001800", "fillingDate": "2024-10-31", "acceptedDate": "2024-10-31 17:14:00", "calendarYear": "2024", "period": "Q3", "revenue": 10635000000, "costOfRevenue": 5209000000, "grossProfit": 5426000000, "grossProfitRatio": 0.5102021627, "researchAndDevelopmentExpenses": 713000000, "generalAndAdministrativeExpenses": 0, "sellingAndMarketingExpenses": 0, "sellingGeneralAndAdministrativeExpenses": 2895000000, "otherExpenses": 0, "operatingExpenses": 3608000000, "costAndExpenses": 8817000000, "interestIncome": 91000000, "interestExpense": 166000000, "depreciationAndAmortization": 801000000, "ebitda": 2907000000, "ebitdaratio": 0.2733427362, "operatingIncome": 1818000000, "operatingIncomeRatio": 0.1709449929, "totalOtherIncomeExpensesNet": 122000000, "incomeBeforeTax": 1940000000, "incomeBeforeTaxRatio": 0.1824165491, "incomeTaxExpense": 294000000, "netIncome": 1646000000, "netIncomeRatio": 0.1547719793, "eps": 0.95, "epsdiluted": 0.94, "weightedAverageShsOut": 1734455938, "weightedAverageShsOutDil": 1748000000, "link": "https://www.sec.gov/Archives/edgar/data/1800/000162828024044602/0001628280-24-044602-index.htm", "finalLink": "https://www.sec.gov/Archives/edgar/data/1800/000162828024044602/abt-20240930.htm"}, {"date": "2024-06-30", "symbol": "ABT", "reportedCurrency": "USD", "cik": "0000001800", "fillingDate": "2024-07-31", "acceptedDate": "2024-07-31 16:02:17", "calendarYear": "2024", "period": "Q2", "revenue": 10377000000, "costOfRevenue": 5072000000, "grossProfit": 5305000000, "grossProfitRatio": 0.5112267515, "researchAndDevelopmentExpenses": 697000000, "generalAndAdministrativeExpenses": 0, "sellingAndMarketingExpenses": 0, "sellingGeneralAndAdministrativeExpenses": 2922000000, "otherExpenses": 0, "operatingExpenses": 3619000000, "costAndExpenses": 8691000000, "interestIncome": 82000000, "interestExpense": 168000000, "depreciationAndAmortization": 805000000, "ebitda": 2580000000, "ebitdaratio": 0.2486267707, "operatingIncome": 1686000000, "operatingIncomeRatio": 0.1624747037, "totalOtherIncomeExpensesNet": -79000000, "incomeBeforeTax": 1607000000, "incomeBeforeTaxRatio": 0.1548617134, "incomeTaxExpense": 305000000, "netIncome": 1302000000, "netIncomeRatio": 0.125469789, "eps": 0.75, "epsdiluted": 0.74, "weightedAverageShsOut": 1734076358, "weightedAverageShsOutDil": 1751000000, "link": "https://www.sec.gov/Archives/edgar/data/1800/000162828024033740/0001628280-24-033740-index.htm", "finalLink": "https://www.sec.gov/Archives/edgar/data/1800/000162828024033740/abt-20240630.htm"}, {"date": "2024-03-31", "symbol": "ABT", "reportedCurrency": "USD", "cik": "0000001800", "fillingDate": "2024-05-02", "acceptedDate": "2024-05-02 16:11:10", "calendarYear": "2024", "period": "Q1", "revenue": 9964000000, "costOfRevenue": 4942000000, "grossProfit": 5022000000, "grossProfitRatio": 0.504014452, "researchAndDevelopmentExpenses": 683000000, "generalAndAdministrativeExpenses": 0, "sellingAndMarketingExpenses": 0, "sellingGeneralAndAdministrativeExpenses": 2954000000, "otherExpenses": 0, "operatingExpenses": 3637000000, "costAndExpenses": 8579000000, "interestIncome": 80000000, "interestExpense": 117000000, "depreciationAndAmortization": 805000000, "ebitda": 2358000000, "ebitdaratio": 0.236651947, "operatingIncome": 1385000000, "operatingIncomeRatio": 0.1390004014, "totalOtherIncomeExpensesNet": 51000000, "incomeBeforeTax": 1436000000, "incomeBeforeTaxRatio": 0.1441188278, "incomeTaxExpense": 211000000, "netIncome": 1225000000, "netIncomeRatio": 0.1229425933, "eps": 0.71, "epsdiluted": 0.7, "weightedAverageShsOut": 1734076358, "weightedAverageShsOutDil": 1750000000, "link": "https://www.sec.gov/Archives/edgar/data/1800/000162828024020011/0001628280-24-020011-index.htm", "finalLink": "https://www.sec.gov/Archives/edgar/data/1800/000162828024020011/abt-20240331.htm"}, {"date": "2023-12-31", "symbol": "ABT", "reportedCurrency": "USD", "cik": "0000001800", "fillingDate": "2024-02-16", "acceptedDate": "2024-02-16 16:15:58", "calendarYear": "2023", "period": "Q4", "revenue": 10241000000, "costOfRevenue": 4983000000, "grossProfit": 5258000000, "grossProfitRatio": 0.5134264232, "researchAndDevelopmentExpenses": 690000000, "generalAndAdministrativeExpenses": 0, "sellingAndMarketingExpenses": 0, "sellingGeneralAndAdministrativeExpenses": 2704000000, "otherExpenses": 0, "operatingExpenses": 3394000000, "costAndExpenses": 8377000000, "interestIncome": 89000000, "interestExpense": 235000000, "depreciationAndAmortization": 813000000, "ebitda": 2843000000, "ebitdaratio": 0.2776096084, "operatingIncome": 1864000000, "operatingIncomeRatio": 0.1820134752, "totalOtherIncomeExpensesNet": -69000000, "incomeBeforeTax": 1795000000, "incomeBeforeTaxRatio": 0.175275852, "incomeTaxExpense": 201000000, "netIncome": 1594000000, "netIncomeRatio": 0.1556488624, "eps": 0.92, "epsdiluted": 0.91, "weightedAverageShsOut": 1734076358, "weightedAverageShsOutDil": 1748000000, "link": "https://www.sec.gov/Archives/edgar/data/1800/000162828024005348/0001628280-24-005348-index.htm", "finalLink": "https://www.sec.gov/Archives/edgar/data/1800/000162828024005348/abt-20231231.htm"}, {"date": "2023-09-30", "symbol": "ABT", "reportedCurrency": "USD", "cik": "0000001800", "fillingDate": "2023-11-01", "acceptedDate": "2023-11-01 16:07:32", "calendarYear": "2023", "period": "Q3", "revenue": 10143000000, "costOfRevenue": 5109000000, "grossProfit": 5034000000, "grossProfitRatio": 0.496302869, "researchAndDevelopmentExpenses": 661000000, "generalAndAdministrativeExpenses": 0, "sellingAndMarketingExpenses": 0, "sellingGeneralAndAdministrativeExpenses": 2695000000, "otherExpenses": 0, "operatingExpenses": 3356000000, "costAndExpenses": 8465000000, "interestIncome": 97000000, "interestExpense": 148000000, "depreciationAndAmortization": 824000000, "ebitda": 2643000000, "ebitdaratio": 0.2605737947, "operatingIncome": 1678000000, "operatingIncomeRatio": 0.1654342897, "totalOtherIncomeExpensesNet": -7000000, "incomeBeforeTax": 1671000000, "incomeBeforeTaxRatio": 0.1647441585, "incomeTaxExpense": 235000000, "netIncome": 1436000000, "netIncomeRatio": 0.1415754708, "eps": 0.83, "epsdiluted": 0.82, "weightedAverageShsOut": 1738700000, "weightedAverageShsOutDil": 1748289000, "link": "https://www.sec.gov/Archives/edgar/data/1800/000162828023035957/0001628280-23-035957-index.htm", "finalLink": "https://www.sec.gov/Archives/edgar/data/1800/000162828023035957/abt-20230930.htm"}, {"date": "2023-06-30", "symbol": "ABT", "reportedCurrency": "USD", "cik": "0000001800", "fillingDate": "2023-08-03", "acceptedDate": "2023-08-03 16:07:28", "calendarYear": "2023", "period": "Q2", "revenue": 9978000000, "costOfRevenue": 5033000000, "grossProfit": 4945000000, "grossProfitRatio": 0.4955902987, "researchAndDevelopmentExpenses": 710000000, "generalAndAdministrativeExpenses": 0, "sellingAndMarketingExpenses": 0, "sellingGeneralAndAdministrativeExpenses": 2724000000, "otherExpenses": 0, "operatingExpenses": 3434000000, "costAndExpenses": 8467000000, "interestIncome": 98000000, "interestExpense": 153000000, "depreciationAndAmortization": 800000000, "ebitda": 2589000000, "ebitdaratio": 0.2594708358, "operatingIncome": 1511000000, "operatingIncomeRatio": 0.1514331529, "totalOtherIncomeExpensesNet": 125000000, "incomeBeforeTax": 1636000000, "incomeBeforeTaxRatio": 0.1639607136, "incomeTaxExpense": 261000000, "netIncome": 1375000000, "netIncomeRatio": 0.137803167, "eps": 0.79, "epsdiluted": 0.78, "weightedAverageShsOut": 1740359000, "weightedAverageShsOutDil": 1750248000, "link": "https://www.sec.gov/Archives/edgar/data/1800/000162828023027203/0001628280-23-027203-index.htm", "finalLink": "https://www.sec.gov/Archives/edgar/data/1800/000162828023027203/abt-20230630.htm"}, {"date": "2023-03-31", "symbol": "ABT", "reportedCurrency": "USD", "cik": "0000001800", "fillingDate": "2023-05-04", "acceptedDate": "2023-05-04 16:03:45", "calendarYear": "2023", "period": "Q1", "revenue": 9747000000, "costOfRevenue": 4942000000, "grossProfit": 4805000000, "grossProfitRatio": 0.4929721966, "researchAndDevelopmentExpenses": 654000000, "generalAndAdministrativeExpenses": 0, "sellingAndMarketingExpenses": 0, "sellingGeneralAndAdministrativeExpenses": 2751000000, "otherExpenses": 0, "operatingExpenses": 3405000000, "costAndExpenses": 8347000000, "interestIncome": 101000000, "interestExpense": 162000000, "depreciationAndAmortization": 806000000, "ebitda": 2530000000, "ebitdaratio": 0.2595670463, "operatingIncome": 1400000000, "operatingIncomeRatio": 0.1436339386, "totalOtherIncomeExpensesNet": 162000000, "incomeBeforeTax": 1562000000, "incomeBeforeTaxRatio": 0.1602544373, "incomeTaxExpense": 244000000, "netIncome": 1318000000, "netIncomeRatio": 0.1352210937, "eps": 0.76, "epsdiluted": 0.75, "weightedAverageShsOut": 1741738000, "weightedAverageShsOutDil": 1751715000, "link": "https://www.sec.gov/Archives/edgar/data/1800/000162828023015699/0001628280-23-015699-index.htm", "finalLink": "https://www.sec.gov/Archives/edgar/data/1800/000162828023015699/abt-20230331.htm"}, {"date": "2022-12-31", "symbol": "ABT", "reportedCurrency": "USD", "cik": "0000001800", "fillingDate": "2023-02-17", "acceptedDate": "2023-02-17 16:09:44", "calendarYear": "2022", "period": "Q4", "revenue": 10091000000, "costOfRevenue": 5120000000, "grossProfit": 4971000000, "grossProfitRatio": 0.4926171836, "researchAndDevelopmentExpenses": 691000000, "generalAndAdministrativeExpenses": 0, "sellingAndMarketingExpenses": 0, "sellingGeneralAndAdministrativeExpenses": 2839000000, "otherExpenses": 0, "operatingExpenses": 3530000000, "costAndExpenses": 8650000000, "interestIncome": 88000000, "interestExpense": 164000000, "depreciationAndAmortization": 807000000, "ebitda": 2291000000, "ebitdaratio": 0.2270339907, "operatingIncome": 1441000000, "operatingIncomeRatio": 0.1428005153, "totalOtherIncomeExpensesNet": -121000000, "incomeBeforeTax": 1320000000, "incomeBeforeTaxRatio": 0.1308096323, "incomeTaxExpense": 287000000, "netIncome": 1033000000, "netIncomeRatio": 0.1023684471, "eps": 0.59, "epsdiluted": 0.59, "weightedAverageShsOut": 1737795021, "weightedAverageShsOutDil": 1754000000, "link": "https://www.sec.gov/Archives/edgar/data/1800/000162828023004026/0001628280-23-004026-index.htm", "finalLink": "https://www.sec.gov/Archives/edgar/data/1800/000162828023004026/abt-20221231.htm"}, {"date": "2022-09-30", "symbol": "ABT", "reportedCurrency": "USD", "cik": "0000001800", "fillingDate": "2022-11-01", "acceptedDate": "2022-11-01 16:06:19", "calendarYear": "2022", "period": "Q3", "revenue": 10410000000, "costOfRevenue": 5201000000, "grossProfit": 5209000000, "grossProfitRatio": 0.5003842459, "researchAndDevelopmentExpenses": 780000000, "generalAndAdministrativeExpenses": 0, "sellingAndMarketingExpenses": 0, "sellingGeneralAndAdministrativeExpenses": 2726000000, "otherExpenses": 0, "operatingExpenses": 3506000000, "costAndExpenses": 8707000000, "interestIncome": 55000000, "interestExpense": 56000000, "depreciationAndAmortization": 815000000, "ebitda": 2629000000, "ebitdaratio": 0.2525456292, "operatingIncome": 1703000000, "operatingIncomeRatio": 0.1635926993, "totalOtherIncomeExpensesNet": 55000000, "incomeBeforeTax": 1758000000, "incomeBeforeTaxRatio": 0.1688760807, "incomeTaxExpense": 323000000, "netIncome": 1435000000, "netIncomeRatio": 0.1378482229, "eps": 0.82, "epsdiluted": 0.81, "weightedAverageShsOut": 1744507382, "weightedAverageShsOutDil": 1764000000, "link": "https://www.sec.gov/Archives/edgar/data/1800/000162828022027550/0001628280-22-027550-index.htm", "finalLink": "https://www.sec.gov/Archives/edgar/data/1800/000162828022027550/abt-20220930.htm"}, {"date": "2022-06-30", "symbol": "ABT", "reportedCurrency": "USD", "cik": "0000001800", "fillingDate": "2022-08-02", "acceptedDate": "2022-08-02 16:02:47", "calendarYear": "2022", "period": "Q2", "revenue": 11257000000, "costOfRevenue": 5483000000, "grossProfit": 5774000000, "grossProfitRatio": 0.5129252909, "researchAndDevelopmentExpenses": 684000000, "generalAndAdministrativeExpenses": 0, "sellingAndMarketingExpenses": 0, "sellingGeneralAndAdministrativeExpenses": 2757000000, "otherExpenses": 0, "operatingExpenses": 3441000000, "costAndExpenses": 8924000000, "interestIncome": 26000000, "interestExpense": 85000000, "depreciationAndAmortization": 822000000, "ebitda": 3259000000, "ebitdaratio": 0.2895087501, "operatingIncome": 2333000000, "operatingIncomeRatio": 0.207248823, "totalOtherIncomeExpensesNet": 19000000, "incomeBeforeTax": 2352000000, "incomeBeforeTaxRatio": 0.2089366616, "incomeTaxExpense": 334000000, "netIncome": 2018000000, "netIncomeRatio": 0.1792662343, "eps": 1.15, "epsdiluted": 1.14, "weightedAverageShsOut": 1751219743, "weightedAverageShsOutDil": 1765000000, "link": "https://www.sec.gov/Archives/edgar/data/1800/000162828022020209/0001628280-22-020209-index.htm", "finalLink": "https://www.sec.gov/Archives/edgar/data/1800/000162828022020209/abt-20220630.htm"}, {"date": "2022-03-31", "symbol": "ABT", "reportedCurrency": "USD", "cik": "0000001800", "fillingDate": "2022-05-03", "acceptedDate": "2022-05-03 16:29:24", "calendarYear": "2022", "period": "Q1", "revenue": 11895000000, "costOfRevenue": 5526000000, "grossProfit": 6369000000, "grossProfitRatio": 0.5354350567, "researchAndDevelopmentExpenses": 697000000, "generalAndAdministrativeExpenses": 0, "sellingAndMarketingExpenses": 0, "sellingGeneralAndAdministrativeExpenses": 2787000000, "otherExpenses": 0, "operatingExpenses": 3484000000, "costAndExpenses": 9010000000, "interestIncome": 14000000, "interestExpense": 10000000, "depreciationAndAmortization": 823000000, "ebitda": 3709000000, "ebitdaratio": 0.3118116856, "operatingIncome": 2885000000, "operatingIncomeRatio": 0.2425388819, "totalOtherIncomeExpensesNet": -9000000, "incomeBeforeTax": 2876000000, "incomeBeforeTaxRatio": 0.2417822615, "incomeTaxExpense": 429000000, "netIncome": 2447000000, "netIncomeRatio": 0.2057166877, "eps": 1.4, "epsdiluted": 1.38, "weightedAverageShsOut": 1750942289, "weightedAverageShsOutDil": 1775000000, "link": "https://www.sec.gov/Archives/edgar/data/1800/000110465922055285/0001104659-22-055285-index.htm", "finalLink": "https://www.sec.gov/Archives/edgar/data/1800/000110465922055285/abt-20220331x10q.htm"}, {"date": "2021-12-31", "symbol": "ABT", "reportedCurrency": "USD", "cik": "0000001800", "fillingDate": "2022-02-18", "acceptedDate": "2022-02-18 16:02:57", "calendarYear": "2021", "period": "Q4", "revenue": 11468000000, "costOfRevenue": 5259000000, "grossProfit": 6209000000, "grossProfitRatio": 0.5414196024, "researchAndDevelopmentExpenses": 758000000, "generalAndAdministrativeExpenses": 0, "sellingAndMarketingExpenses": 0, "sellingGeneralAndAdministrativeExpenses": 3004000000, "otherExpenses": 0, "operatingExpenses": 3762000000, "costAndExpenses": 9021000000, "interestIncome": 11000000, "interestExpense": 89000000, "depreciationAndAmortization": 883000000, "ebitda": 3299000000, "ebitdaratio": 0.2876700384, "operatingIncome": 2447000000, "operatingIncomeRatio": 0.2133763516, "totalOtherIncomeExpensesNet": -120000000, "incomeBeforeTax": 2327000000, "incomeBeforeTaxRatio": 0.202912452, "incomeTaxExpense": 338000000, "netIncome": 1989000000, "netIncomeRatio": 0.173439135, "eps": 1.13, "epsdiluted": 1.12, "weightedAverageShsOut": 1764082193, "weightedAverageShsOutDil": 1782000000, "link": "https://www.sec.gov/Archives/edgar/data/1800/000110465922025141/0001104659-22-025141-index.htm", "finalLink": "https://www.sec.gov/Archives/edgar/data/1800/000110465922025141/abt-20211231x10k.htm"}, {"date": "2021-09-30", "symbol": "ABT", "reportedCurrency": "USD", "cik": "0000001800", "fillingDate": "2021-11-03", "acceptedDate": "2021-11-03 16:04:53", "calendarYear": "2021", "period": "Q3", "revenue": 10928000000, "costOfRevenue": 4868000000, "grossProfit": 6060000000, "grossProfitRatio": 0.5545387994, "researchAndDevelopmentExpenses": 672000000, "generalAndAdministrativeExpenses": 0, "sellingAndMarketingExpenses": 0, "sellingGeneralAndAdministrativeExpenses": 2766000000, "otherExpenses": 0, "operatingExpenses": 3438000000, "costAndExpenses": 8306000000, "interestIncome": 10000000, "interestExpense": 119000000, "depreciationAndAmortization": 847000000, "ebitda": 3459000000, "ebitdaratio": 0.3165263543, "operatingIncome": 2622000000, "operatingIncomeRatio": 0.2399341142, "totalOtherIncomeExpensesNet": -129000000, "incomeBeforeTax": 2493000000, "incomeBeforeTaxRatio": 0.2281295754, "incomeTaxExpense": 393000000, "netIncome": 2100000000, "netIncomeRatio": 0.1921669107, "eps": 1.19, "epsdiluted": 1.17, "weightedAverageShsOut": 1768286969, "weightedAverageShsOutDil": 1789000000, "link": "https://www.sec.gov/Archives/edgar/data/1800/000110465921133629/0001104659-21-133629-index.htm", "finalLink": "https://www.sec.gov/Archives/edgar/data/1800/000110465921133629/abt-20210930x10q.htm"}, {"date": "2021-06-30", "symbol": "ABT", "reportedCurrency": "USD", "cik": "0000001800", "fillingDate": "2021-08-04", "acceptedDate": "2021-08-04 16:01:33", "calendarYear": "2021", "period": "Q2", "revenue": 10223000000, "costOfRevenue": 4848000000, "grossProfit": 5375000000, "grossProfitRatio": 0.5257752128, "researchAndDevelopmentExpenses": 654000000, "generalAndAdministrativeExpenses": 0, "sellingAndMarketingExpenses": 0, "sellingGeneralAndAdministrativeExpenses": 2723000000, "otherExpenses": 0, "operatingExpenses": 3377000000, "costAndExpenses": 8225000000, "interestIncome": 11000000, "interestExpense": 136000000, "depreciationAndAmortization": 874000000, "ebitda": 2358000000, "ebitdaratio": 0.2306563631, "operatingIncome": 1998000000, "operatingIncomeRatio": 0.1954416512, "totalOtherIncomeExpensesNet": -650000000, "incomeBeforeTax": 1348000000, "incomeBeforeTaxRatio": 0.1318595324, "incomeTaxExpense": 159000000, "netIncome": 1189000000, "netIncomeRatio": 0.116306368, "eps": 0.67, "epsdiluted": 0.66, "weightedAverageShsOut": 1772817349, "weightedAverageShsOutDil": 1793000000, "link": "https://www.sec.gov/Archives/edgar/data/1800/000110465921100055/0001104659-21-100055-index.htm", "finalLink": "https://www.sec.gov/Archives/edgar/data/1800/000110465921100055/abt-20210630x10q.htm"}, {"date": "2021-03-31", "symbol": "ABT", "reportedCurrency": "USD", "cik": "0000001800", "fillingDate": "2021-05-05", "acceptedDate": "2021-05-05 16:01:22", "calendarYear": "2021", "period": "Q1", "revenue": 10456000000, "costOfRevenue": 4886000000, "grossProfit": 5570000000, "grossProfitRatio": 0.5327084927, "researchAndDevelopmentExpenses": 654000000, "generalAndAdministrativeExpenses": 0, "sellingAndMarketingExpenses": 0, "sellingGeneralAndAdministrativeExpenses": 2783000000, "otherExpenses": 0, "operatingExpenses": 3437000000, "costAndExpenses": 8323000000, "interestIncome": 11000000, "interestExpense": 66000000, "depreciationAndAmortization": 934000000, "ebitda": 3043000000, "ebitdaratio": 0.2910290742, "operatingIncome": 2133000000, "operatingIncomeRatio": 0.2039977047, "totalOtherIncomeExpensesNet": -90000000, "incomeBeforeTax": 2043000000, "incomeBeforeTaxRatio": 0.1953902066, "incomeTaxExpense": 250000000, "netIncome": 1793000000, "netIncomeRatio": 0.1714804897, "eps": 1.01, "epsdiluted": 1, "weightedAverageShsOut": 1776820148, "weightedAverageShsOutDil": 1792000000, "link": "https://www.sec.gov/Archives/edgar/data/1800/000110465921061693/0001104659-21-061693-index.htm", "finalLink": "https://www.sec.gov/Archives/edgar/data/1800/000110465921061693/abt-20210331x10q.htm"}, {"date": "2020-12-31", "symbol": "ABT", "reportedCurrency": "USD", "cik": "0000001800", "fillingDate": "2021-02-19", "acceptedDate": "2021-02-19 16:10:04", "calendarYear": "2020", "period": "Q4", "revenue": 10701000000, "costOfRevenue": 5014000000, "grossProfit": 5687000000, "grossProfitRatio": 0.5314456593, "researchAndDevelopmentExpenses": 698000000, "generalAndAdministrativeExpenses": 2548000000, "sellingAndMarketingExpenses": 22000000, "sellingGeneralAndAdministrativeExpenses": 2575000000, "otherExpenses": 0, "operatingExpenses": 3273000000, "costAndExpenses": 8287000000, "interestIncome": 9000000, "interestExpense": 114000000, "depreciationAndAmortization": 866000000, "ebitda": 3368000000, "ebitdaratio": 0.3147369405, "operatingIncome": 2414000000, "operatingIncomeRatio": 0.2255863938, "totalOtherIncomeExpensesNet": -26000000, "incomeBeforeTax": 2388000000, "incomeBeforeTaxRatio": 0.2231567143, "incomeTaxExpense": 230000000, "netIncome": 2162000000, "netIncomeRatio": 0.2020371928, "eps": 1.22, "epsdiluted": 1.21, "weightedAverageShsOut": 1771230274, "weightedAverageShsOutDil": 1789000000, "link": "https://www.sec.gov/Archives/edgar/data/1800/000110465921025751/0001104659-21-025751-index.htm", "finalLink": "https://www.sec.gov/Archives/edgar/data/1800/000110465921025751/abt-20201231x10k.htm"}, {"date": "2020-09-30", "symbol": "ABT", "reportedCurrency": "USD", "cik": "0000001800", "fillingDate": "2020-11-04", "acceptedDate": "2020-11-04 16:01:05", "calendarYear": "2020", "period": "Q3", "revenue": 8853000000, "costOfRevenue": 4521000000, "grossProfit": 4332000000, "grossProfitRatio": 0.4893256523, "researchAndDevelopmentExpenses": 580000000, "generalAndAdministrativeExpenses": 0, "sellingAndMarketingExpenses": 0, "sellingGeneralAndAdministrativeExpenses": 2296000000, "otherExpenses": 0, "operatingExpenses": 2876000000, "costAndExpenses": 7397000000, "interestIncome": 10000000, "interestExpense": 126000000, "depreciationAndAmortization": 808000000, "ebitda": 2355000000, "ebitdaratio": 0.2660115215, "operatingIncome": 1456000000, "operatingIncomeRatio": 0.1644640235, "totalOtherIncomeExpensesNet": -35000000, "incomeBeforeTax": 1421000000, "incomeBeforeTaxRatio": 0.1605105614, "incomeTaxExpense": 189000000, "netIncome": 1232000000, "netIncomeRatio": 0.139161866, "eps": 0.7, "epsdiluted": 0.69, "weightedAverageShsOut": 1772361581, "weightedAverageShsOutDil": 1788000000, "link": "https://www.sec.gov/Archives/edgar/data/1800/000110465920121336/0001104659-20-121336-index.htm", "finalLink": "https://www.sec.gov/Archives/edgar/data/1800/000110465920121336/abt-20200930x10q.htm"}, {"date": "2020-06-30", "symbol": "ABT", "reportedCurrency": "USD", "cik": "0000001800", "fillingDate": "2020-07-29", "acceptedDate": "2020-07-29 17:16:23", "calendarYear": "2020", "period": "Q2", "revenue": 7328000000, "costOfRevenue": 3847000000, "grossProfit": 3481000000, "grossProfitRatio": 0.4750272926, "researchAndDevelopmentExpenses": 564000000, "generalAndAdministrativeExpenses": 0, "sellingAndMarketingExpenses": 0, "sellingGeneralAndAdministrativeExpenses": 2275000000, "otherExpenses": 0, "operatingExpenses": 2839000000, "costAndExpenses": 6686000000, "interestIncome": 9000000, "interestExpense": 161000000, "depreciationAndAmortization": 825000000, "ebitda": 1512000000, "ebitdaratio": 0.2063318777, "operatingIncome": 642000000, "operatingIncomeRatio": 0.0876091703, "totalOtherIncomeExpensesNet": -116000000, "incomeBeforeTax": 526000000, "incomeBeforeTaxRatio": 0.071779476, "incomeTaxExpense": -11000000, "netIncome": 537000000, "netIncomeRatio": 0.0732805677, "eps": 0.3, "epsdiluted": 0.3, "weightedAverageShsOut": 1770529999, "weightedAverageShsOutDil": 1785000000, "link": "https://www.sec.gov/Archives/edgar/data/1800/000110465920087850/0001104659-20-087850-index.htm", "finalLink": "https://www.sec.gov/Archives/edgar/data/1800/000110465920087850/abt-20200630x10q.htm"}, {"date": "2020-03-31", "symbol": "ABT", "reportedCurrency": "USD", "cik": "0000001800", "fillingDate": "2020-04-29", "acceptedDate": "2020-04-29 16:16:47", "calendarYear": "2020", "period": "Q1", "revenue": 7726000000, "costOfRevenue": 3849000000, "grossProfit": 3877000000, "grossProfitRatio": 0.5018120632, "researchAndDevelopmentExpenses": 576000000, "generalAndAdministrativeExpenses": 2548000000, "sellingAndMarketingExpenses": 0, "sellingGeneralAndAdministrativeExpenses": 2548000000, "otherExpenses": -26000000, "operatingExpenses": 3098000000, "costAndExpenses": 6947000000, "interestIncome": 18000000, "interestExpense": 307000000, "depreciationAndAmortization": 828000000, "ebitda": 1768000000, "ebitdaratio": 0.2288376909, "operatingIncome": 779000000, "operatingIncomeRatio": 0.1008283717, "totalOtherIncomeExpensesNet": -146000000, "incomeBeforeTax": 633000000, "incomeBeforeTaxRatio": 0.0819311416, "incomeTaxExpense": 89000000, "netIncome": 564000000, "netIncomeRatio": 0.0730002589, "eps": 0.32, "epsdiluted": 0.32, "weightedAverageShsOut": 1768845326, "weightedAverageShsOutDil": 1781000000, "link": "https://www.sec.gov/Archives/edgar/data/1800/000110465920053384/0001104659-20-053384-index.htm", "finalLink": "https://www.sec.gov/Archives/edgar/data/1800/000110465920053384/abt-20200331x10q.htm"}, {"date": "2019-12-31", "symbol": "ABT", "reportedCurrency": "USD", "cik": "0000001800", "fillingDate": "2020-02-21", "acceptedDate": "2020-02-21 16:28:23", "calendarYear": "2019", "period": "Q4", "revenue": 8314000000, "costOfRevenue": 3931000000, "grossProfit": 4383000000, "grossProfitRatio": 0.5271830647, "researchAndDevelopmentExpenses": 575000000, "generalAndAdministrativeExpenses": 2413000000, "sellingAndMarketingExpenses": 0, "sellingGeneralAndAdministrativeExpenses": 2403000000, "otherExpenses": 0, "operatingExpenses": 2978000000, "costAndExpenses": 6909000000, "interestIncome": 25000000, "interestExpense": 138000000, "depreciationAndAmortization": 756000000, "ebitda": 2134000000, "ebitdaratio": 0.2566754871, "operatingIncome": 1405000000, "operatingIncomeRatio": 0.1689920616, "totalOtherIncomeExpensesNet": -165000000, "incomeBeforeTax": 1240000000, "incomeBeforeTaxRatio": 0.1491460188, "incomeTaxExpense": 191000000, "netIncome": 1049000000, "netIncomeRatio": 0.1261727207, "eps": 0.6, "epsdiluted": 0.59, "weightedAverageShsOut": 1762503247, "weightedAverageShsOutDil": 1781000000, "link": "https://www.sec.gov/Archives/edgar/data/1800/000110465920023904/0001104659-20-023904-index.htm", "finalLink": "https://www.sec.gov/Archives/edgar/data/1800/000110465920023904/abt-20191231x10k59d41b.htm"}, {"date": "2019-09-30", "symbol": "ABT", "reportedCurrency": "USD", "cik": "0000001800", "fillingDate": "2019-10-31", "acceptedDate": "2019-10-31 16:02:42", "calendarYear": "2019", "period": "Q3", "revenue": 8076000000, "costOfRevenue": 3866000000, "grossProfit": 4210000000, "grossProfitRatio": 0.5212976721, "researchAndDevelopmentExpenses": 594000000, "generalAndAdministrativeExpenses": 2440000000, "sellingAndMarketingExpenses": 0, "sellingGeneralAndAdministrativeExpenses": 2414000000, "otherExpenses": 0, "operatingExpenses": 3008000000, "costAndExpenses": 6874000000, "interestIncome": 24000000, "interestExpense": 202000000, "depreciationAndAmortization": 754000000, "ebitda": 2059000000, "ebitdaratio": 0.254952947, "operatingIncome": 1202000000, "operatingIncomeRatio": 0.1488360575, "totalOtherIncomeExpensesNet": -99000000, "incomeBeforeTax": 1103000000, "incomeBeforeTaxRatio": 0.1365775136, "incomeTaxExpense": 143000000, "netIncome": 960000000, "netIncomeRatio": 0.1188707281, "eps": 0.54, "epsdiluted": 0.54, "weightedAverageShsOut": 1768455705, "weightedAverageShsOutDil": 1784000000, "link": "https://www.sec.gov/Archives/edgar/data/1800/000110465919058323/0001104659-19-058323-index.htm", "finalLink": "https://www.sec.gov/Archives/edgar/data/1800/000110465919058323/abt-20190930x10q93748c.htm"}, {"date": "2019-06-30", "symbol": "ABT", "reportedCurrency": "USD", "cik": "0000001800", "fillingDate": "2019-07-31", "acceptedDate": "2019-07-31 16:15:28", "calendarYear": "2019", "period": "Q2", "revenue": 7979000000, "costOfRevenue": 3779000000, "grossProfit": 4200000000, "grossProfitRatio": 0.5263817521, "researchAndDevelopmentExpenses": 577000000, "generalAndAdministrativeExpenses": 2434000000, "sellingAndMarketingExpenses": 0, "sellingGeneralAndAdministrativeExpenses": 2433000000, "otherExpenses": 0, "operatingExpenses": 3010000000, "costAndExpenses": 6789000000, "interestIncome": 22000000, "interestExpense": 264000000, "depreciationAndAmortization": 751000000, "ebitda": 2117000000, "ebitdaratio": 0.2653214689, "operatingIncome": 1190000000, "operatingIncomeRatio": 0.1491414964, "totalOtherIncomeExpensesNet": -88000000, "incomeBeforeTax": 1102000000, "incomeBeforeTaxRatio": 0.1381125454, "incomeTaxExpense": 96000000, "netIncome": 1006000000, "netIncomeRatio": 0.1260809625, "eps": 0.57, "epsdiluted": 0.56, "weightedAverageShsOut": 1767397615, "weightedAverageShsOutDil": 1781000000, "link": "https://www.sec.gov/Archives/edgar/data/1800/000141057819000606/0001410578-19-000606-index.htm", "finalLink": "https://www.sec.gov/Archives/edgar/data/1800/000141057819000606/abt-20190630x10q.htm"}, {"date": "2019-03-31", "symbol": "ABT", "reportedCurrency": "USD", "cik": "0000001800", "fillingDate": "2019-05-01", "acceptedDate": "2019-05-01 16:09:25", "calendarYear": "2019", "period": "Q1", "revenue": 7535000000, "costOfRevenue": 3645000000, "grossProfit": 3890000000, "grossProfitRatio": 0.5162574652, "researchAndDevelopmentExpenses": 670000000, "generalAndAdministrativeExpenses": 2478000000, "sellingAndMarketingExpenses": 0, "sellingGeneralAndAdministrativeExpenses": 2461000000, "otherExpenses": 0, "operatingExpenses": 3131000000, "costAndExpenses": 6776000000, "interestIncome": 23000000, "interestExpense": 214000000, "depreciationAndAmortization": 753000000, "ebitda": 1599000000, "ebitdaratio": 0.2122096881, "operatingIncome": 759000000, "operatingIncomeRatio": 0.100729927, "totalOtherIncomeExpensesNet": -127000000, "incomeBeforeTax": 632000000, "incomeBeforeTaxRatio": 0.0838752488, "incomeTaxExpense": -40000000, "netIncome": 672000000, "netIncomeRatio": 0.0891838089, "eps": 0.38, "epsdiluted": 0.38, "weightedAverageShsOut": 1764181262, "weightedAverageShsOutDil": 1777000000, "link": "https://www.sec.gov/Archives/edgar/data/1800/000110465919026018/0001104659-19-026018-index.htm", "finalLink": "https://www.sec.gov/Archives/edgar/data/1800/000110465919026018/a19-7736_110q.htm"}, {"date": "2018-12-31", "symbol": "ABT", "reportedCurrency": "USD", "cik": "0000001800", "fillingDate": "2019-02-22", "acceptedDate": "2019-02-22 16:13:21", "calendarYear": "2018", "period": "Q4", "revenue": 7765000000, "costOfRevenue": 3682000000, "grossProfit": 4083000000, "grossProfitRatio": 0.5258209916, "researchAndDevelopmentExpenses": 561000000, "generalAndAdministrativeExpenses": 2359000000, "sellingAndMarketingExpenses": 0, "sellingGeneralAndAdministrativeExpenses": 2346000000, "otherExpenses": 0, "operatingExpenses": 2907000000, "costAndExpenses": 6589000000, "interestIncome": 34000000, "interestExpense": 268000000, "depreciationAndAmortization": 763000000, "ebitda": 1978000000, "ebitdaratio": 0.2547327753, "operatingIncome": 1176000000, "operatingIncomeRatio": 0.1514488088, "totalOtherIncomeExpensesNet": -229000000, "incomeBeforeTax": 947000000, "incomeBeforeTaxRatio": 0.1219575016, "incomeTaxExpense": 292000000, "netIncome": 654000000, "netIncomeRatio": 0.0842240824, "eps": 0.37, "epsdiluted": 0.37, "weightedAverageShsOut": 1755619422, "weightedAverageShsOutDil": 1774000000, "link": "https://www.sec.gov/Archives/edgar/data/1800/000104746919000624/0001047469-19-000624-index.htm", "finalLink": "https://www.sec.gov/Archives/edgar/data/1800/000104746919000624/a2237733z10-k.htm"}, {"date": "2018-09-30", "symbol": "ABT", "reportedCurrency": "USD", "cik": "0000001800", "fillingDate": "2018-10-31", "acceptedDate": "2018-10-31 16:02:08", "calendarYear": "2018", "period": "Q3", "revenue": 7656000000, "costOfRevenue": 3672000000, "grossProfit": 3984000000, "grossProfitRatio": 0.5203761755, "researchAndDevelopmentExpenses": 573000000, "generalAndAdministrativeExpenses": 2377000000, "sellingAndMarketingExpenses": 0, "sellingGeneralAndAdministrativeExpenses": 2361000000, "otherExpenses": 0, "operatingExpenses": 2934000000, "costAndExpenses": 6606000000, "interestIncome": 22000000, "interestExpense": 161000000, "depreciationAndAmortization": 813000000, "ebitda": 1692000000, "ebitdaratio": 0.2210031348, "operatingIncome": 1050000000, "operatingIncomeRatio": 0.1371473354, "totalOtherIncomeExpensesNet": -332000000, "incomeBeforeTax": 718000000, "incomeBeforeTaxRatio": 0.0937826541, "incomeTaxExpense": 166000000, "netIncome": 563000000, "netIncomeRatio": 0.0735370951, "eps": 0.32, "epsdiluted": 0.32, "weightedAverageShsOut": 1756333032, "weightedAverageShsOutDil": 1772000000, "link": "https://www.sec.gov/Archives/edgar/data/1800/000110465918065076/0001104659-18-065076-index.htm", "finalLink": "https://www.sec.gov/Archives/edgar/data/1800/000110465918065076/a18-19028_110q.htm"}, {"date": "2018-06-30", "symbol": "ABT", "reportedCurrency": "USD", "cik": "0000001800", "fillingDate": "2018-08-01", "acceptedDate": "2018-08-01 16:02:04", "calendarYear": "2018", "period": "Q2", "revenue": 7767000000, "costOfRevenue": 3790000000, "grossProfit": 3977000000, "grossProfitRatio": 0.51203811, "researchAndDevelopmentExpenses": 573000000, "generalAndAdministrativeExpenses": 2466000000, "sellingAndMarketingExpenses": 0, "sellingGeneralAndAdministrativeExpenses": 2457000000, "otherExpenses": 0, "operatingExpenses": 3030000000, "costAndExpenses": 6820000000, "interestIncome": 21000000, "interestExpense": 179000000, "depreciationAndAmortization": 850000000, "ebitda": 1806000000, "ebitdaratio": 0.2325222093, "operatingIncome": 947000000, "operatingIncomeRatio": 0.1219260976, "totalOtherIncomeExpensesNet": -170000000, "incomeBeforeTax": 777000000, "incomeBeforeTaxRatio": 0.100038625, "incomeTaxExpense": 59000000, "netIncome": 733000000, "netIncomeRatio": 0.094373632, "eps": 0.42, "epsdiluted": 0.41, "weightedAverageShsOut": 1754319284, "weightedAverageShsOutDil": 1769000000, "link": "https://www.sec.gov/Archives/edgar/data/1800/000110465918048736/0001104659-18-048736-index.htm", "finalLink": "https://www.sec.gov/Archives/edgar/data/1800/000110465918048736/a18-14086_110q.htm"}, {"date": "2018-03-31", "symbol": "ABT", "reportedCurrency": "USD", "cik": "0000001800", "fillingDate": "2018-05-02", "acceptedDate": "2018-05-02 16:17:34", "calendarYear": "2018", "period": "Q1", "revenue": 7390000000, "costOfRevenue": 3611000000, "grossProfit": 3779000000, "grossProfitRatio": 0.5113667118, "researchAndDevelopmentExpenses": 581000000, "generalAndAdministrativeExpenses": 2542000000, "sellingAndMarketingExpenses": 0, "sellingGeneralAndAdministrativeExpenses": 2527000000, "otherExpenses": 0, "operatingExpenses": 3108000000, "costAndExpenses": 6719000000, "interestIncome": 28000000, "interestExpense": 121000000, "depreciationAndAmortization": 852000000, "ebitda": 1404000000, "ebitdaratio": 0.1899864682, "operatingIncome": 671000000, "operatingIncomeRatio": 0.0907983762, "totalOtherIncomeExpensesNet": -240000000, "incomeBeforeTax": 431000000, "incomeBeforeTaxRatio": 0.0583220568, "incomeTaxExpense": 22000000, "netIncome": 418000000, "netIncomeRatio": 0.0565629229, "eps": 0.24, "epsdiluted": 0.24, "weightedAverageShsOut": 1753187766, "weightedAverageShsOutDil": 1765000000, "link": "https://www.sec.gov/Archives/edgar/data/1800/000110465918029831/0001104659-18-029831-index.htm", "finalLink": "https://www.sec.gov/Archives/edgar/data/1800/000110465918029831/a18-8658_110q.htm"}, {"date": "2017-12-31", "symbol": "ABT", "reportedCurrency": "USD", "cik": "0000001800", "fillingDate": "2018-02-16", "acceptedDate": "2018-02-16 16:04:37", "calendarYear": "2017", "period": "Q4", "revenue": 7589000000, "costOfRevenue": 3808000000, "grossProfit": 3781000000, "grossProfitRatio": 0.4982211095, "researchAndDevelopmentExpenses": 618000000, "generalAndAdministrativeExpenses": 2462000000, "sellingAndMarketingExpenses": 0, "sellingGeneralAndAdministrativeExpenses": 2428000000, "otherExpenses": 0, "operatingExpenses": 3046000000, "costAndExpenses": 6854000000, "interestIncome": 35000000, "interestExpense": 209000000, "depreciationAndAmortization": 843000000, "ebitda": 1626000000, "ebitdaratio": 0.2142574779, "operatingIncome": 735000000, "operatingIncomeRatio": 0.096850705, "totalOtherIncomeExpensesNet": -161000000, "incomeBeforeTax": 574000000, "incomeBeforeTaxRatio": 0.0756357886, "incomeTaxExpense": 1438000000, "netIncome": -828000000, "netIncomeRatio": -0.109105284, "eps": -0.47, "epsdiluted": -0.47, "weightedAverageShsOut": 1743602469, "weightedAverageShsOutDil": 1746000000, "link": "https://www.sec.gov/Archives/edgar/data/1800/000104746918000856/0001047469-18-000856-index.htm", "finalLink": "https://www.sec.gov/Archives/edgar/data/1800/000104746918000856/a2234264z10-k.htm"}, {"date": "2017-09-30", "symbol": "ABT", "reportedCurrency": "USD", "cik": "0000001800", "fillingDate": "2017-11-02", "acceptedDate": "2017-11-02 16:18:54", "calendarYear": "2017", "period": "Q3", "revenue": 6829000000, "costOfRevenue": 3351000000, "grossProfit": 3478000000, "grossProfitRatio": 0.5092985796, "researchAndDevelopmentExpenses": 493000000, "generalAndAdministrativeExpenses": 2099000000, "sellingAndMarketingExpenses": 0, "sellingGeneralAndAdministrativeExpenses": 2080000000, "otherExpenses": 0, "operatingExpenses": 2573000000, "costAndExpenses": 5924000000, "interestIncome": 36000000, "interestExpense": 217000000, "depreciationAndAmortization": 756000000, "ebitda": 1599000000, "ebitdaratio": 0.2341484844, "operatingIncome": 905000000, "operatingIncomeRatio": 0.1325230634, "totalOtherIncomeExpensesNet": -279000000, "incomeBeforeTax": 626000000, "incomeBeforeTaxRatio": 0.091667887, "incomeTaxExpense": 65000000, "netIncome": 603000000, "netIncomeRatio": 0.0882998975, "eps": 0.35, "epsdiluted": 0.34, "weightedAverageShsOut": 1740600687, "weightedAverageShsOutDil": 1754000000, "link": "https://www.sec.gov/Archives/edgar/data/1800/000110465917065654/0001104659-17-065654-index.htm", "finalLink": "https://www.sec.gov/Archives/edgar/data/1800/000110465917065654/a17-20634_110q.htm"}, {"date": "2017-06-30", "symbol": "ABT", "reportedCurrency": "USD", "cik": "0000001800", "fillingDate": "2017-08-02", "acceptedDate": "2017-08-02 16:16:39", "calendarYear": "2017", "period": "Q2", "revenue": 6637000000, "costOfRevenue": 3579000000, "grossProfit": 3058000000, "grossProfitRatio": 0.460750339, "researchAndDevelopmentExpenses": 520000000, "generalAndAdministrativeExpenses": 2132000000, "sellingAndMarketingExpenses": 0, "sellingGeneralAndAdministrativeExpenses": 2150000000, "otherExpenses": 0, "operatingExpenses": 2670000000, "costAndExpenses": 6249000000, "interestIncome": 31000000, "interestExpense": 228000000, "depreciationAndAmortization": 648000000, "ebitda": 1171000000, "ebitdaratio": 0.1764351364, "operatingIncome": 388000000, "operatingIncomeRatio": 0.0584601477, "totalOtherIncomeExpensesNet": -93000000, "incomeBeforeTax": 295000000, "incomeBeforeTaxRatio": 0.0444477927, "incomeTaxExpense": 25000000, "netIncome": 283000000, "netIncomeRatio": 0.0426397469, "eps": 0.16, "epsdiluted": 0.16, "weightedAverageShsOut": 1737443264, "weightedAverageShsOutDil": 1749000000, "link": "https://www.sec.gov/Archives/edgar/data/1800/000110465917048855/0001104659-17-048855-index.htm", "finalLink": "https://www.sec.gov/Archives/edgar/data/1800/000110465917048855/a17-13353_110q.htm"}, {"date": "2017-03-31", "symbol": "ABT", "reportedCurrency": "USD", "cik": "0000001800", "fillingDate": "2017-05-03", "acceptedDate": "2017-05-03 16:17:02", "calendarYear": "2017", "period": "Q1", "revenue": 6335000000, "costOfRevenue": 3561000000, "grossProfit": 2774000000, "grossProfitRatio": 0.4378847672, "researchAndDevelopmentExpenses": 541000000, "generalAndAdministrativeExpenses": 2424000000, "sellingAndMarketingExpenses": 0, "sellingGeneralAndAdministrativeExpenses": 2299000000, "otherExpenses": 0, "operatingExpenses": 2840000000, "costAndExpenses": 6401000000, "interestIncome": 22000000, "interestExpense": 200000000, "depreciationAndAmortization": 774000000, "ebitda": 1710000000, "ebitdaratio": 0.2699289661, "operatingIncome": -66000000, "operatingIncomeRatio": -0.010418311, "totalOtherIncomeExpensesNet": 802000000, "incomeBeforeTax": 736000000, "incomeBeforeTaxRatio": 0.1161799526, "incomeTaxExpense": 350000000, "netIncome": 419000000, "netIncomeRatio": 0.0661404893, "eps": 0.24, "epsdiluted": 0.24, "weightedAverageShsOut": 1735272054, "weightedAverageShsOutDil": 1735272054, "link": "https://www.sec.gov/Archives/edgar/data/1800/000110465917029430/0001104659-17-029430-index.htm", "finalLink": "https://www.sec.gov/Archives/edgar/data/1800/000110465917029430/a17-8899_110q.htm"}, {"date": "2016-12-31", "symbol": "ABT", "reportedCurrency": "USD", "cik": "0000001800", "fillingDate": "2017-02-17", "acceptedDate": "2017-02-17 16:17:24", "calendarYear": "2016", "period": "Q4", "revenue": 5333000000, "costOfRevenue": 2416000000, "grossProfit": 2917000000, "grossProfitRatio": 0.5469716857, "researchAndDevelopmentExpenses": 338000000, "generalAndAdministrativeExpenses": 1609000000, "sellingAndMarketingExpenses": 0, "sellingGeneralAndAdministrativeExpenses": 1604000000, "otherExpenses": 0, "operatingExpenses": 1942000000, "costAndExpenses": 4358000000, "interestIncome": 24000000, "interestExpense": 0, "depreciationAndAmortization": 319000000, "ebitda": 1125000000, "ebitdaratio": 0.2109506844, "operatingIncome": 975000000, "operatingIncomeRatio": 0.1828239265, "totalOtherIncomeExpensesNet": -100000000, "incomeBeforeTax": 875000000, "incomeBeforeTaxRatio": 0.1640727545, "incomeTaxExpense": 110000000, "netIncome": 798000000, "netIncomeRatio": 0.1496343521, "eps": 0.54, "epsdiluted": 0.54, "weightedAverageShsOut": 1472869205, "weightedAverageShsOutDil": 1483000000, "link": "https://www.sec.gov/Archives/edgar/data/1800/000104746917000744/0001047469-17-000744-index.htm", "finalLink": "https://www.sec.gov/Archives/edgar/data/1800/000104746917000744/a2230875z10-k.htm"}, {"date": "2016-09-30", "symbol": "ABT", "reportedCurrency": "USD", "cik": "0000001800", "fillingDate": "2016-11-03", "acceptedDate": "2016-11-03 16:26:45", "calendarYear": "2016", "period": "Q3", "revenue": 5302000000, "costOfRevenue": 2430000000, "grossProfit": 2872000000, "grossProfitRatio": 0.541682384, "researchAndDevelopmentExpenses": 336000000, "generalAndAdministrativeExpenses": 1628000000, "sellingAndMarketingExpenses": 0, "sellingGeneralAndAdministrativeExpenses": 1618000000, "otherExpenses": 0, "operatingExpenses": 1954000000, "costAndExpenses": 4384000000, "interestIncome": 22000000, "interestExpense": 67000000, "depreciationAndAmortization": 340000000, "ebitda": 228000000, "ebitdaratio": 0.0430026405, "operatingIncome": 918000000, "operatingIncomeRatio": 0.1731422105, "totalOtherIncomeExpensesNet": -1097000000, "incomeBeforeTax": -179000000, "incomeBeforeTaxRatio": -0.033760845, "incomeTaxExpense": 178000000, "netIncome": -329000000, "netIncomeRatio": -0.0620520558, "eps": -0.22, "epsdiluted": -0.22, "weightedAverageShsOut": 1472309523, "weightedAverageShsOutDil": 1476000000, "link": "https://www.sec.gov/Archives/edgar/data/1800/000110465916154583/0001104659-16-154583-index.htm", "finalLink": "https://www.sec.gov/Archives/edgar/data/1800/000110465916154583/a16-17215_110q.htm"}, {"date": "2016-06-30", "symbol": "ABT", "reportedCurrency": "USD", "cik": "0000001800", "fillingDate": "2016-08-03", "acceptedDate": "2016-08-03 16:32:32", "calendarYear": "2016", "period": "Q2", "revenue": 5333000000, "costOfRevenue": 2287000000, "grossProfit": 3046000000, "grossProfitRatio": 0.5711606975, "researchAndDevelopmentExpenses": 348000000, "generalAndAdministrativeExpenses": 1737000000, "sellingAndMarketingExpenses": 0, "sellingGeneralAndAdministrativeExpenses": 1737000000, "otherExpenses": -8000000, "operatingExpenses": 2230000000, "costAndExpenses": 4517000000, "interestIncome": 20000000, "interestExpense": 103000000, "depreciationAndAmortization": 347000000, "ebitda": 1165000000, "ebitdaratio": 0.2184511532, "operatingIncome": 816000000, "operatingIncomeRatio": 0.1530095631, "totalOtherIncomeExpensesNet": -101000000, "incomeBeforeTax": 715000000, "incomeBeforeTaxRatio": 0.1340708794, "incomeTaxExpense": 116000000, "netIncome": 615000000, "netIncomeRatio": 0.1153197075, "eps": 0.42, "epsdiluted": 0.42, "weightedAverageShsOut": 1469995415, "weightedAverageShsOutDil": 1480000000, "link": "https://www.sec.gov/Archives/edgar/data/1800/000110465916136572/0001104659-16-136572-index.htm", "finalLink": "https://www.sec.gov/Archives/edgar/data/1800/000110465916136572/a16-11615_110q.htm"}, {"date": "2016-03-31", "symbol": "ABT", "reportedCurrency": "USD", "cik": "0000001800", "fillingDate": "2016-05-04", "acceptedDate": "2016-05-04 16:32:12", "calendarYear": "2016", "period": "Q1", "revenue": 4885000000, "costOfRevenue": 2140000000, "grossProfit": 2745000000, "grossProfitRatio": 0.5619242579, "researchAndDevelopmentExpenses": 379000000, "generalAndAdministrativeExpenses": 1698000000, "sellingAndMarketingExpenses": 0, "sellingGeneralAndAdministrativeExpenses": 1698000000, "otherExpenses": -19000000, "operatingExpenses": 2221000000, "costAndExpenses": 4361000000, "interestIncome": 33000000, "interestExpense": 58000000, "depreciationAndAmortization": 347000000, "ebitda": 407000000, "ebitdaratio": 0.0833162743, "operatingIncome": 524000000, "operatingIncomeRatio": 0.1072671443, "totalOtherIncomeExpensesNet": -522000000, "incomeBeforeTax": 2000000, "incomeBeforeTaxRatio": 0.0004094166, "incomeTaxExpense": -54000000, "netIncome": 316000000, "netIncomeRatio": 0.0646878199, "eps": 0.22, "epsdiluted": 0.21, "weightedAverageShsOut": 1469152033, "weightedAverageShsOutDil": 1484000000, "link": "https://www.sec.gov/Archives/edgar/data/1800/000110465916117710/0001104659-16-117710-index.htm", "finalLink": "https://www.sec.gov/Archives/edgar/data/1800/000110465916117710/a16-6519_110q.htm"}, {"date": "2015-12-31", "symbol": "ABT", "reportedCurrency": "USD", "cik": "0000001800", "fillingDate": "2016-02-19", "acceptedDate": "2016-02-19 15:48:41", "calendarYear": "2015", "period": "Q4", "revenue": 5188000000, "costOfRevenue": 2206000000, "grossProfit": 2982000000, "grossProfitRatio": 0.5747879722, "researchAndDevelopmentExpenses": 369000000, "generalAndAdministrativeExpenses": 1655000000, "sellingAndMarketingExpenses": 0, "sellingGeneralAndAdministrativeExpenses": 1655000000, "otherExpenses": 0, "operatingExpenses": 2167000000, "costAndExpenses": 4373000000, "interestIncome": 32000000, "interestExpense": 41000000, "depreciationAndAmortization": 366000000, "ebitda": 1237000000, "ebitdaratio": 0.2384348497, "operatingIncome": 815000000, "operatingIncomeRatio": 0.1570932922, "totalOtherIncomeExpensesNet": 15000000, "incomeBeforeTax": 830000000, "incomeBeforeTaxRatio": 0.1599845798, "incomeTaxExpense": 135000000, "netIncome": 767000000, "netIncomeRatio": 0.1478411719, "eps": 0.52, "epsdiluted": 0.51, "weightedAverageShsOut": 1472665052, "weightedAverageShsOutDil": 1498000000, "link": "https://www.sec.gov/Archives/edgar/data/1800/000104746916010246/0001047469-16-010246-index.htm", "finalLink": "https://www.sec.gov/Archives/edgar/data/1800/000104746916010246/a2227279z10-k.htm"}, {"date": "2015-09-30", "symbol": "ABT", "reportedCurrency": "USD", "cik": "0000001800", "fillingDate": "2015-11-05", "acceptedDate": "2015-11-05 14:37:57", "calendarYear": "2015", "period": "Q3", "revenue": 5150000000, "costOfRevenue": 2242000000, "grossProfit": 2908000000, "grossProfitRatio": 0.5646601942, "researchAndDevelopmentExpenses": 378000000, "generalAndAdministrativeExpenses": 1666000000, "sellingAndMarketingExpenses": 0, "sellingGeneralAndAdministrativeExpenses": 1666000000, "otherExpenses": 3000000, "operatingExpenses": 2195000000, "costAndExpenses": 4437000000, "interestIncome": 25000000, "interestExpense": 41000000, "depreciationAndAmortization": 383000000, "ebitda": 1138000000, "ebitdaratio": 0.2209708738, "operatingIncome": 713000000, "operatingIncomeRatio": 0.1384466019, "totalOtherIncomeExpensesNet": 1000000, "incomeBeforeTax": 714000000, "incomeBeforeTaxRatio": 0.1386407767, "incomeTaxExpense": 118000000, "netIncome": 580000000, "netIncomeRatio": 0.1126213592, "eps": 0.39, "epsdiluted": 0.39, "weightedAverageShsOut": 1491719891, "weightedAverageShsOutDil": 1505000000, "link": "https://www.sec.gov/Archives/edgar/data/1800/000110465915076189/0001104659-15-076189-index.htm", "finalLink": "https://www.sec.gov/Archives/edgar/data/1800/000110465915076189/a15-17845_110q.htm"}, {"date": "2015-06-30", "symbol": "ABT", "reportedCurrency": "USD", "cik": "0000001800", "fillingDate": "2015-08-04", "acceptedDate": "2015-08-04 16:28:00", "calendarYear": "2015", "period": "Q2", "revenue": 5170000000, "costOfRevenue": 2218000000, "grossProfit": 2952000000, "grossProfitRatio": 0.5709864603, "researchAndDevelopmentExpenses": 345000000, "generalAndAdministrativeExpenses": 1727000000, "sellingAndMarketingExpenses": 0, "sellingGeneralAndAdministrativeExpenses": 1727000000, "otherExpenses": 279000000, "operatingExpenses": 2223000000, "costAndExpenses": 4441000000, "interestIncome": 27000000, "interestExpense": 44000000, "depreciationAndAmortization": 352000000, "ebitda": 1382000000, "ebitdaratio": 0.267311412, "operatingIncome": 729000000, "operatingIncomeRatio": 0.1410058027, "totalOtherIncomeExpensesNet": 257000000, "incomeBeforeTax": 986000000, "incomeBeforeTaxRatio": 0.1907156673, "incomeTaxExpense": 200000000, "netIncome": 784000000, "netIncomeRatio": 0.1516441006, "eps": 0.53, "epsdiluted": 0.52, "weightedAverageShsOut": 1490441465, "weightedAverageShsOutDil": 1504000000, "link": "https://www.sec.gov/Archives/edgar/data/1800/000110465915055905/0001104659-15-055905-index.htm", "finalLink": "https://www.sec.gov/Archives/edgar/data/1800/000110465915055905/a15-11917_110q.htm"}, {"date": "2015-03-31", "symbol": "ABT", "reportedCurrency": "USD", "cik": "0000001800", "fillingDate": "2015-05-06", "acceptedDate": "2015-05-06 16:56:54", "calendarYear": "2015", "period": "Q1", "revenue": 4897000000, "costOfRevenue": 2081000000, "grossProfit": 2816000000, "grossProfitRatio": 0.5750459465, "researchAndDevelopmentExpenses": 313000000, "generalAndAdministrativeExpenses": 1737000000, "sellingAndMarketingExpenses": 0, "sellingGeneralAndAdministrativeExpenses": 1737000000, "otherExpenses": 5000000, "operatingExpenses": 2206000000, "costAndExpenses": 4287000000, "interestIncome": 21000000, "interestExpense": 37000000, "depreciationAndAmortization": 371000000, "ebitda": 1061000000, "ebitdaratio": 0.2166632632, "operatingIncome": 610000000, "operatingIncomeRatio": 0.1245660609, "totalOtherIncomeExpensesNet": 43000000, "incomeBeforeTax": 653000000, "incomeBeforeTaxRatio": 0.1333469471, "incomeTaxExpense": 124000000, "netIncome": 2292000000, "netIncomeRatio": 0.4680416582, "eps": 1.54, "epsdiluted": 1.51, "weightedAverageShsOut": 1488757318, "weightedAverageShsOutDil": 1516000000, "link": "https://www.sec.gov/Archives/edgar/data/1800/000110465915034919/0001104659-15-034919-index.htm", "finalLink": "https://www.sec.gov/Archives/edgar/data/1800/000110465915034919/a15-7009_110q.htm"}, {"date": "2014-12-31", "symbol": "ABT", "reportedCurrency": "USD", "cik": "0000001800", "fillingDate": "2015-02-27", "acceptedDate": "2015-02-27 12:57:49", "calendarYear": "2014", "period": "Q4", "revenue": 5356000000, "costOfRevenue": 2337000000, "grossProfit": 3019000000, "grossProfitRatio": 0.5636669156, "researchAndDevelopmentExpenses": 361000000, "generalAndAdministrativeExpenses": 1644000000, "sellingAndMarketingExpenses": 22000000, "sellingGeneralAndAdministrativeExpenses": 1666000000, "otherExpenses": 0, "operatingExpenses": 1693000000, "costAndExpenses": 4463000000, "interestIncome": 23000000, "interestExpense": 43000000, "depreciationAndAmortization": 356000000, "ebitda": 1240000000, "ebitdaratio": 0.2315160568, "operatingIncome": 829000000, "operatingIncomeRatio": 0.1547796863, "totalOtherIncomeExpensesNet": -27000000, "incomeBeforeTax": 804000000, "incomeBeforeTaxRatio": 0.1501120239, "incomeTaxExpense": 170000000, "netIncome": 904000000, "netIncomeRatio": 0.1687826736, "eps": 0.6, "epsdiluted": 0.59, "weightedAverageShsOut": 1508035434, "weightedAverageShsOutDil": 1522000000, "link": "https://www.sec.gov/Archives/edgar/data/1800/000104746915001377/0001047469-15-001377-index.htm", "finalLink": "https://www.sec.gov/Archives/edgar/data/1800/000104746915001377/a2222655z10-k.htm"}, {"date": "2014-09-30", "symbol": "ABT", "reportedCurrency": "USD", "cik": "0000001800", "fillingDate": "2014-11-06", "acceptedDate": "2014-11-06 17:01:19", "calendarYear": "2014", "period": "Q3", "revenue": 5104000000, "costOfRevenue": 2331000000, "grossProfit": 2773000000, "grossProfitRatio": 0.543299373, "researchAndDevelopmentExpenses": 307000000, "generalAndAdministrativeExpenses": 1603000000, "sellingAndMarketingExpenses": 0, "sellingGeneralAndAdministrativeExpenses": 1603000000, "otherExpenses": 3000000, "operatingExpenses": 2042000000, "costAndExpenses": 4351000000, "interestIncome": 18000000, "interestExpense": 35000000, "depreciationAndAmortization": 355000000, "ebitda": 1105000000, "ebitdaratio": 0.2164968652, "operatingIncome": 731000000, "operatingIncomeRatio": 0.1432210031, "totalOtherIncomeExpensesNet": -13000000, "incomeBeforeTax": 718000000, "incomeBeforeTaxRatio": 0.1406739812, "incomeTaxExpense": 278000000, "netIncome": 538000000, "netIncomeRatio": 0.1054075235, "eps": 0.36, "epsdiluted": 0.35, "weightedAverageShsOut": 1505790586, "weightedAverageShsOutDil": 1520000000, "link": "https://www.sec.gov/Archives/edgar/data/1800/000110465914077769/0001104659-14-077769-index.htm", "finalLink": "https://www.sec.gov/Archives/edgar/data/1800/000110465914077769/a14-19718_110q.htm"}, {"date": "2014-06-30", "symbol": "ABT", "reportedCurrency": "USD", "cik": "0000001800", "fillingDate": "2014-08-05", "acceptedDate": "2014-08-05 16:32:05", "calendarYear": "2014", "period": "Q2", "revenue": 5551000000, "costOfRevenue": 2506000000, "grossProfit": 3045000000, "grossProfitRatio": 0.5485498108, "researchAndDevelopmentExpenses": 335000000, "generalAndAdministrativeExpenses": 1788000000, "sellingAndMarketingExpenses": 0, "sellingGeneralAndAdministrativeExpenses": 1788000000, "otherExpenses": -3000000, "operatingExpenses": 2092000000, "costAndExpenses": 4380000000, "interestIncome": 19000000, "interestExpense": 36000000, "depreciationAndAmortization": 400000000, "ebitda": 1094000000, "ebitdaratio": 0.1970816069, "operatingIncome": 677000000, "operatingIncomeRatio": 0.1219600072, "totalOtherIncomeExpensesNet": -24000000, "incomeBeforeTax": 737000000, "incomeBeforeTaxRatio": 0.1327688705, "incomeTaxExpense": 277000000, "netIncome": 466000000, "netIncomeRatio": 0.083948838, "eps": 0.31, "epsdiluted": 0.31, "weightedAverageShsOut": 1503699033, "weightedAverageShsOutDil": 1517000000, "link": "https://www.sec.gov/Archives/edgar/data/1800/000110465914056950/0001104659-14-056950-index.htm", "finalLink": "https://www.sec.gov/Archives/edgar/data/1800/000110465914056950/a14-13985_110q.htm"}, {"date": "2014-03-31", "symbol": "ABT", "reportedCurrency": "USD", "cik": "0000001800", "fillingDate": "2014-05-07", "acceptedDate": "2014-05-07 16:47:07", "calendarYear": "2014", "period": "Q1", "revenue": 5244000000, "costOfRevenue": 2470000000, "grossProfit": 2774000000, "grossProfitRatio": 0.5289855072, "researchAndDevelopmentExpenses": 387000000, "generalAndAdministrativeExpenses": 1762000000, "sellingAndMarketingExpenses": 0, "sellingGeneralAndAdministrativeExpenses": 1762000000, "otherExpenses": -3000000, "operatingExpenses": 2116000000, "costAndExpenses": 4390000000, "interestIncome": 16000000, "interestExpense": 36000000, "depreciationAndAmortization": 398000000, "ebitda": 775000000, "ebitdaratio": 0.1477879481, "operatingIncome": 365000000, "operatingIncomeRatio": 0.0696033562, "totalOtherIncomeExpensesNet": -28000000, "incomeBeforeTax": 423000000, "incomeBeforeTaxRatio": 0.0806636156, "incomeTaxExpense": 84000000, "netIncome": 375000000, "netIncomeRatio": 0.0715102975, "eps": 0.25, "epsdiluted": 0.24, "weightedAverageShsOut": 1501938538, "weightedAverageShsOutDil": 1548000000, "link": "https://www.sec.gov/Archives/edgar/data/1800/000110465914035832/0001104659-14-035832-index.htm", "finalLink": "https://www.sec.gov/Archives/edgar/data/1800/000110465914035832/a14-9371_110q.htm"}, {"date": "2013-12-31", "symbol": "ABT", "reportedCurrency": "USD", "cik": "0000001800", "fillingDate": "2014-02-21", "acceptedDate": "2014-02-21 17:16:35", "calendarYear": "2013", "period": "Q4", "revenue": 5655000000, "costOfRevenue": 2613000000, "grossProfit": 3042000000, "grossProfitRatio": 0.5379310345, "researchAndDevelopmentExpenses": 386000000, "generalAndAdministrativeExpenses": 1701473000, "sellingAndMarketingExpenses": -473000, "sellingGeneralAndAdministrativeExpenses": 1701000000, "otherExpenses": 0, "operatingExpenses": 2285649000, "costAndExpenses": 4386000000, "interestIncome": 19005000, "interestExpense": 35918000, "depreciationAndAmortization": 425625000, "ebitda": 1198849000, "ebitdaratio": 0.2119980548, "operatingIncome": 757000000, "operatingIncomeRatio": 0.1338638373, "totalOtherIncomeExpensesNet": -19091000, "incomeBeforeTax": 737000000, "incomeBeforeTaxRatio": 0.1303271441, "incomeTaxExpense": 148000000, "netIncome": 589551000, "netIncomeRatio": 0.1042530504, "eps": 0.38, "epsdiluted": 0.38, "weightedAverageShsOut": 1548098286, "weightedAverageShsOutDil": 1567000000, "link": "https://www.sec.gov/Archives/edgar/data/1800/000104746914001176/0001047469-14-001176-index.htm", "finalLink": "https://www.sec.gov/Archives/edgar/data/1800/000104746914001176/a2218043z10-k.htm"}, {"date": "2013-09-30", "symbol": "ABT", "reportedCurrency": "USD", "cik": "0000001800", "fillingDate": "2013-11-07", "acceptedDate": "2013-11-07 16:05:51", "calendarYear": "2013", "period": "Q3", "revenue": 5369000000, "costOfRevenue": 2450000000, "grossProfit": 2919000000, "grossProfitRatio": 0.5436766623, "researchAndDevelopmentExpenses": 357000000, "generalAndAdministrativeExpenses": 1734693000, "sellingAndMarketingExpenses": 307000, "sellingGeneralAndAdministrativeExpenses": 1735000000, "otherExpenses": 27000000, "operatingExpenses": 2097000000, "costAndExpenses": 4352000000, "interestIncome": 16044000, "interestExpense": 37000000, "depreciationAndAmortization": 436000000, "ebitda": 954000000, "ebitdaratio": 0.1776867201, "operatingIncome": 473000000, "operatingIncomeRatio": 0.0880983423, "totalOtherIncomeExpensesNet": -149000000, "incomeBeforeTax": 628000000, "incomeBeforeTaxRatio": 0.116967778, "incomeTaxExpense": -145000000, "netIncome": 966000000, "netIncomeRatio": 0.1799217731, "eps": 0.62, "epsdiluted": 0.62, "weightedAverageShsOut": 1546185646, "weightedAverageShsOutDil": 1567000000, "link": "https://www.sec.gov/Archives/edgar/data/1800/000110465913082270/0001104659-13-082270-index.htm", "finalLink": "https://www.sec.gov/Archives/edgar/data/1800/000110465913082270/a13-19626_110q.htm"}, {"date": "2013-06-30", "symbol": "ABT", "reportedCurrency": "USD", "cik": "0000001800", "fillingDate": "2013-08-06", "acceptedDate": "2013-08-06 12:33:40", "calendarYear": "2013", "period": "Q2", "revenue": 5446000000, "costOfRevenue": 2545000000, "grossProfit": 2901000000, "grossProfitRatio": 0.5326845391, "researchAndDevelopmentExpenses": 363000000, "generalAndAdministrativeExpenses": 1714275000, "sellingAndMarketingExpenses": -275000, "sellingGeneralAndAdministrativeExpenses": 1714000000, "otherExpenses": 0, "operatingExpenses": 2274000000, "costAndExpenses": 4819000000, "interestIncome": 16901000, "interestExpense": 40000000, "depreciationAndAmortization": 436000000, "ebitda": 832000000, "ebitdaratio": 0.1527726772, "operatingIncome": 627000000, "operatingIncomeRatio": 0.1151303709, "totalOtherIncomeExpensesNet": -26000000, "incomeBeforeTax": 601000000, "incomeBeforeTaxRatio": 0.1103562248, "incomeTaxExpense": 125000000, "netIncome": 476000000, "netIncomeRatio": 0.087403599, "eps": 0.31, "epsdiluted": 0.3, "weightedAverageShsOut": 1554125355, "weightedAverageShsOutDil": 1577000000, "link": "https://www.sec.gov/Archives/edgar/data/1800/000110465913060300/0001104659-13-060300-index.htm", "finalLink": "https://www.sec.gov/Archives/edgar/data/1800/000110465913060300/a13-13745_110q.htm"}, {"date": "2013-03-31", "symbol": "ABT", "reportedCurrency": "USD", "cik": "0000001800", "fillingDate": "2013-05-08", "acceptedDate": "2013-05-08 15:33:31", "calendarYear": "2013", "period": "Q1", "revenue": 5378000000, "costOfRevenue": 2432000000, "grossProfit": 2946000000, "grossProfitRatio": 0.5477872815, "researchAndDevelopmentExpenses": 346000000, "generalAndAdministrativeExpenses": 1785559000, "sellingAndMarketingExpenses": 441000, "sellingGeneralAndAdministrativeExpenses": 1786000000, "otherExpenses": 0, "operatingExpenses": 2331000000, "costAndExpenses": 4763000000, "interestIncome": 15050000, "interestExpense": 41000000, "depreciationAndAmortization": 421000000, "ebitda": 1016000000, "ebitdaratio": 0.1889178133, "operatingIncome": 615000000, "operatingIncomeRatio": 0.1143547787, "totalOtherIncomeExpensesNet": -61000000, "incomeBeforeTax": 554000000, "incomeBeforeTaxRatio": 0.1030122722, "incomeTaxExpense": 10000000, "netIncome": 544000000, "netIncomeRatio": 0.1011528449, "eps": 0.35, "epsdiluted": 0.34, "weightedAverageShsOut": 1558864658, "weightedAverageShsOutDil": 1586000000, "link": "https://www.sec.gov/Archives/edgar/data/1800/000110465913038811/0001104659-13-038811-index.htm", "finalLink": "https://www.sec.gov/Archives/edgar/data/1800/000110465913038811/a13-8423_110q.htm"}, {"date": "2012-12-31", "symbol": "ABT", "reportedCurrency": "USD", "cik": "0000001800", "fillingDate": "2013-02-15", "acceptedDate": "2013-02-15 15:15:07", "calendarYear": "2012", "period": "Q4", "revenue": 10836936000, "costOfRevenue": 4059410000, "grossProfit": 6777526000, "grossProfitRatio": 0.6254098022, "researchAndDevelopmentExpenses": 1141431000, "generalAndAdministrativeExpenses": 3192772000, "sellingAndMarketingExpenses": 0, "sellingGeneralAndAdministrativeExpenses": 3192772000, "otherExpenses": 0, "operatingExpenses": 4334203000, "costAndExpenses": 8393613000, "interestIncome": 23072000, "interestExpense": 186312000, "depreciationAndAmortization": 588777000, "ebitda": 1648976000, "ebitdaratio": 0.152162567, "operatingIncome": 2415323000, "operatingIncomeRatio": 0.2228787731, "totalOtherIncomeExpensesNet": 363279000, "incomeBeforeTax": 873887000, "incomeBeforeTaxRatio": 0.0806396753, "incomeTaxExpense": -179494000, "netIncome": 1053381000, "netIncomeRatio": 0.0972028441, "eps": 0.68, "epsdiluted": 0.66, "weightedAverageShsOut": 1558864658, "weightedAverageShsOutDil": 1586000000, "link": "https://www.sec.gov/Archives/edgar/data/1800/000104746913001180/0001047469-13-001180-index.htm", "finalLink": "https://www.sec.gov/Archives/edgar/data/1800/000104746913001180/a2212523z10-k.htm"}, {"date": "2012-09-30", "symbol": "ABT", "reportedCurrency": "USD", "cik": "0000001800", "fillingDate": "2012-11-07", "acceptedDate": "2012-11-07 14:04:37", "calendarYear": "2012", "period": "Q3", "revenue": 9773000000, "costOfRevenue": 3698000000, "grossProfit": 6075000000, "grossProfitRatio": 0.6216105597, "researchAndDevelopmentExpenses": 1164000000, "generalAndAdministrativeExpenses": 2921923000, "sellingAndMarketingExpenses": 77000, "sellingGeneralAndAdministrativeExpenses": 2922000000, "otherExpenses": 0, "operatingExpenses": 4086000000, "costAndExpenses": 7784000000, "interestIncome": 63865000, "interestExpense": 152034000, "depreciationAndAmortization": 759728000, "ebitda": 1143073000, "ebitdaratio": 0.1169623452, "operatingIncome": 310017000, "operatingIncomeRatio": 0.0317217845, "totalOtherIncomeExpensesNet": -78706000, "incomeBeforeTax": 1872000000, "incomeBeforeTaxRatio": 0.1915481428, "incomeTaxExpense": -71000000, "netIncome": 1942806000, "netIncomeRatio": 0.1987932058, "eps": 1.23, "epsdiluted": 1.22, "weightedAverageShsOut": 1580667737, "weightedAverageShsOutDil": 1594000000, "link": "https://www.sec.gov/Archives/edgar/data/1800/000110465912075249/0001104659-12-075249-index.htm", "finalLink": "https://www.sec.gov/Archives/edgar/data/1800/000110465912075249/a12-19893_110q.htm"}, {"date": "2012-06-30", "symbol": "ABT", "reportedCurrency": "USD", "cik": "0000001800", "fillingDate": "2012-08-07", "acceptedDate": "2012-08-07 14:37:36", "calendarYear": "2012", "period": "Q2", "revenue": 9807000000, "costOfRevenue": 3637000000, "grossProfit": 6170000000, "grossProfitRatio": 0.6291424493, "researchAndDevelopmentExpenses": 1011000000, "generalAndAdministrativeExpenses": 2944492000, "sellingAndMarketingExpenses": 508000, "sellingGeneralAndAdministrativeExpenses": 2945000000, "otherExpenses": 0, "operatingExpenses": 3956000000, "costAndExpenses": 7702679000, "interestIncome": 20461000, "interestExpense": 83288000, "depreciationAndAmortization": 691435000, "ebitda": 1304227000, "ebitdaratio": 0.1329893953, "operatingIncome": 564190000, "operatingIncomeRatio": 0.0575293158, "totalOtherIncomeExpensesNet": 1438810000, "incomeBeforeTax": 2003000000, "incomeBeforeTaxRatio": 0.2042418681, "incomeTaxExpense": 278000000, "netIncome": 1724612000, "netIncomeRatio": 0.1758552055, "eps": 1.1, "epsdiluted": 1.09, "weightedAverageShsOut": 1569333729, "weightedAverageShsOutDil": 1589000000, "link": "https://www.sec.gov/Archives/edgar/data/1800/000110465912055154/0001104659-12-055154-index.htm", "finalLink": "https://www.sec.gov/Archives/edgar/data/1800/000110465912055154/a12-13675_110q.htm"}, {"date": "2012-03-31", "symbol": "ABT", "reportedCurrency": "USD", "cik": "0000001800", "fillingDate": "2012-05-08", "acceptedDate": "2012-05-08 15:38:12", "calendarYear": "2012", "period": "Q1", "revenue": 9457000000, "costOfRevenue": 3725000000, "grossProfit": 5732000000, "grossProfitRatio": 0.6061118748, "researchAndDevelopmentExpenses": 1006000000, "generalAndAdministrativeExpenses": 3000308000, "sellingAndMarketingExpenses": -308000, "sellingGeneralAndAdministrativeExpenses": 3000000000, "otherExpenses": 0, "operatingExpenses": 4006000000, "costAndExpenses": 7880911000, "interestIncome": 17437000, "interestExpense": 82080000, "depreciationAndAmortization": 743267000, "ebitda": 1288723000, "ebitdaratio": 0.1362718621, "operatingIncome": 509185000, "operatingIncomeRatio": 0.0538421275, "totalOtherIncomeExpensesNet": 1003815000, "incomeBeforeTax": 1513000000, "incomeBeforeTaxRatio": 0.159987311, "incomeTaxExpense": 271000000, "netIncome": 1242124000, "netIncomeRatio": 0.131344401, "eps": 0.79, "epsdiluted": 0.78, "weightedAverageShsOut": 1573391467, "weightedAverageShsOutDil": 1590000000, "link": "https://www.sec.gov/Archives/edgar/data/1800/000110465912034444/0001104659-12-034444-index.htm", "finalLink": "https://www.sec.gov/Archives/edgar/data/1800/000110465912034444/a12-7133_110q.htm"}, {"date": "2011-12-31", "symbol": "ABT", "reportedCurrency": "USD", "cik": "0000001800", "fillingDate": "2012-02-21", "acceptedDate": "2012-02-21 15:11:18", "calendarYear": "2011", "period": "Q4", "revenue": 10377453000, "costOfRevenue": 3837875000, "grossProfit": 6539578000, "grossProfitRatio": 0.6301717772, "researchAndDevelopmentExpenses": 1151607000, "generalAndAdministrativeExpenses": 2905503000, "sellingAndMarketingExpenses": 0, "sellingGeneralAndAdministrativeExpenses": 2905503000, "otherExpenses": 0, "operatingExpenses": 4457110000, "costAndExpenses": 8294985000, "interestIncome": 23796000, "interestExpense": 126086000, "depreciationAndAmortization": 648429000, "ebitda": 2728220000, "ebitdaratio": 0.2628988057, "operatingIncome": 2082468000, "operatingIncomeRatio": 0.2006723615, "totalOtherIncomeExpensesNet": -5746324815000, "incomeBeforeTax": 1953705000, "incomeBeforeTaxRatio": 0.1882644036, "incomeTaxExpense": 335037000, "netIncome": 1618668000, "netIncomeRatio": 0.155979314, "eps": 1.03, "epsdiluted": 1.02, "weightedAverageShsOut": 1573391467, "weightedAverageShsOutDil": 1590000000, "link": "https://www.sec.gov/Archives/edgar/data/1800/000104746912001216/0001047469-12-001216-index.htm", "finalLink": "https://www.sec.gov/Archives/edgar/data/1800/000104746912001216/a2207147z10-k.htm"}, {"date": "2011-09-30", "symbol": "ABT", "reportedCurrency": "USD", "cik": "0000001800", "fillingDate": "2011-11-04", "acceptedDate": "2011-11-04 14:00:54", "calendarYear": "2011", "period": "Q3", "revenue": 9817000000, "costOfRevenue": 3973000000, "grossProfit": 5844000000, "grossProfitRatio": 0.595293878, "researchAndDevelopmentExpenses": 1010000000, "generalAndAdministrativeExpenses": 4238910000, "sellingAndMarketingExpenses": 90000, "sellingGeneralAndAdministrativeExpenses": 4239000000, "otherExpenses": 0, "operatingExpenses": 5249000000, "costAndExpenses": 9222000000, "interestIncome": 20816000, "interestExpense": 124339000, "depreciationAndAmortization": 838386000, "ebitda": 1464320000, "ebitdaratio": 0.1491616583, "operatingIncome": 595000000, "operatingIncomeRatio": 0.0606091474, "totalOtherIncomeExpensesNet": -93283000, "incomeBeforeTax": 501000000, "incomeBeforeTaxRatio": 0.0510339207, "incomeTaxExpense": 198000000, "netIncome": 303181000, "netIncomeRatio": 0.0308832637, "eps": 0.19, "epsdiluted": 0.19, "weightedAverageShsOut": 1557795578, "weightedAverageShsOutDil": 1568000000, "link": "https://www.sec.gov/Archives/edgar/data/1800/000110465911061064/0001104659-11-061064-index.htm", "finalLink": "https://www.sec.gov/Archives/edgar/data/1800/000110465911061064/a11-25611_110q.htm"}, {"date": "2011-06-30", "symbol": "ABT", "reportedCurrency": "USD", "cik": "0000001800", "fillingDate": "2011-08-04", "acceptedDate": "2011-08-04 15:04:36", "calendarYear": "2011", "period": "Q2", "revenue": 9616000000, "costOfRevenue": 3870000000, "grossProfit": 5746000000, "grossProfitRatio": 0.5975457571, "researchAndDevelopmentExpenses": 1038000000, "generalAndAdministrativeExpenses": 2762086000, "sellingAndMarketingExpenses": -86000, "sellingGeneralAndAdministrativeExpenses": 2762000000, "otherExpenses": 0, "operatingExpenses": 3800000000, "costAndExpenses": 7842838000, "interestIncome": 18868000, "interestExpense": 134129000, "depreciationAndAmortization": 811412000, "ebitda": 2620097000, "ebitdaratio": 0.2724726498, "operatingIncome": 1773000000, "operatingIncomeRatio": 0.1843801997, "totalOtherIncomeExpensesNet": -98897000, "incomeBeforeTax": 1675000000, "incomeBeforeTaxRatio": 0.1741888519, "incomeTaxExpense": -268000000, "netIncome": 1942782000, "netIncomeRatio": 0.2020363977, "eps": 1.25, "epsdiluted": 1.24, "weightedAverageShsOut": 1556576533, "weightedAverageShsOutDil": 1566000000, "link": "https://www.sec.gov/Archives/edgar/data/1800/000110465911043664/0001104659-11-043664-index.htm", "finalLink": "https://www.sec.gov/Archives/edgar/data/1800/000110465911043664/a11-13772_110q.htm"}, {"date": "2011-03-31", "symbol": "ABT", "reportedCurrency": "USD", "cik": "0000001800", "fillingDate": "2011-05-06", "acceptedDate": "2011-05-06 14:14:37", "calendarYear": "2011", "period": "Q1", "revenue": 9041000000, "costOfRevenue": 3859000000, "grossProfit": 5182000000, "grossProfitRatio": 0.5731666851, "researchAndDevelopmentExpenses": 930000000, "generalAndAdministrativeExpenses": 2850318000, "sellingAndMarketingExpenses": 682000, "sellingGeneralAndAdministrativeExpenses": 2851000000, "otherExpenses": 0, "operatingExpenses": 3781000000, "costAndExpenses": 7739701000, "interestIncome": 21716000, "interestExpense": 145587000, "depreciationAndAmortization": 745667000, "ebitda": 1960040000, "ebitdaratio": 0.2167946024, "operatingIncome": 1301000000, "operatingIncomeRatio": 0.1439000111, "totalOtherIncomeExpensesNet": -232363000, "incomeBeforeTax": 1069000000, "incomeBeforeTaxRatio": 0.1182391328, "incomeTaxExpense": 205000000, "netIncome": 863818000, "netIncomeRatio": 0.0955445194, "eps": 0.56, "epsdiluted": 0.55, "weightedAverageShsOut": 1554282988, "weightedAverageShsOutDil": 1559000000, "link": "https://www.sec.gov/Archives/edgar/data/1800/000110465911026773/0001104659-11-026773-index.htm", "finalLink": "https://www.sec.gov/Archives/edgar/data/1800/000110465911026773/a11-5994_110q.htm"}, {"date": "2010-12-31", "symbol": "ABT", "reportedCurrency": "USD", "cik": "0000001800", "fillingDate": "2011-02-18", "acceptedDate": "2011-02-18 15:03:18", "calendarYear": "2010", "period": "Q4", "revenue": 9967848000, "costOfRevenue": 4045040000, "grossProfit": 5922808000, "grossProfitRatio": 0.5941912437, "researchAndDevelopmentExpenses": 1295632000, "generalAndAdministrativeExpenses": 2797229000, "sellingAndMarketingExpenses": 0, "sellingGeneralAndAdministrativeExpenses": 2797229000, "otherExpenses": 0, "operatingExpenses": 4092861000, "costAndExpenses": 8137901000, "interestIncome": 22160000, "interestExpense": 151344000, "depreciationAndAmortization": 709578000, "ebitda": 2628752000, "ebitdaratio": 0.2637231226, "operatingIncome": 1829947000, "operatingIncomeRatio": 0.1835849624, "totalOtherIncomeExpensesNet": -62117000, "incomeBeforeTax": 1767830000, "incomeBeforeTaxRatio": 0.1773532261, "incomeTaxExpense": 326983000, "netIncome": 1440847000, "netIncomeRatio": 0.1445494554, "eps": 0.93, "epsdiluted": 0.92, "weightedAverageShsOut": 1554282988, "weightedAverageShsOutDil": 1559000000, "link": "https://www.sec.gov/Archives/edgar/data/1800/000104746911001056/0001047469-11-001056-index.htm", "finalLink": "https://www.sec.gov/Archives/edgar/data/1800/000104746911001056/a2201962z10-k.htm"}, {"date": "2010-09-30", "symbol": "ABT", "reportedCurrency": "USD", "cik": "0000001800", "fillingDate": "2010-11-05", "acceptedDate": "2010-11-05 13:50:38", "calendarYear": "2010", "period": "Q3", "revenue": 8675000000, "costOfRevenue": 3742000000, "grossProfit": 4933000000, "grossProfitRatio": 0.5686455331, "researchAndDevelopmentExpenses": 1079000000, "generalAndAdministrativeExpenses": 2673277000, "sellingAndMarketingExpenses": -277000, "sellingGeneralAndAdministrativeExpenses": 2673000000, "otherExpenses": 0, "operatingExpenses": 3752000000, "costAndExpenses": 7494000000, "interestIncome": 15590000, "interestExpense": 149102000, "depreciationAndAmortization": 677024000, "ebitda": 1890236000, "ebitdaratio": 0.2178946398, "operatingIncome": 1181000000, "operatingIncomeRatio": 0.1361383285, "totalOtherIncomeExpensesNet": -117075000, "incomeBeforeTax": 1064000000, "incomeBeforeTaxRatio": 0.1226512968, "incomeTaxExpense": 173000000, "netIncome": 890660000, "netIncomeRatio": 0.1026697406, "eps": 0.58, "epsdiluted": 0.57, "weightedAverageShsOut": 1545815965, "weightedAverageShsOutDil": 1554000000, "link": "https://www.sec.gov/Archives/edgar/data/1800/000110465910056473/0001104659-10-056473-index.htm", "finalLink": "https://www.sec.gov/Archives/edgar/data/1800/000110465910056473/a10-16055_110q.htm"}]