[{"date": "2025-06-28", "symbol": "LITE", "reportedCurrency": "USD", "cik": "0001633978", "fillingDate": "2025-08-19", "acceptedDate": "2025-08-19 17:09:47", "calendarYear": "2025", "period": "Q4", "revenue": 480700000, "costOfRevenue": 320800000, "grossProfit": 159900000, "grossProfitRatio": 0.3326399001, "researchAndDevelopmentExpenses": 79500000, "generalAndAdministrativeExpenses": 0, "sellingAndMarketingExpenses": 0, "sellingGeneralAndAdministrativeExpenses": 83600000, "otherExpenses": 5200000, "operatingExpenses": 168300000, "costAndExpenses": 489100000, "interestIncome": 0, "interestExpense": 5400000, "depreciationAndAmortization": 61000000, "ebitda": 55000000, "ebitdaratio": 0.114416476, "operatingIncome": -8400000, "operatingIncomeRatio": -0.0174745163, "totalOtherIncomeExpensesNet": -3000000, "incomeBeforeTax": -11400000, "incomeBeforeTaxRatio": -0.023715415, "incomeTaxExpense": -224700000, "netIncome": 213300000, "netIncomeRatio": 0.4437278968, "eps": 3.06, "epsdiluted": 2.96, "weightedAverageShsOut": 69600000, "weightedAverageShsOutDil": 72000000, "link": "https://www.sec.gov/Archives/edgar/data/1633978/000162828025040830/0001628280-25-040830-index.htm", "finalLink": "https://www.sec.gov/Archives/edgar/data/1633978/000162828025040830/lite-20250628.htm"}, {"date": "2025-03-29", "symbol": "LITE", "reportedCurrency": "USD", "cik": "0001633978", "fillingDate": "2025-05-07", "acceptedDate": "2025-05-06 18:00:13", "calendarYear": "2025", "period": "Q3", "revenue": 425200000, "costOfRevenue": 302700000, "grossProfit": 122500000, "grossProfitRatio": 0.2880997178, "researchAndDevelopmentExpenses": 75900000, "generalAndAdministrativeExpenses": 0, "sellingAndMarketingExpenses": 0, "sellingGeneralAndAdministrativeExpenses": 112000000, "otherExpenses": -27700000, "operatingExpenses": 160200000, "costAndExpenses": 462900000, "interestIncome": 7800000, "interestExpense": 5700000, "depreciationAndAmortization": 60100000, "ebitda": 26600000, "ebitdaratio": 0.0625587959, "operatingIncome": -37700000, "operatingIncomeRatio": -0.088664158, "totalOtherIncomeExpensesNet": -1500000, "incomeBeforeTax": -39200000, "incomeBeforeTaxRatio": -0.0921919097, "incomeTaxExpense": 4900000, "netIncome": -44100000, "netIncomeRatio": -0.1037158984, "eps": -0.64, "epsdiluted": -0.64, "weightedAverageShsOut": 69300000, "weightedAverageShsOutDil": 69300000, "link": "https://www.sec.gov/Archives/edgar/data/1633978/000162828025022788/0001628280-25-022788-index.htm", "finalLink": "https://www.sec.gov/Archives/edgar/data/1633978/000162828025022788/lite-20250329.htm"}, {"date": "2024-12-28", "symbol": "LITE", "reportedCurrency": "USD", "cik": "0001633978", "fillingDate": "2025-02-06", "acceptedDate": "2025-02-06 17:21:10", "calendarYear": "2025", "period": "Q2", "revenue": 402200000, "costOfRevenue": 302600000, "grossProfit": 99600000, "grossProfitRatio": 0.247637991, "researchAndDevelopmentExpenses": 74200000, "generalAndAdministrativeExpenses": 0, "sellingAndMarketingExpenses": 0, "sellingGeneralAndAdministrativeExpenses": 76300000, "otherExpenses": 700000, "operatingExpenses": 151200000, "costAndExpenses": 453800000, "interestIncome": 9000000, "interestExpense": 5600000, "depreciationAndAmortization": 64900000, "ebitda": 28200000, "ebitdaratio": 0.070114371, "operatingIncome": -51600000, "operatingIncomeRatio": -0.1282943809, "totalOtherIncomeExpensesNet": 9300000, "incomeBeforeTax": -42300000, "incomeBeforeTaxRatio": -0.1051715564, "incomeTaxExpense": 18600000, "netIncome": -60900000, "netIncomeRatio": -0.1514172054, "eps": -0.88, "epsdiluted": -0.88, "weightedAverageShsOut": 68900000, "weightedAverageShsOutDil": 68900000, "link": "https://www.sec.gov/Archives/edgar/data/1633978/000162828025004288/0001628280-25-004288-index.htm", "finalLink": "https://www.sec.gov/Archives/edgar/data/1633978/000162828025004288/lite-20241228.htm"}, {"date": "2024-09-28", "symbol": "LITE", "reportedCurrency": "USD", "cik": "0001633978", "fillingDate": "2024-11-08", "acceptedDate": "2024-11-07 18:18:02", "calendarYear": "2025", "period": "Q1", "revenue": 336900000, "costOfRevenue": 259000000, "grossProfit": 77900000, "grossProfitRatio": 0.2312258831, "researchAndDevelopmentExpenses": 74300000, "generalAndAdministrativeExpenses": 0, "sellingAndMarketingExpenses": 0, "sellingGeneralAndAdministrativeExpenses": 76300000, "otherExpenses": 9700000, "operatingExpenses": 160300000, "costAndExpenses": 419300000, "interestIncome": 9400000, "interestExpense": 5500000, "depreciationAndAmortization": 70600000, "ebitda": -3100000, "ebitdaratio": -0.0092015435, "operatingIncome": -82400000, "operatingIncomeRatio": -0.2445829623, "totalOtherIncomeExpensesNet": 3200000, "incomeBeforeTax": -79200000, "incomeBeforeTaxRatio": -0.2350845948, "incomeTaxExpense": 3200000, "netIncome": -82400000, "netIncomeRatio": -0.2445829623, "eps": -1.21, "epsdiluted": -1.21, "weightedAverageShsOut": 68300000, "weightedAverageShsOutDil": 68300000, "link": "https://www.sec.gov/Archives/edgar/data/1633978/000162828024046443/0001628280-24-046443-index.htm", "finalLink": "https://www.sec.gov/Archives/edgar/data/1633978/000162828024046443/lite-20240928.htm"}, {"date": "2024-06-29", "symbol": "LITE", "reportedCurrency": "USD", "cik": "0001633978", "fillingDate": "2024-08-21", "acceptedDate": "2024-08-21 16:11:25", "calendarYear": "2024", "period": "Q4", "revenue": 308300000, "costOfRevenue": 234900000, "grossProfit": 32200000, "grossProfitRatio": 0.1044437236, "researchAndDevelopmentExpenses": 73200000, "generalAndAdministrativeExpenses": 0, "sellingAndMarketingExpenses": 0, "sellingGeneralAndAdministrativeExpenses": 55300000, "otherExpenses": 78300000, "operatingExpenses": 206800000, "costAndExpenses": 441700000, "interestIncome": 9900000, "interestExpense": 5400000, "depreciationAndAmortization": 69700000, "ebitda": -52400000, "ebitdaratio": -0.1699643205, "operatingIncome": -96300000, "operatingIncomeRatio": -0.3123580928, "totalOtherIncomeExpensesNet": 5900000, "incomeBeforeTax": -127500000, "incomeBeforeTaxRatio": -0.4135582225, "incomeTaxExpense": 125000000, "netIncome": -252500000, "netIncomeRatio": -0.8190074603, "eps": -3.72, "epsdiluted": -3.72, "weightedAverageShsOut": 67800000, "weightedAverageShsOutDil": 67800000, "link": "https://www.sec.gov/Archives/edgar/data/1633978/000162828024038024/0001628280-24-038024-index.htm", "finalLink": "https://www.sec.gov/Archives/edgar/data/1633978/000162828024038024/lite-20240629.htm"}, {"date": "2024-03-30", "symbol": "LITE", "reportedCurrency": "USD", "cik": "0001633978", "fillingDate": "2024-05-07", "acceptedDate": "2024-05-06 18:02:33", "calendarYear": "2024", "period": "Q3", "revenue": 366500000, "costOfRevenue": 307000000, "grossProfit": 59500000, "grossProfitRatio": 0.1623465211, "researchAndDevelopmentExpenses": 76800000, "generalAndAdministrativeExpenses": 0, "sellingAndMarketingExpenses": 0, "sellingGeneralAndAdministrativeExpenses": 58100000, "otherExpenses": 39200000, "operatingExpenses": 174100000, "costAndExpenses": 481100000, "interestIncome": 12600000, "interestExpense": 9000000, "depreciationAndAmortization": 69100000, "ebitda": -29300000, "ebitdaratio": -0.0799454297, "operatingIncome": -114600000, "operatingIncomeRatio": -0.3126875853, "totalOtherIncomeExpensesNet": 7200000, "incomeBeforeTax": -107400000, "incomeBeforeTaxRatio": -0.293042292, "incomeTaxExpense": 19600000, "netIncome": -127000000, "netIncomeRatio": -0.346521146, "eps": -1.88, "epsdiluted": -1.88, "weightedAverageShsOut": 67500000, "weightedAverageShsOutDil": 67500000, "link": "https://www.sec.gov/Archives/edgar/data/1633978/000162828024020767/0001628280-24-020767-index.htm", "finalLink": "https://www.sec.gov/Archives/edgar/data/1633978/000162828024020767/lite-20240330.htm"}, {"date": "2023-12-30", "symbol": "LITE", "reportedCurrency": "USD", "cik": "0001633978", "fillingDate": "2024-02-08", "acceptedDate": "2024-02-08 09:26:59", "calendarYear": "2024", "period": "Q2", "revenue": 366800000, "costOfRevenue": 302800000, "grossProfit": 64000000, "grossProfitRatio": 0.1744820065, "researchAndDevelopmentExpenses": 78300000, "generalAndAdministrativeExpenses": 0, "sellingAndMarketingExpenses": 0, "sellingGeneralAndAdministrativeExpenses": 85100000, "otherExpenses": 5800000, "operatingExpenses": 169200000, "costAndExpenses": 472000000, "interestIncome": 17100000, "interestExpense": 9700000, "depreciationAndAmortization": 64800000, "ebitda": -27000000, "ebitdaratio": -0.0736095965, "operatingIncome": -105200000, "operatingIncomeRatio": -0.2868047983, "totalOtherIncomeExpensesNet": 3700000, "incomeBeforeTax": -101500000, "incomeBeforeTaxRatio": -0.2767175573, "incomeTaxExpense": -2400000, "netIncome": -99100000, "netIncomeRatio": -0.270174482, "eps": -1.47, "epsdiluted": -1.47, "weightedAverageShsOut": 67200000, "weightedAverageShsOutDil": 67200000, "link": "https://www.sec.gov/Archives/edgar/data/1633978/000162828024003796/0001628280-24-003796-index.htm", "finalLink": "https://www.sec.gov/Archives/edgar/data/1633978/000162828024003796/lite-20231230.htm"}, {"date": "2023-09-30", "symbol": "LITE", "reportedCurrency": "USD", "cik": "0001633978", "fillingDate": "2023-11-08", "acceptedDate": "2023-11-08 09:29:50", "calendarYear": "2024", "period": "Q1", "revenue": 317600000, "costOfRevenue": 240900000, "grossProfit": 76700000, "grossProfitRatio": 0.2414987406, "researchAndDevelopmentExpenses": 73500000, "generalAndAdministrativeExpenses": 0, "sellingAndMarketingExpenses": 0, "sellingGeneralAndAdministrativeExpenses": 73000000, "otherExpenses": 11000000, "operatingExpenses": 157500000, "costAndExpenses": 398400000, "interestIncome": 21700000, "interestExpense": 9700000, "depreciationAndAmortization": 57200000, "ebitda": -2400000, "ebitdaratio": -0.0075566751, "operatingIncome": -80800000, "operatingIncomeRatio": -0.2544080605, "totalOtherIncomeExpensesNet": 11500000, "incomeBeforeTax": -69300000, "incomeBeforeTaxRatio": -0.2181989924, "incomeTaxExpense": -1400000, "netIncome": -67900000, "netIncomeRatio": -0.213790932, "eps": -1.02, "epsdiluted": -1.02, "weightedAverageShsOut": 66700000, "weightedAverageShsOutDil": 66700000, "link": "https://www.sec.gov/Archives/edgar/data/1633978/000162828023037591/0001628280-23-037591-index.htm", "finalLink": "https://www.sec.gov/Archives/edgar/data/1633978/000162828023037591/lite-20230930.htm"}, {"date": "2023-07-01", "symbol": "LITE", "reportedCurrency": "USD", "cik": "0001633978", "fillingDate": "2023-08-23", "acceptedDate": "2023-08-23 16:05:40", "calendarYear": "2023", "period": "Q4", "revenue": 370800000, "costOfRevenue": 281200000, "grossProfit": 89600000, "grossProfitRatio": 0.241639698, "researchAndDevelopmentExpenses": 73900000, "generalAndAdministrativeExpenses": 0, "sellingAndMarketingExpenses": 0, "sellingGeneralAndAdministrativeExpenses": 68300000, "otherExpenses": 3300000, "operatingExpenses": 145500000, "costAndExpenses": 423400000, "interestIncome": 16400000, "interestExpense": 9400000, "depreciationAndAmortization": 57400000, "ebitda": 21400000, "ebitdaratio": 0.0577130529, "operatingIncome": -55900000, "operatingIncomeRatio": -0.1507551241, "totalOtherIncomeExpensesNet": 10500000, "incomeBeforeTax": -45400000, "incomeBeforeTaxRatio": -0.122437972, "incomeTaxExpense": 14800000, "netIncome": -60200000, "netIncomeRatio": -0.1623516721, "eps": -0.88, "epsdiluted": -0.88, "weightedAverageShsOut": 68300000, "weightedAverageShsOutDil": 68300000, "link": "https://www.sec.gov/Archives/edgar/data/1633978/000162828023030374/0001628280-23-030374-index.htm", "finalLink": "https://www.sec.gov/Archives/edgar/data/1633978/000162828023030374/lite-20230701.htm"}, {"date": "2023-04-01", "symbol": "LITE", "reportedCurrency": "USD", "cik": "0001633978", "fillingDate": "2023-05-09", "acceptedDate": "2023-05-09 09:23:30", "calendarYear": "2023", "period": "Q3", "revenue": 383400000, "costOfRevenue": 252700000, "grossProfit": 130700000, "grossProfitRatio": 0.3408972353, "researchAndDevelopmentExpenses": 85400000, "generalAndAdministrativeExpenses": 0, "sellingAndMarketingExpenses": 0, "sellingGeneralAndAdministrativeExpenses": 76400000, "otherExpenses": 1600000, "operatingExpenses": 163400000, "costAndExpenses": 435300000, "interestIncome": 11900000, "interestExpense": 8700000, "depreciationAndAmortization": 57700000, "ebitda": 19400000, "ebitdaratio": 0.0505998957, "operatingIncome": -38300000, "operatingIncomeRatio": -0.0998956703, "totalOtherIncomeExpensesNet": 2700000, "incomeBeforeTax": -48700000, "incomeBeforeTaxRatio": -0.1270213876, "incomeTaxExpense": 9400000, "netIncome": -39300000, "netIncomeRatio": -0.1025039124, "eps": -0.57, "epsdiluted": -0.57, "weightedAverageShsOut": 68600000, "weightedAverageShsOutDil": 68600000, "link": "https://www.sec.gov/Archives/edgar/data/1633978/000162828023016653/0001628280-23-016653-index.htm", "finalLink": "https://www.sec.gov/Archives/edgar/data/1633978/000162828023016653/lite-20230401.htm"}, {"date": "2022-12-31", "symbol": "LITE", "reportedCurrency": "USD", "cik": "0001633978", "fillingDate": "2023-02-09", "acceptedDate": "2023-02-09 09:25:25", "calendarYear": "2023", "period": "Q2", "revenue": 506000000, "costOfRevenue": 339800000, "grossProfit": 166200000, "grossProfitRatio": 0.328458498, "researchAndDevelopmentExpenses": 75800000, "generalAndAdministrativeExpenses": 0, "sellingAndMarketingExpenses": 0, "sellingGeneralAndAdministrativeExpenses": 98400000, "otherExpenses": 0, "operatingExpenses": 174200000, "costAndExpenses": 514000000, "interestIncome": 7700000, "interestExpense": 8900000, "depreciationAndAmortization": 62500000, "ebitda": 44300000, "ebitdaratio": 0.0875494071, "operatingIncome": -8000000, "operatingIncomeRatio": -0.0158102767, "totalOtherIncomeExpensesNet": -5200000, "incomeBeforeTax": -27100000, "incomeBeforeTaxRatio": -0.0535573123, "incomeTaxExpense": 4600000, "netIncome": -31700000, "netIncomeRatio": -0.0626482213, "eps": -0.46, "epsdiluted": -0.46, "weightedAverageShsOut": 68300000, "weightedAverageShsOutDil": 68300000, "link": "https://www.sec.gov/Archives/edgar/data/1633978/000162828023002880/0001628280-23-002880-index.htm", "finalLink": "https://www.sec.gov/Archives/edgar/data/1633978/000162828023002880/lite-20221231.htm"}, {"date": "2022-10-01", "symbol": "LITE", "reportedCurrency": "USD", "cik": "0001633978", "fillingDate": "2022-11-08", "acceptedDate": "2022-11-08 09:32:48", "calendarYear": "2023", "period": "Q1", "revenue": 506800000, "costOfRevenue": 305600000, "grossProfit": 201200000, "grossProfitRatio": 0.3970007893, "researchAndDevelopmentExpenses": 72700000, "generalAndAdministrativeExpenses": 0, "sellingAndMarketingExpenses": 0, "sellingGeneralAndAdministrativeExpenses": 105700000, "otherExpenses": 0, "operatingExpenses": 178400000, "costAndExpenses": 484000000, "interestIncome": 4800000, "interestExpense": 8500000, "depreciationAndAmortization": 56700000, "ebitda": 84000000, "ebitdaratio": 0.1657458564, "operatingIncome": 27600000, "operatingIncomeRatio": 0.0544593528, "totalOtherIncomeExpensesNet": 5300000, "incomeBeforeTax": 18800000, "incomeBeforeTaxRatio": 0.0370955012, "incomeTaxExpense": 19200000, "netIncome": -400000, "netIncomeRatio": -0.000789266, "eps": -0.0059, "epsdiluted": -0.0059, "weightedAverageShsOut": 68100000, "weightedAverageShsOutDil": 68100000, "link": "https://www.sec.gov/Archives/edgar/data/1633978/000162828022028783/0001628280-22-028783-index.htm", "finalLink": "https://www.sec.gov/Archives/edgar/data/1633978/000162828022028783/lite-20221001.htm"}, {"date": "2022-07-02", "symbol": "LITE", "reportedCurrency": "USD", "cik": "0001633978", "fillingDate": "2022-08-24", "acceptedDate": "2022-08-24 16:45:45", "calendarYear": "2022", "period": "Q4", "revenue": 422100000, "costOfRevenue": 240400000, "grossProfit": 181700000, "grossProfitRatio": 0.430466714, "researchAndDevelopmentExpenses": 56700000, "generalAndAdministrativeExpenses": 0, "sellingAndMarketingExpenses": 0, "sellingGeneralAndAdministrativeExpenses": 69600000, "otherExpenses": 0, "operatingExpenses": 126300000, "costAndExpenses": 366700000, "interestIncome": 3800000, "interestExpense": 26500000, "depreciationAndAmortization": 41600000, "ebitda": 105200000, "ebitdaratio": 0.2492300403, "operatingIncome": 22000000, "operatingIncomeRatio": 0.0521203506, "totalOtherIncomeExpensesNet": -18300000, "incomeBeforeTax": 37100000, "incomeBeforeTaxRatio": 0.087893864, "incomeTaxExpense": 2400000, "netIncome": 34700000, "netIncomeRatio": 0.0822080076, "eps": 0.5, "epsdiluted": 0.49, "weightedAverageShsOut": 68900000, "weightedAverageShsOutDil": 71500000, "link": "https://www.sec.gov/Archives/edgar/data/1633978/000162828022023617/0001628280-22-023617-index.htm", "finalLink": "https://www.sec.gov/Archives/edgar/data/1633978/000162828022023617/lite-20220702.htm"}, {"date": "2022-04-02", "symbol": "LITE", "reportedCurrency": "USD", "cik": "0001633978", "fillingDate": "2022-05-04", "acceptedDate": "2022-05-04 09:29:59", "calendarYear": "2022", "period": "Q3", "revenue": 395400000, "costOfRevenue": 228200000, "grossProfit": 167200000, "grossProfitRatio": 0.4228629236, "researchAndDevelopmentExpenses": 56700000, "generalAndAdministrativeExpenses": 0, "sellingAndMarketingExpenses": 0, "sellingGeneralAndAdministrativeExpenses": 63800000, "otherExpenses": 0, "operatingExpenses": 120500000, "costAndExpenses": 348700000, "interestIncome": 1100000, "interestExpense": 19700000, "depreciationAndAmortization": 41600000, "ebitda": 90600000, "ebitdaratio": 0.2291350531, "operatingIncome": 46800000, "operatingIncomeRatio": 0.1183611533, "totalOtherIncomeExpensesNet": -17500000, "incomeBeforeTax": 29300000, "incomeBeforeTaxRatio": 0.074102175, "incomeTaxExpense": 3300000, "netIncome": 26000000, "netIncomeRatio": 0.0657561963, "eps": 0.37, "epsdiluted": 0.35, "weightedAverageShsOut": 71000000, "weightedAverageShsOutDil": 74500000, "link": "https://www.sec.gov/Archives/edgar/data/1633978/000162828022012157/0001628280-22-012157-index.htm", "finalLink": "https://www.sec.gov/Archives/edgar/data/1633978/000162828022012157/lite-20220402.htm"}, {"date": "2022-01-01", "symbol": "LITE", "reportedCurrency": "USD", "cik": "0001633978", "fillingDate": "2022-02-03", "acceptedDate": "2022-02-03 09:31:39", "calendarYear": "2022", "period": "Q2", "revenue": 446700000, "costOfRevenue": 239200000, "grossProfit": 207500000, "grossProfitRatio": 0.4645175733, "researchAndDevelopmentExpenses": 53200000, "generalAndAdministrativeExpenses": 0, "sellingAndMarketingExpenses": 0, "sellingGeneralAndAdministrativeExpenses": 69000000, "otherExpenses": 0, "operatingExpenses": 122200000, "costAndExpenses": 361400000, "interestIncome": 600000, "interestExpense": 17100000, "depreciationAndAmortization": 42100000, "ebitda": 128300000, "ebitdaratio": 0.2872173718, "operatingIncome": 85200000, "operatingIncomeRatio": 0.1907320349, "totalOtherIncomeExpensesNet": -16100000, "incomeBeforeTax": 69100000, "incomeBeforeTaxRatio": 0.1546899485, "incomeTaxExpense": 12400000, "netIncome": 56700000, "netIncomeRatio": 0.1269308261, "eps": 0.78, "epsdiluted": 0.75, "weightedAverageShsOut": 72300000, "weightedAverageShsOutDil": 75300000, "link": "https://www.sec.gov/Archives/edgar/data/1633978/000162828022001745/0001628280-22-001745-index.htm", "finalLink": "https://www.sec.gov/Archives/edgar/data/1633978/000162828022001745/lite-20220101.htm"}, {"date": "2021-10-02", "symbol": "LITE", "reportedCurrency": "USD", "cik": "0001633978", "fillingDate": "2021-11-04", "acceptedDate": "2021-11-04 09:35:41", "calendarYear": "2022", "period": "Q1", "revenue": 448400000, "costOfRevenue": 216200000, "grossProfit": 232200000, "grossProfitRatio": 0.5178412132, "researchAndDevelopmentExpenses": 54100000, "generalAndAdministrativeExpenses": 0, "sellingAndMarketingExpenses": 0, "sellingGeneralAndAdministrativeExpenses": 63300000, "otherExpenses": 0, "operatingExpenses": 117400000, "costAndExpenses": 333600000, "interestIncome": 600000, "interestExpense": 16900000, "depreciationAndAmortization": 41800000, "ebitda": 158300000, "ebitdaratio": 0.3530330062, "operatingIncome": 115900000, "operatingIncomeRatio": 0.2584745763, "totalOtherIncomeExpensesNet": -16300000, "incomeBeforeTax": 99600000, "incomeBeforeTaxRatio": 0.2221231044, "incomeTaxExpense": 18100000, "netIncome": 81500000, "netIncomeRatio": 0.1817573595, "eps": 1.12, "epsdiluted": 1.08, "weightedAverageShsOut": 72700000, "weightedAverageShsOutDil": 75400000, "link": "https://www.sec.gov/Archives/edgar/data/1633978/000162828021021632/0001628280-21-021632-index.htm", "finalLink": "https://www.sec.gov/Archives/edgar/data/1633978/000162828021021632/lite-20211002.htm"}, {"date": "2021-07-03", "symbol": "LITE", "reportedCurrency": "USD", "cik": "0001633978", "fillingDate": "2021-08-31", "acceptedDate": "2021-08-30 17:35:07", "calendarYear": "2021", "period": "Q4", "revenue": 392100000, "costOfRevenue": 229300000, "grossProfit": 172200000, "grossProfitRatio": 0.4391736802, "researchAndDevelopmentExpenses": 54100000, "generalAndAdministrativeExpenses": 0, "sellingAndMarketingExpenses": 0, "sellingGeneralAndAdministrativeExpenses": 58300000, "otherExpenses": 0, "operatingExpenses": 112400000, "costAndExpenses": 341700000, "interestIncome": 800000, "interestExpense": 18000000, "depreciationAndAmortization": 43100000, "ebitda": 89600000, "ebitdaratio": 0.2285131344, "operatingIncome": 45800000, "operatingIncomeRatio": 0.116806937, "totalOtherIncomeExpensesNet": -17300000, "incomeBeforeTax": 28500000, "incomeBeforeTaxRatio": 0.0726855394, "incomeTaxExpense": 7000000, "netIncome": 21500000, "netIncomeRatio": 0.0548329508, "eps": 0.29, "epsdiluted": 0.28, "weightedAverageShsOut": 74800000, "weightedAverageShsOutDil": 77500000, "link": "https://www.sec.gov/Archives/edgar/data/1633978/000162828021017799/0001628280-21-017799-index.htm", "finalLink": "https://www.sec.gov/Archives/edgar/data/1633978/000162828021017799/lite-20210703.htm"}, {"date": "2021-04-03", "symbol": "LITE", "reportedCurrency": "USD", "cik": "0001633978", "fillingDate": "2021-05-12", "acceptedDate": "2021-05-12 09:29:31", "calendarYear": "2021", "period": "Q3", "revenue": 419500000, "costOfRevenue": 234500000, "grossProfit": 185000000, "grossProfitRatio": 0.4410011919, "researchAndDevelopmentExpenses": 57200000, "generalAndAdministrativeExpenses": 0, "sellingAndMarketingExpenses": 0, "sellingGeneralAndAdministrativeExpenses": 65500000, "otherExpenses": 0, "operatingExpenses": 122700000, "costAndExpenses": 357200000, "interestIncome": 1000000, "interestExpense": 16400000, "depreciationAndAmortization": 44800000, "ebitda": 314100000, "ebitdaratio": 0.7487485101, "operatingIncome": 266900000, "operatingIncomeRatio": 0.6362336114, "totalOtherIncomeExpensesNet": -14000000, "incomeBeforeTax": 252900000, "incomeBeforeTaxRatio": 0.6028605483, "incomeTaxExpense": 27400000, "netIncome": 225500000, "netIncomeRatio": 0.5375446961, "eps": 2.97, "epsdiluted": 2.85, "weightedAverageShsOut": 75800000, "weightedAverageShsOutDil": 79200000, "link": "https://www.sec.gov/Archives/edgar/data/1633978/000163397821000009/0001633978-21-000009-index.htm", "finalLink": "https://www.sec.gov/Archives/edgar/data/1633978/000163397821000009/lite-20210403.htm"}, {"date": "2020-12-26", "symbol": "LITE", "reportedCurrency": "USD", "cik": "0001633978", "fillingDate": "2021-02-02", "acceptedDate": "2021-02-02 09:33:36", "calendarYear": "2021", "period": "Q2", "revenue": 478800000, "costOfRevenue": 249200000, "grossProfit": 229600000, "grossProfitRatio": 0.4795321637, "researchAndDevelopmentExpenses": 52800000, "generalAndAdministrativeExpenses": 0, "sellingAndMarketingExpenses": 0, "sellingGeneralAndAdministrativeExpenses": 61300000, "otherExpenses": 0, "operatingExpenses": 114100000, "costAndExpenses": 363300000, "interestIncome": 1500000, "interestExpense": 16300000, "depreciationAndAmortization": 44700000, "ebitda": 159100000, "ebitdaratio": 0.332289056, "operatingIncome": 115300000, "operatingIncomeRatio": 0.2408103592, "totalOtherIncomeExpensesNet": -17200000, "incomeBeforeTax": 98100000, "incomeBeforeTaxRatio": 0.204887218, "incomeTaxExpense": 14900000, "netIncome": 83200000, "netIncomeRatio": 0.1737677527, "eps": 1.1, "epsdiluted": 1.06, "weightedAverageShsOut": 75600000, "weightedAverageShsOutDil": 78400000, "link": "https://www.sec.gov/Archives/edgar/data/1633978/000163397821000004/0001633978-21-000004-index.htm", "finalLink": "https://www.sec.gov/Archives/edgar/data/1633978/000163397821000004/lite-20201226.htm"}, {"date": "2020-09-26", "symbol": "LITE", "reportedCurrency": "USD", "cik": "0001633978", "fillingDate": "2020-11-02", "acceptedDate": "2020-11-02 09:21:17", "calendarYear": "2021", "period": "Q1", "revenue": 452400000, "costOfRevenue": 246700000, "grossProfit": 205700000, "grossProfitRatio": 0.4546861185, "researchAndDevelopmentExpenses": 50400000, "generalAndAdministrativeExpenses": 0, "sellingAndMarketingExpenses": 0, "sellingGeneralAndAdministrativeExpenses": 56300000, "otherExpenses": 0, "operatingExpenses": 106700000, "costAndExpenses": 353400000, "interestIncome": 2400000, "interestExpense": 16000000, "depreciationAndAmortization": 44500000, "ebitda": 144100000, "ebitdaratio": 0.3185234306, "operatingIncome": 99000000, "operatingIncomeRatio": 0.2188328912, "totalOtherIncomeExpensesNet": -15400000, "incomeBeforeTax": 83600000, "incomeBeforeTaxRatio": 0.1847922193, "incomeTaxExpense": 16500000, "netIncome": 67100000, "netIncomeRatio": 0.1483200707, "eps": 0.89, "epsdiluted": 0.86, "weightedAverageShsOut": 75300000, "weightedAverageShsOutDil": 78200000, "link": "https://www.sec.gov/Archives/edgar/data/1633978/000163397820000018/0001633978-20-000018-index.htm", "finalLink": "https://www.sec.gov/Archives/edgar/data/1633978/000163397820000018/lumentumfy21q1-10q.htm"}, {"date": "2020-06-27", "symbol": "LITE", "reportedCurrency": "USD", "cik": "0001633978", "fillingDate": "2020-08-25", "acceptedDate": "2020-08-25 16:18:38", "calendarYear": "2020", "period": "Q4", "revenue": 368100000, "costOfRevenue": 232400000, "grossProfit": 135700000, "grossProfitRatio": 0.3686498234, "researchAndDevelopmentExpenses": 49000000, "generalAndAdministrativeExpenses": 0, "sellingAndMarketingExpenses": 0, "sellingGeneralAndAdministrativeExpenses": 54800000, "otherExpenses": 18800000, "operatingExpenses": 122600000, "costAndExpenses": 336200000, "interestIncome": 3200000, "interestExpense": 15900000, "depreciationAndAmortization": 46700000, "ebitda": 77200000, "ebitdaratio": 0.209725618, "operatingIncome": 27000000, "operatingIncomeRatio": 0.0733496333, "totalOtherIncomeExpensesNet": -12400000, "incomeBeforeTax": 14600000, "incomeBeforeTaxRatio": 0.039663135, "incomeTaxExpense": 19200000, "netIncome": -4600000, "netIncomeRatio": -0.0124966042, "eps": -0.0613, "epsdiluted": -0.0613, "weightedAverageShsOut": 75000000, "weightedAverageShsOutDil": 75000000, "link": "https://www.sec.gov/Archives/edgar/data/1633978/000163397820000011/0001633978-20-000011-index.htm", "finalLink": "https://www.sec.gov/Archives/edgar/data/1633978/000163397820000011/lumentumfy20-10k.htm"}, {"date": "2020-03-28", "symbol": "LITE", "reportedCurrency": "USD", "cik": "0001633978", "fillingDate": "2020-05-05", "acceptedDate": "2020-05-05 08:41:04", "calendarYear": "2020", "period": "Q3", "revenue": 402800000, "costOfRevenue": 245100000, "grossProfit": 157700000, "grossProfitRatio": 0.391509434, "researchAndDevelopmentExpenses": 48700000, "generalAndAdministrativeExpenses": 0, "sellingAndMarketingExpenses": 0, "sellingGeneralAndAdministrativeExpenses": 61300000, "otherExpenses": 5200000, "operatingExpenses": 115200000, "costAndExpenses": 355100000, "interestIncome": 5200000, "interestExpense": 15600000, "depreciationAndAmortization": 47500000, "ebitda": 111700000, "ebitdaratio": 0.2773088381, "operatingIncome": 42500000, "operatingIncomeRatio": 0.1055114201, "totalOtherIncomeExpensesNet": 6100000, "incomeBeforeTax": 48600000, "incomeBeforeTaxRatio": 0.1206554121, "incomeTaxExpense": 5200000, "netIncome": 43400000, "netIncomeRatio": 0.1077457795, "eps": 0.58, "epsdiluted": 0.56, "weightedAverageShsOut": 74800000, "weightedAverageShsOutDil": 77500000, "link": "https://www.sec.gov/Archives/edgar/data/1633978/000163397820000008/0001633978-20-000008-index.htm", "finalLink": "https://www.sec.gov/Archives/edgar/data/1633978/000163397820000008/lumentumfy20q3-10q.htm"}, {"date": "2019-12-28", "symbol": "LITE", "reportedCurrency": "USD", "cik": "0001633978", "fillingDate": "2020-02-04", "acceptedDate": "2020-02-04 09:04:45", "calendarYear": "2020", "period": "Q2", "revenue": 457800000, "costOfRevenue": 268700000, "grossProfit": 189100000, "grossProfitRatio": 0.4130624727, "researchAndDevelopmentExpenses": 51000000, "generalAndAdministrativeExpenses": 0, "sellingAndMarketingExpenses": 0, "sellingGeneralAndAdministrativeExpenses": 62400000, "otherExpenses": 0, "operatingExpenses": 113400000, "costAndExpenses": 382100000, "interestIncome": 3400000, "interestExpense": 18300000, "depreciationAndAmortization": 44000000, "ebitda": 115300000, "ebitdaratio": 0.251856706, "operatingIncome": 74800000, "operatingIncomeRatio": 0.1633901267, "totalOtherIncomeExpensesNet": -17100000, "incomeBeforeTax": 57700000, "incomeBeforeTaxRatio": 0.126037571, "incomeTaxExpense": 8600000, "netIncome": 49100000, "netIncomeRatio": 0.1072520751, "eps": 0.64, "epsdiluted": 0.63, "weightedAverageShsOut": 76800000, "weightedAverageShsOutDil": 78000000, "link": "https://www.sec.gov/Archives/edgar/data/1633978/000163397820000003/0001633978-20-000003-index.htm", "finalLink": "https://www.sec.gov/Archives/edgar/data/1633978/000163397820000003/lumentumfy20q2-10q.htm"}, {"date": "2019-09-28", "symbol": "LITE", "reportedCurrency": "USD", "cik": "0001633978", "fillingDate": "2019-10-31", "acceptedDate": "2019-10-31 08:37:02", "calendarYear": "2020", "period": "Q1", "revenue": 449900000, "costOfRevenue": 282200000, "grossProfit": 167700000, "grossProfitRatio": 0.3727494999, "researchAndDevelopmentExpenses": 49900000, "generalAndAdministrativeExpenses": 0, "sellingAndMarketingExpenses": 0, "sellingGeneralAndAdministrativeExpenses": 56700000, "otherExpenses": 1300000, "operatingExpenses": 107900000, "costAndExpenses": 388800000, "interestIncome": 4000000, "interestExpense": 11400000, "depreciationAndAmortization": 53700000, "ebitda": 115200000, "ebitdaratio": 0.2560569015, "operatingIncome": 59800000, "operatingIncomeRatio": 0.1329184263, "totalOtherIncomeExpensesNet": -6400000, "incomeBeforeTax": 53400000, "incomeBeforeTaxRatio": 0.1186930429, "incomeTaxExpense": 5800000, "netIncome": 47600000, "netIncomeRatio": 0.1058012892, "eps": 0.62, "epsdiluted": 0.61, "weightedAverageShsOut": 76900000, "weightedAverageShsOutDil": 77600000, "link": "https://www.sec.gov/Archives/edgar/data/1633978/000163397819000071/0001633978-19-000071-index.htm", "finalLink": "https://www.sec.gov/Archives/edgar/data/1633978/000163397819000071/lumentumfy20q1-10q.htm"}, {"date": "2019-06-29", "symbol": "LITE", "reportedCurrency": "USD", "cik": "0001633978", "fillingDate": "2019-08-27", "acceptedDate": "2019-08-27 16:22:26", "calendarYear": "2019", "period": "Q4", "revenue": 404600000, "costOfRevenue": 317800000, "grossProfit": 105300000, "grossProfitRatio": 0.260257044, "researchAndDevelopmentExpenses": 49500000, "generalAndAdministrativeExpenses": 0, "sellingAndMarketingExpenses": 0, "sellingGeneralAndAdministrativeExpenses": 49400000, "otherExpenses": 0, "operatingExpenses": 98900000, "costAndExpenses": 416700000, "interestIncome": 3900000, "interestExpense": 11400000, "depreciationAndAmortization": 45100000, "ebitda": 35400000, "ebitdaratio": 0.0874938211, "operatingIncome": -13800000, "operatingIncomeRatio": -0.0341077608, "totalOtherIncomeExpensesNet": -7300000, "incomeBeforeTax": -21100000, "incomeBeforeTaxRatio": -0.0521502719, "incomeTaxExpense": 4700000, "netIncome": -25800000, "netIncomeRatio": -0.0637666831, "eps": -0.34, "epsdiluted": -0.34, "weightedAverageShsOut": 76464608, "weightedAverageShsOutDil": 76500000, "link": "https://www.sec.gov/Archives/edgar/data/1633978/000163397819000069/0001633978-19-000069-index.htm", "finalLink": "https://www.sec.gov/Archives/edgar/data/1633978/000163397819000069/lumentumfy19-10k.htm"}, {"date": "2019-03-30", "symbol": "LITE", "reportedCurrency": "USD", "cik": "0001633978", "fillingDate": "2019-05-07", "acceptedDate": "2019-05-07 09:36:57", "calendarYear": "2019", "period": "Q3", "revenue": 432900000, "costOfRevenue": 344600000, "grossProfit": 88300000, "grossProfitRatio": 0.203973204, "researchAndDevelopmentExpenses": 57700000, "generalAndAdministrativeExpenses": 0, "sellingAndMarketingExpenses": 0, "sellingGeneralAndAdministrativeExpenses": 55200000, "otherExpenses": 51800000, "operatingExpenses": 164700000, "costAndExpenses": 457500000, "interestIncome": 3900000, "interestExpense": 11300000, "depreciationAndAmortization": 60700000, "ebitda": -10500000, "ebitdaratio": -0.0242550243, "operatingIncome": -76400000, "operatingIncomeRatio": -0.1764841765, "totalOtherIncomeExpensesNet": -6100000, "incomeBeforeTax": -82500000, "incomeBeforeTaxRatio": -0.1905751906, "incomeTaxExpense": -8200000, "netIncome": -74300000, "netIncomeRatio": -0.1716331716, "eps": -0.98, "epsdiluted": -0.98, "weightedAverageShsOut": 75816326, "weightedAverageShsOutDil": 76200000, "link": "https://www.sec.gov/Archives/edgar/data/1633978/000163397819000030/0001633978-19-000030-index.htm", "finalLink": "https://www.sec.gov/Archives/edgar/data/1633978/000163397819000030/lumentumfy19q3-10q.htm"}, {"date": "2018-12-29", "symbol": "LITE", "reportedCurrency": "USD", "cik": "0001633978", "fillingDate": "2019-02-07", "acceptedDate": "2019-02-07 13:36:08", "calendarYear": "2019", "period": "Q2", "revenue": 373700000, "costOfRevenue": 248900000, "grossProfit": 124800000, "grossProfitRatio": 0.3339577201, "researchAndDevelopmentExpenses": 42800000, "generalAndAdministrativeExpenses": 0, "sellingAndMarketingExpenses": 0, "sellingGeneralAndAdministrativeExpenses": 62700000, "otherExpenses": 0, "operatingExpenses": 105500000, "costAndExpenses": 354400000, "interestIncome": 3400000, "interestExpense": 8500000, "depreciationAndAmortization": 31200000, "ebitda": 57400000, "ebitdaratio": 0.1535991437, "operatingIncome": 11500000, "operatingIncomeRatio": 0.0307733476, "totalOtherIncomeExpensesNet": 6200000, "incomeBeforeTax": 17700000, "incomeBeforeTaxRatio": 0.0473641959, "incomeTaxExpense": 1400000, "netIncome": 16300000, "netIncomeRatio": 0.0436178753, "eps": 0.24, "epsdiluted": 0.08, "weightedAverageShsOut": 66800000, "weightedAverageShsOutDil": 67800000, "link": "https://www.sec.gov/Archives/edgar/data/1633978/000163397819000002/0001633978-19-000002-index.htm", "finalLink": "https://www.sec.gov/Archives/edgar/data/1633978/000163397819000002/lumentumfy19q2-10q.htm"}, {"date": "2018-09-29", "symbol": "LITE", "reportedCurrency": "USD", "cik": "0001633978", "fillingDate": "2018-11-01", "acceptedDate": "2018-11-01 08:41:47", "calendarYear": "2019", "period": "Q1", "revenue": 354100000, "costOfRevenue": 228100000, "grossProfit": 126000000, "grossProfitRatio": 0.355831686, "researchAndDevelopmentExpenses": 34600000, "generalAndAdministrativeExpenses": 0, "sellingAndMarketingExpenses": 0, "sellingGeneralAndAdministrativeExpenses": 33000000, "otherExpenses": 0, "operatingExpenses": 67600000, "costAndExpenses": 295700000, "interestIncome": 2700000, "interestExpense": 5100000, "depreciationAndAmortization": 20500000, "ebitda": 78200000, "ebitdaratio": 0.2208415702, "operatingIncome": 57100000, "operatingIncomeRatio": 0.1612538831, "totalOtherIncomeExpensesNet": -4500000, "incomeBeforeTax": 52600000, "incomeBeforeTaxRatio": 0.1485456086, "incomeTaxExpense": 5200000, "netIncome": 47400000, "netIncomeRatio": 0.1338604914, "eps": 0.73, "epsdiluted": 0.72, "weightedAverageShsOut": 63100000, "weightedAverageShsOutDil": 63900000, "link": "https://www.sec.gov/Archives/edgar/data/1633978/000162828018013240/0001628280-18-013240-index.htm", "finalLink": "https://www.sec.gov/Archives/edgar/data/1633978/000162828018013240/lumentumfy19q1-10q.htm"}, {"date": "2018-06-30", "symbol": "LITE", "reportedCurrency": "USD", "cik": "0001633978", "fillingDate": "2018-08-28", "acceptedDate": "2018-08-28 16:27:44", "calendarYear": "2018", "period": "Q4", "revenue": 301100000, "costOfRevenue": 205600000, "grossProfit": 95500000, "grossProfitRatio": 0.3171703753, "researchAndDevelopmentExpenses": 38500000, "generalAndAdministrativeExpenses": 0, "sellingAndMarketingExpenses": 0, "sellingGeneralAndAdministrativeExpenses": 32700000, "otherExpenses": 0, "operatingExpenses": 71200000, "costAndExpenses": 276800000, "interestIncome": 2800000, "interestExpense": 4600000, "depreciationAndAmortization": 21500000, "ebitda": 53800000, "ebitdaratio": 0.17867818, "operatingIncome": 20900000, "operatingIncomeRatio": 0.0694121554, "totalOtherIncomeExpensesNet": 6800000, "incomeBeforeTax": 27700000, "incomeBeforeTaxRatio": 0.0919960146, "incomeTaxExpense": -5800000, "netIncome": 33500000, "netIncomeRatio": 0.111258718, "eps": 0.52, "epsdiluted": 0.4, "weightedAverageShsOut": 62700000, "weightedAverageShsOutDil": 65000000, "link": "https://www.sec.gov/Archives/edgar/data/1633978/000163397818000108/0001633978-18-000108-index.htm", "finalLink": "https://www.sec.gov/Archives/edgar/data/1633978/000163397818000108/lumentumfy1810k.htm"}, {"date": "2018-03-31", "symbol": "LITE", "reportedCurrency": "USD", "cik": "0001633978", "fillingDate": "2018-05-02", "acceptedDate": "2018-05-02 09:26:41", "calendarYear": "2018", "period": "Q3", "revenue": 298800000, "costOfRevenue": 201800000, "grossProfit": 97000000, "grossProfitRatio": 0.3246318608, "researchAndDevelopmentExpenses": 38200000, "generalAndAdministrativeExpenses": 0, "sellingAndMarketingExpenses": 0, "sellingGeneralAndAdministrativeExpenses": 33200000, "otherExpenses": 0, "operatingExpenses": 71400000, "costAndExpenses": 273200000, "interestIncome": 2500000, "interestExpense": 4600000, "depreciationAndAmortization": 19200000, "ebitda": 26500000, "ebitdaratio": 0.0886880857, "operatingIncome": 25500000, "operatingIncomeRatio": 0.0853413655, "totalOtherIncomeExpensesNet": -22800000, "incomeBeforeTax": 2700000, "incomeBeforeTaxRatio": 0.0090361446, "incomeTaxExpense": 0, "netIncome": 2700000, "netIncomeRatio": 0.0090361446, "eps": 0.04, "epsdiluted": 0.04, "weightedAverageShsOut": 62400000, "weightedAverageShsOutDil": 63300000, "link": "https://www.sec.gov/Archives/edgar/data/1633978/000163397818000030/0001633978-18-000030-index.htm", "finalLink": "https://www.sec.gov/Archives/edgar/data/1633978/000163397818000030/lumentumfy18q3-10q.htm"}, {"date": "2017-12-30", "symbol": "LITE", "reportedCurrency": "USD", "cik": "0001633978", "fillingDate": "2018-02-06", "acceptedDate": "2018-02-06 09:25:02", "calendarYear": "2018", "period": "Q2", "revenue": 404600000, "costOfRevenue": 233500000, "grossProfit": 171100000, "grossProfitRatio": 0.4228868018, "researchAndDevelopmentExpenses": 43800000, "generalAndAdministrativeExpenses": 0, "sellingAndMarketingExpenses": 0, "sellingGeneralAndAdministrativeExpenses": 35700000, "otherExpenses": 0, "operatingExpenses": 79500000, "costAndExpenses": 313000000, "interestIncome": 1700000, "interestExpense": 4600000, "depreciationAndAmortization": 19000000, "ebitda": 118900000, "ebitdaratio": 0.2938704894, "operatingIncome": 90800000, "operatingIncomeRatio": 0.2244191794, "totalOtherIncomeExpensesNet": 4700000, "incomeBeforeTax": 95500000, "incomeBeforeTaxRatio": 0.2360355907, "incomeTaxExpense": -109300000, "netIncome": 204800000, "netIncomeRatio": 0.5061789422, "eps": 3.21, "epsdiluted": 3.05, "weightedAverageShsOut": 62200000, "weightedAverageShsOutDil": 64600000, "link": "https://www.sec.gov/Archives/edgar/data/1633978/000162828018001086/0001628280-18-001086-index.htm", "finalLink": "https://www.sec.gov/Archives/edgar/data/1633978/000162828018001086/lumentumfy18q2-10q.htm"}, {"date": "2017-09-30", "symbol": "LITE", "reportedCurrency": "USD", "cik": "0001633978", "fillingDate": "2017-11-01", "acceptedDate": "2017-11-01 09:00:59", "calendarYear": "2018", "period": "Q1", "revenue": 243200000, "costOfRevenue": 174700000, "grossProfit": 68500000, "grossProfitRatio": 0.2816611842, "researchAndDevelopmentExpenses": 36300000, "generalAndAdministrativeExpenses": 0, "sellingAndMarketingExpenses": 0, "sellingGeneralAndAdministrativeExpenses": 26600000, "otherExpenses": 0, "operatingExpenses": 62900000, "costAndExpenses": 237600000, "interestIncome": 1500000, "interestExpense": 4400000, "depreciationAndAmortization": 17500000, "ebitda": 25400000, "ebitdaratio": 0.1044407895, "operatingIncome": 2700000, "operatingIncomeRatio": 0.0111019737, "totalOtherIncomeExpensesNet": 800000, "incomeBeforeTax": 3500000, "incomeBeforeTaxRatio": 0.0143914474, "incomeTaxExpense": -3600000, "netIncome": 7100000, "netIncomeRatio": 0.0291940789, "eps": 0.11, "epsdiluted": 0.04, "weightedAverageShsOut": 61700000, "weightedAverageShsOutDil": 64500000, "link": "https://www.sec.gov/Archives/edgar/data/1633978/000163397817000119/0001633978-17-000119-index.htm", "finalLink": "https://www.sec.gov/Archives/edgar/data/1633978/000163397817000119/lumentumfy18q1-10q.htm"}, {"date": "2017-07-01", "symbol": "LITE", "reportedCurrency": "USD", "cik": "0001633978", "fillingDate": "2017-08-29", "acceptedDate": "2017-08-29 17:30:25", "calendarYear": "2017", "period": "Q4", "revenue": 222700000, "costOfRevenue": 155400000, "grossProfit": 67300000, "grossProfitRatio": 0.3022002694, "researchAndDevelopmentExpenses": 35400000, "generalAndAdministrativeExpenses": 0, "sellingAndMarketingExpenses": 0, "sellingGeneralAndAdministrativeExpenses": 26000000, "otherExpenses": 0, "operatingExpenses": 61400000, "costAndExpenses": 216800000, "interestIncome": 300000, "interestExpense": 4400000, "depreciationAndAmortization": 16500000, "ebitda": -6700000, "ebitdaratio": -0.0300853166, "operatingIncome": 3900000, "operatingIncomeRatio": 0.0175123485, "totalOtherIncomeExpensesNet": -31500000, "incomeBeforeTax": -27600000, "incomeBeforeTaxRatio": -0.1239335429, "incomeTaxExpense": 27300000, "netIncome": -54900000, "netIncomeRatio": -0.246519982, "eps": -0.9, "epsdiluted": -0.9, "weightedAverageShsOut": 61182552, "weightedAverageShsOutDil": 61300000, "link": "https://www.sec.gov/Archives/edgar/data/1633978/000163397817000095/0001633978-17-000095-index.htm", "finalLink": "https://www.sec.gov/Archives/edgar/data/1633978/000163397817000095/lumentumfy1710k.htm"}, {"date": "2017-04-01", "symbol": "LITE", "reportedCurrency": "USD", "cik": "0001633978", "fillingDate": "2017-05-04", "acceptedDate": "2017-05-04 09:26:42", "calendarYear": "2017", "period": "Q3", "revenue": 255800000, "costOfRevenue": 173700000, "grossProfit": 82100000, "grossProfitRatio": 0.3209538702, "researchAndDevelopmentExpenses": 37300000, "generalAndAdministrativeExpenses": 0, "sellingAndMarketingExpenses": 0, "sellingGeneralAndAdministrativeExpenses": 28100000, "otherExpenses": 3100000, "operatingExpenses": 68500000, "costAndExpenses": 239100000, "interestIncome": 0, "interestExpense": 1100000, "depreciationAndAmortization": 15900000, "ebitda": -27400000, "ebitdaratio": -0.1071149335, "operatingIncome": 13600000, "operatingIncomeRatio": 0.0531665364, "totalOtherIncomeExpensesNet": -58000000, "incomeBeforeTax": -44400000, "incomeBeforeTaxRatio": -0.173573104, "incomeTaxExpense": 11600000, "netIncome": -56000000, "netIncomeRatio": -0.2189210321, "eps": -0.92, "epsdiluted": -0.92, "weightedAverageShsOut": 61000000, "weightedAverageShsOutDil": 61000000, "link": "https://www.sec.gov/Archives/edgar/data/1633978/000163397817000037/0001633978-17-000037-index.htm", "finalLink": "https://www.sec.gov/Archives/edgar/data/1633978/000163397817000037/lumentumq3fy1710q.htm"}, {"date": "2016-12-31", "symbol": "LITE", "reportedCurrency": "USD", "cik": "0001633978", "fillingDate": "2017-02-07", "acceptedDate": "2017-02-07 16:36:58", "calendarYear": "2017", "period": "Q2", "revenue": 265000000, "costOfRevenue": 178000000, "grossProfit": 87000000, "grossProfitRatio": 0.3283018868, "researchAndDevelopmentExpenses": 38700000, "generalAndAdministrativeExpenses": 0, "sellingAndMarketingExpenses": 0, "sellingGeneralAndAdministrativeExpenses": 31000000, "otherExpenses": 0, "operatingExpenses": 69700000, "costAndExpenses": 247700000, "interestIncome": 0, "interestExpense": 0, "depreciationAndAmortization": 14900000, "ebitda": 32800000, "ebitdaratio": 0.1237735849, "operatingIncome": 13300000, "operatingIncomeRatio": 0.0501886792, "totalOtherIncomeExpensesNet": 4600000, "incomeBeforeTax": 17900000, "incomeBeforeTaxRatio": 0.0675471698, "incomeTaxExpense": 6100000, "netIncome": 11800000, "netIncomeRatio": 0.0445283019, "eps": 0.19, "epsdiluted": 0.19, "weightedAverageShsOut": 60300000, "weightedAverageShsOutDil": 62700000, "link": "https://www.sec.gov/Archives/edgar/data/1633978/000163397817000006/0001633978-17-000006-index.htm", "finalLink": "https://www.sec.gov/Archives/edgar/data/1633978/000163397817000006/lumentumq2fy1710q.htm"}, {"date": "2016-10-01", "symbol": "LITE", "reportedCurrency": "USD", "cik": "0001633978", "fillingDate": "2016-10-27", "acceptedDate": "2016-10-27 17:17:16", "calendarYear": "2017", "period": "Q1", "revenue": 258100000, "costOfRevenue": 176400000, "grossProfit": 81700000, "grossProfitRatio": 0.3165439752, "researchAndDevelopmentExpenses": 36900000, "generalAndAdministrativeExpenses": 0, "sellingAndMarketingExpenses": 0, "sellingGeneralAndAdministrativeExpenses": 25100000, "otherExpenses": 0, "operatingExpenses": 62000000, "costAndExpenses": 238400000, "interestIncome": 0, "interestExpense": 200000, "depreciationAndAmortization": 13700000, "ebitda": 8000000, "ebitdaratio": 0.0309957381, "operatingIncome": 16800000, "operatingIncomeRatio": 0.06509105, "totalOtherIncomeExpensesNet": -22500000, "incomeBeforeTax": -5700000, "incomeBeforeTaxRatio": -0.0220844634, "incomeTaxExpense": -2300000, "netIncome": -3400000, "netIncomeRatio": -0.0131731887, "eps": -0.0568, "epsdiluted": -0.0568, "weightedAverageShsOut": 59900000, "weightedAverageShsOutDil": 59900000, "link": "https://www.sec.gov/Archives/edgar/data/1633978/000162828016020392/0001628280-16-020392-index.htm", "finalLink": "https://www.sec.gov/Archives/edgar/data/1633978/000162828016020392/lumentumq1fy1710q.htm"}, {"date": "2016-07-02", "symbol": "LITE", "reportedCurrency": "USD", "cik": "0001633978", "fillingDate": "2016-09-02", "acceptedDate": "2016-09-02 17:07:29", "calendarYear": "2016", "period": "Q4", "revenue": 241700000, "costOfRevenue": 162200000, "grossProfit": 79500000, "grossProfitRatio": 0.3289201489, "researchAndDevelopmentExpenses": 36400000, "generalAndAdministrativeExpenses": 0, "sellingAndMarketingExpenses": 0, "sellingGeneralAndAdministrativeExpenses": 29500000, "otherExpenses": 5200000, "operatingExpenses": 71100000, "costAndExpenses": 228100000, "interestIncome": 0, "interestExpense": -100000, "depreciationAndAmortization": 14100000, "ebitda": 18600000, "ebitdaratio": 0.0769549028, "operatingIncome": 10100000, "operatingIncomeRatio": 0.0417873397, "totalOtherIncomeExpensesNet": 4300000, "incomeBeforeTax": 14400000, "incomeBeforeTaxRatio": 0.0595779892, "incomeTaxExpense": 100000, "netIncome": 14300000, "netIncomeRatio": 0.0591642532, "eps": 0.24, "epsdiluted": 0.23, "weightedAverageShsOut": 59400000, "weightedAverageShsOutDil": 61800000, "link": "https://www.sec.gov/Archives/edgar/data/1633978/000162828016019400/0001628280-16-019400-index.htm", "finalLink": "https://www.sec.gov/Archives/edgar/data/1633978/000162828016019400/lumentumfy1610k.htm"}, {"date": "2016-04-02", "symbol": "LITE", "reportedCurrency": "USD", "cik": "0001633978", "fillingDate": "2016-05-04", "acceptedDate": "2016-05-04 17:17:33", "calendarYear": "2016", "period": "Q3", "revenue": 230400000, "costOfRevenue": 167600000, "grossProfit": 62800000, "grossProfitRatio": 0.2725694444, "researchAndDevelopmentExpenses": 35300000, "generalAndAdministrativeExpenses": 0, "sellingAndMarketingExpenses": 0, "sellingGeneralAndAdministrativeExpenses": 28000000, "otherExpenses": 400000, "operatingExpenses": 63700000, "costAndExpenses": 230900000, "interestIncome": 0, "interestExpense": -400000, "depreciationAndAmortization": 13100000, "ebitda": 12600000, "ebitdaratio": 0.0546875, "operatingIncome": -2300000, "operatingIncomeRatio": -0.0099826389, "totalOtherIncomeExpensesNet": -5200000, "incomeBeforeTax": -7500000, "incomeBeforeTaxRatio": -0.0325520833, "incomeTaxExpense": 100000, "netIncome": -7600000, "netIncomeRatio": -0.0329861111, "eps": -0.13, "epsdiluted": -0.13, "weightedAverageShsOut": 59200000, "weightedAverageShsOutDil": 59200000, "link": "https://www.sec.gov/Archives/edgar/data/1633978/000162828016015527/0001628280-16-015527-index.htm", "finalLink": "https://www.sec.gov/Archives/edgar/data/1633978/000162828016015527/lumentumq3fy1610q.htm"}, {"date": "2015-12-26", "symbol": "LITE", "reportedCurrency": "USD", "cik": "0001633978", "fillingDate": "2016-02-04", "acceptedDate": "2016-02-04 17:24:43", "calendarYear": "2016", "period": "Q2", "revenue": 218300000, "costOfRevenue": 150200000, "grossProfit": 68100000, "grossProfitRatio": 0.3119560238, "researchAndDevelopmentExpenses": 35000000, "generalAndAdministrativeExpenses": 0, "sellingAndMarketingExpenses": 0, "sellingGeneralAndAdministrativeExpenses": 25800000, "otherExpenses": 1100000, "operatingExpenses": 61900000, "costAndExpenses": 211000000, "interestIncome": 0, "interestExpense": -500000, "depreciationAndAmortization": 13900000, "ebitda": 21200000, "ebitdaratio": 0.0971140632, "operatingIncome": 6200000, "operatingIncomeRatio": 0.0284012826, "totalOtherIncomeExpensesNet": -2900000, "incomeBeforeTax": 3300000, "incomeBeforeTaxRatio": 0.0151168117, "incomeTaxExpense": 500000, "netIncome": 2800000, "netIncomeRatio": 0.0128263857, "eps": 0.01, "epsdiluted": 0.01, "weightedAverageShsOut": 59000000, "weightedAverageShsOutDil": 59200000, "link": "https://www.sec.gov/Archives/edgar/data/1633978/000162828016010773/0001628280-16-010773-index.htm", "finalLink": "https://www.sec.gov/Archives/edgar/data/1633978/000162828016010773/lumentumq2fy1610q.htm"}, {"date": "2015-09-26", "symbol": "LITE", "reportedCurrency": "USD", "cik": "0001633978", "fillingDate": "2015-11-17", "acceptedDate": "2015-11-17 06:16:35", "calendarYear": "2016", "period": "Q1", "revenue": 212600000, "costOfRevenue": 145700000, "grossProfit": 66900000, "grossProfitRatio": 0.3146754468, "researchAndDevelopmentExpenses": 34400000, "generalAndAdministrativeExpenses": 0, "sellingAndMarketingExpenses": 0, "sellingGeneralAndAdministrativeExpenses": 33600000, "otherExpenses": 400000, "operatingExpenses": 68400000, "costAndExpenses": 213700000, "interestIncome": 0, "interestExpense": -200000, "depreciationAndAmortization": 13500000, "ebitda": 12000000, "ebitdaratio": 0.0564440263, "operatingIncome": -2500000, "operatingIncomeRatio": -0.0117591722, "totalOtherIncomeExpensesNet": 2000000, "incomeBeforeTax": -500000, "incomeBeforeTaxRatio": -0.0023518344, "incomeTaxExpense": -100000, "netIncome": -400000, "netIncomeRatio": -0.0018814675, "eps": -0.0068, "epsdiluted": -0.0068, "weightedAverageShsOut": 58800000, "weightedAverageShsOutDil": 58800000, "link": "https://www.sec.gov/Archives/edgar/data/1633978/000156459015010839/0001564590-15-010839-index.htm", "finalLink": "https://www.sec.gov/Archives/edgar/data/1633978/000156459015010839/lite-10q_20150926.htm"}, {"date": "2015-06-27", "symbol": "LITE", "reportedCurrency": "USD", "cik": "0001633978", "fillingDate": "2015-09-25", "acceptedDate": "2015-09-25 15:22:44", "calendarYear": "2015", "period": "Q4", "revenue": 208900000, "costOfRevenue": 145300000, "grossProfit": 63600000, "grossProfitRatio": 0.3044518909, "researchAndDevelopmentExpenses": 35700000, "generalAndAdministrativeExpenses": 0, "sellingAndMarketingExpenses": 0, "sellingGeneralAndAdministrativeExpenses": 38700000, "otherExpenses": -1100000, "operatingExpenses": 73300000, "costAndExpenses": 219700000, "interestIncome": 0, "interestExpense": 400000, "depreciationAndAmortization": 12900000, "ebitda": 1100000, "ebitdaratio": 0.0052656774, "operatingIncome": -15700000, "operatingIncomeRatio": -0.0751555768, "totalOtherIncomeExpensesNet": -300000, "incomeBeforeTax": -16000000, "incomeBeforeTaxRatio": -0.0765916707, "incomeTaxExpense": 900000, "netIncome": -16900000, "netIncomeRatio": -0.0808999521, "eps": -0.29, "epsdiluted": -0.29, "weightedAverageShsOut": 58409685, "weightedAverageShsOutDil": 58409685, "link": "https://www.sec.gov/Archives/edgar/data/1633978/000162828015007281/0001628280-15-007281-index.htm", "finalLink": "https://www.sec.gov/Archives/edgar/data/1633978/000162828015007281/lumentumfy1510k.htm"}, {"date": "2015-03-31", "symbol": "LITE", "reportedCurrency": "USD", "cik": "0001633978", "fillingDate": "2015-09-25", "acceptedDate": "2015-09-25 15:22:44", "calendarYear": "2015", "period": "Q3", "revenue": 198700000, "costOfRevenue": 141600000, "grossProfit": 57100000, "grossProfitRatio": 0.2873678913, "researchAndDevelopmentExpenses": 35000000, "generalAndAdministrativeExpenses": 0, "sellingAndMarketingExpenses": 0, "sellingGeneralAndAdministrativeExpenses": 31800000, "otherExpenses": -1100000, "operatingExpenses": 65700000, "costAndExpenses": 208400000, "interestIncome": 0, "interestExpense": 0, "depreciationAndAmortization": 13100000, "ebitda": 3200000, "ebitdaratio": 0.0161046804, "operatingIncome": -10800000, "operatingIncomeRatio": -0.0543532964, "totalOtherIncomeExpensesNet": -400000, "incomeBeforeTax": -11200000, "incomeBeforeTaxRatio": -0.0563663815, "incomeTaxExpense": -23400000, "netIncome": 12200000, "netIncomeRatio": 0.0613990941, "eps": 0.21, "epsdiluted": 0.21, "weightedAverageShsOut": 58000000, "weightedAverageShsOutDil": 58000000, "link": "https://www.sec.gov/Archives/edgar/data/1633978/000162828015007281/0001628280-15-007281-index.htm", "finalLink": "https://www.sec.gov/Archives/edgar/data/1633978/000162828015007281/lumentumfy1510k.htm"}, {"date": "2014-12-31", "symbol": "LITE", "reportedCurrency": "USD", "cik": "0001633978", "fillingDate": "2014-12-31", "acceptedDate": "2014-12-31 00:00:00", "calendarYear": "2015", "period": "Q2", "revenue": 210500000, "costOfRevenue": 143600000, "grossProfit": 66900000, "grossProfitRatio": 0.3178147268, "researchAndDevelopmentExpenses": 35100000, "generalAndAdministrativeExpenses": 0, "sellingAndMarketingExpenses": 0, "sellingGeneralAndAdministrativeExpenses": 31200000, "otherExpenses": -1100000, "operatingExpenses": 65200000, "costAndExpenses": 209900000, "interestIncome": 0, "interestExpense": 0, "depreciationAndAmortization": 12600000, "ebitda": 13400000, "ebitdaratio": 0.0636579572, "operatingIncome": -3200000, "operatingIncomeRatio": -0.0152019002, "totalOtherIncomeExpensesNet": -100000, "incomeBeforeTax": -3300000, "incomeBeforeTaxRatio": -0.0156769596, "incomeTaxExpense": 800000, "netIncome": -4100000, "netIncomeRatio": -0.0194774347, "eps": -0.07, "epsdiluted": -0.07, "weightedAverageShsOut": 58571414, "weightedAverageShsOutDil": 58571429, "link": "", "finalLink": ""}, {"date": "2014-09-30", "symbol": "LITE", "reportedCurrency": "USD", "cik": "0001633978", "fillingDate": "2014-09-30", "acceptedDate": "2014-09-29 20:00:00", "calendarYear": "2015", "period": "Q1", "revenue": 219000000, "costOfRevenue": 148700000, "grossProfit": 70300000, "grossProfitRatio": 0.3210045662, "researchAndDevelopmentExpenses": 35000000, "generalAndAdministrativeExpenses": 0, "sellingAndMarketingExpenses": 0, "sellingGeneralAndAdministrativeExpenses": 28300000, "otherExpenses": -1100000, "operatingExpenses": 62200000, "costAndExpenses": 212000000, "interestIncome": 0, "interestExpense": 0, "depreciationAndAmortization": 12400000, "ebitda": 19400000, "ebitdaratio": 0.0885844749, "operatingIncome": 5200000, "operatingIncomeRatio": 0.0237442922, "totalOtherIncomeExpensesNet": -300000, "incomeBeforeTax": 4900000, "incomeBeforeTaxRatio": 0.0223744292, "incomeTaxExpense": 600000, "netIncome": 4300000, "netIncomeRatio": 0.0196347032, "eps": 0.0741, "epsdiluted": 0.0741, "weightedAverageShsOut": 58000000, "weightedAverageShsOutDil": 58000000, "link": "", "finalLink": ""}, {"date": "2014-06-30", "symbol": "LITE", "reportedCurrency": "USD", "cik": "0001633978", "fillingDate": "2014-06-30", "acceptedDate": "2014-06-30 00:00:00", "calendarYear": "2014", "period": "Q4", "revenue": 201000000, "costOfRevenue": 137200000, "grossProfit": 63800000, "grossProfitRatio": 0.3174129353, "researchAndDevelopmentExpenses": 36600000, "generalAndAdministrativeExpenses": 0, "sellingAndMarketingExpenses": 0, "sellingGeneralAndAdministrativeExpenses": 30300000, "otherExpenses": 0, "operatingExpenses": 66900000, "costAndExpenses": 204100000, "interestIncome": 1500000, "interestExpense": 0, "depreciationAndAmortization": 11700000, "ebitda": 4800000, "ebitdaratio": 0.023880597, "operatingIncome": -6800000, "operatingIncomeRatio": -0.0338308458, "totalOtherIncomeExpensesNet": -200000, "incomeBeforeTax": -7000000, "incomeBeforeTaxRatio": -0.0348258706, "incomeTaxExpense": -300000, "netIncome": -6700000, "netIncomeRatio": -0.0333333333, "eps": -0.12, "epsdiluted": -0.12, "weightedAverageShsOut": 58000000, "weightedAverageShsOutDil": 58000000, "link": "", "finalLink": ""}, {"date": "2014-03-31", "symbol": "LITE", "reportedCurrency": "USD", "cik": "0001633978", "fillingDate": "2014-03-31", "acceptedDate": "2014-03-30 20:00:00", "calendarYear": "2014", "period": "Q3", "revenue": 213500000, "costOfRevenue": 142200000, "grossProfit": 71300000, "grossProfitRatio": 0.3339578454, "researchAndDevelopmentExpenses": 36000000, "generalAndAdministrativeExpenses": 0, "sellingAndMarketingExpenses": 0, "sellingGeneralAndAdministrativeExpenses": 27900000, "otherExpenses": 0, "operatingExpenses": 63900000, "costAndExpenses": 206100000, "interestIncome": 1400000, "interestExpense": 0, "depreciationAndAmortization": 11200000, "ebitda": 19800000, "ebitdaratio": 0.0927400468, "operatingIncome": 7500000, "operatingIncomeRatio": 0.0351288056, "totalOtherIncomeExpensesNet": 1400000, "incomeBeforeTax": 8900000, "incomeBeforeTaxRatio": 0.0416861827, "incomeTaxExpense": 200000, "netIncome": 8700000, "netIncomeRatio": 0.0407494145, "eps": 0.15, "epsdiluted": 0.15, "weightedAverageShsOut": 58000000, "weightedAverageShsOutDil": 58000000, "link": "", "finalLink": ""}, {"date": "2013-12-28", "symbol": "LITE", "reportedCurrency": "USD", "cik": "0001633978", "fillingDate": "2013-12-28", "acceptedDate": "2013-12-27 19:00:00", "calendarYear": "2014", "period": "Q2", "revenue": 201700000, "costOfRevenue": 138650000, "grossProfit": 63050000, "grossProfitRatio": 0.3125929598, "researchAndDevelopmentExpenses": 31150000, "generalAndAdministrativeExpenses": 0, "sellingAndMarketingExpenses": 0, "sellingGeneralAndAdministrativeExpenses": 25000000, "otherExpenses": 2900000, "operatingExpenses": 59050000, "costAndExpenses": 197700000, "interestIncome": 50000, "interestExpense": 0, "depreciationAndAmortization": 10950000, "ebitda": 15550000, "ebitdaratio": 0.0770946951, "operatingIncome": 4600000, "operatingIncomeRatio": 0.0228061477, "totalOtherIncomeExpensesNet": -650000, "incomeBeforeTax": 3950000, "incomeBeforeTaxRatio": 0.0195835399, "incomeTaxExpense": 400000, "netIncome": 4350000, "netIncomeRatio": 0.0215666832, "eps": 0.075, "epsdiluted": 0.075, "weightedAverageShsOut": 58000000, "weightedAverageShsOutDil": 58000000, "link": null, "finalLink": null}, {"date": "2013-09-28", "symbol": "LITE", "reportedCurrency": "USD", "cik": "0001633978", "fillingDate": "2013-09-28", "acceptedDate": "2013-09-27 20:00:00", "calendarYear": "2014", "period": "Q1", "revenue": 201700000, "costOfRevenue": 138650000, "grossProfit": 63050000, "grossProfitRatio": 0.3125929598, "researchAndDevelopmentExpenses": 31150000, "generalAndAdministrativeExpenses": 0, "sellingAndMarketingExpenses": 0, "sellingGeneralAndAdministrativeExpenses": 25000000, "otherExpenses": 2900000, "operatingExpenses": 59050000, "costAndExpenses": 197700000, "interestIncome": 50000, "interestExpense": 0, "depreciationAndAmortization": 10950000, "ebitda": 15550000, "ebitdaratio": 0.0770946951, "operatingIncome": 4600000, "operatingIncomeRatio": 0.0228061477, "totalOtherIncomeExpensesNet": -650000, "incomeBeforeTax": 3950000, "incomeBeforeTaxRatio": 0.0195835399, "incomeTaxExpense": 400000, "netIncome": 4350000, "netIncomeRatio": 0.0215666832, "eps": 0.075, "epsdiluted": 0.075, "weightedAverageShsOut": 58000000, "weightedAverageShsOutDil": 58000000, "link": null, "finalLink": null}]