[{"date": "2025-06-30", "symbol": "CSWI", "reportedCurrency": "USD", "cik": "0001624794", "fillingDate": "2025-07-31", "acceptedDate": "2025-07-31 06:31:56", "calendarYear": "2026", "period": "Q1", "revenue": 263646000, "costOfRevenue": 148204000, "grossProfit": 115442000, "grossProfitRatio": 0.4378674435, "researchAndDevelopmentExpenses": 0, "generalAndAdministrativeExpenses": 0, "sellingAndMarketingExpenses": 0, "sellingGeneralAndAdministrativeExpenses": 60566000, "otherExpenses": 0, "operatingExpenses": 60566000, "costAndExpenses": 208770000, "interestIncome": 0, "interestExpense": 1022000, "depreciationAndAmortization": 13340000, "ebitda": 68744000, "ebitdaratio": 0.2607435728, "operatingIncome": 54876000, "operatingIncomeRatio": 0.2081427369, "totalOtherIncomeExpensesNet": -494000, "incomeBeforeTax": 54382000, "incomeBeforeTaxRatio": 0.2062690122, "incomeTaxExpense": 13211000, "netIncome": 40925000, "netIncomeRatio": 0.1552270848, "eps": 2.43, "epsdiluted": 2.43, "weightedAverageShsOut": 16808000, "weightedAverageShsOutDil": 16863000, "link": "https://www.sec.gov/Archives/edgar/data/1624794/000162479425000080/0001624794-25-000080-index.htm", "finalLink": "https://www.sec.gov/Archives/edgar/data/1624794/000162479425000080/cswi-20250630.htm"}, {"date": "2025-03-31", "symbol": "CSWI", "reportedCurrency": "USD", "cik": "0001624794", "fillingDate": "2025-05-22", "acceptedDate": "2025-05-22 06:30:41", "calendarYear": "2025", "period": "Q4", "revenue": 230549000, "costOfRevenue": 128665000, "grossProfit": 101884000, "grossProfitRatio": 0.4419190714, "researchAndDevelopmentExpenses": 5300000, "generalAndAdministrativeExpenses": 45006000, "sellingAndMarketingExpenses": 4700000, "sellingGeneralAndAdministrativeExpenses": 56840000, "otherExpenses": -5300000, "operatingExpenses": 56840000, "costAndExpenses": 185505000, "interestIncome": 689000, "interestExpense": 0, "depreciationAndAmortization": 11499000, "ebitda": 55681000, "ebitdaratio": 0.241514819, "operatingIncome": 45044000, "operatingIncomeRatio": 0.1953771216, "totalOtherIncomeExpensesNet": 1469000, "incomeBeforeTax": 46513000, "incomeBeforeTaxRatio": 0.201748869, "incomeTaxExpense": 11458000, "netIncome": 35062000, "netIncomeRatio": 0.1520804688, "eps": 2.09, "epsdiluted": 2.08, "weightedAverageShsOut": 16242000, "weightedAverageShsOutDil": 16314000, "link": "https://www.sec.gov/Archives/edgar/data/1624794/000162479425000056/0001624794-25-000056-index.htm", "finalLink": "https://www.sec.gov/Archives/edgar/data/1624794/000162479425000056/cswi-20250331.htm"}, {"date": "2024-12-31", "symbol": "CSWI", "reportedCurrency": "USD", "cik": "0001624794", "fillingDate": "2025-01-30", "acceptedDate": "2025-01-30 06:29:39", "calendarYear": "2025", "period": "Q3", "revenue": 193649000, "costOfRevenue": 113543000, "grossProfit": 80106000, "grossProfitRatio": 0.4136659626, "researchAndDevelopmentExpenses": 0, "generalAndAdministrativeExpenses": 0, "sellingAndMarketingExpenses": 0, "sellingGeneralAndAdministrativeExpenses": 50511000, "otherExpenses": 0, "operatingExpenses": 50511000, "costAndExpenses": 164054000, "interestIncome": 0, "interestExpense": -5208000, "depreciationAndAmortization": 10069000, "ebitda": 40842000, "ebitdaratio": 0.2109073633, "operatingIncome": 29595000, "operatingIncomeRatio": 0.1528280549, "totalOtherIncomeExpensesNet": 1678000, "incomeBeforeTax": 31273000, "incomeBeforeTaxRatio": 0.1614932171, "incomeTaxExpense": 4315000, "netIncome": 26948000, "netIncomeRatio": 0.1391589938, "eps": 1.6, "epsdiluted": 1.6, "weightedAverageShsOut": 16792000, "weightedAverageShsOutDil": 16872000, "link": "https://www.sec.gov/Archives/edgar/data/1624794/000162479425000012/0001624794-25-000012-index.htm", "finalLink": "https://www.sec.gov/Archives/edgar/data/1624794/000162479425000012/cswi-20241231.htm"}, {"date": "2024-09-30", "symbol": "CSWI", "reportedCurrency": "USD", "cik": "0001624794", "fillingDate": "2024-10-30", "acceptedDate": "2024-10-30 06:28:00", "calendarYear": "2025", "period": "Q2", "revenue": 227926000, "costOfRevenue": 124025000, "grossProfit": 103901000, "grossProfitRatio": 0.455854093, "researchAndDevelopmentExpenses": 0, "generalAndAdministrativeExpenses": 0, "sellingAndMarketingExpenses": 0, "sellingGeneralAndAdministrativeExpenses": 52352000, "otherExpenses": 0, "operatingExpenses": 52352000, "costAndExpenses": 176377000, "interestIncome": 0, "interestExpense": 1341000, "depreciationAndAmortization": 10134000, "ebitda": 61006000, "ebitdaratio": 0.2676570466, "operatingIncome": 51549000, "operatingIncomeRatio": 0.2261655099, "totalOtherIncomeExpensesNet": -2018000, "incomeBeforeTax": 49531000, "incomeBeforeTaxRatio": 0.2173117591, "incomeTaxExpense": 12910000, "netIncome": 36051000, "netIncomeRatio": 0.1581697569, "eps": 2.27, "epsdiluted": 2.26, "weightedAverageShsOut": 15866000, "weightedAverageShsOutDil": 15941000, "link": "https://www.sec.gov/Archives/edgar/data/1624794/000162479424000091/0001624794-24-000091-index.htm", "finalLink": "https://www.sec.gov/Archives/edgar/data/1624794/000162479424000091/cswi-20240930.htm"}, {"date": "2024-06-30", "symbol": "CSWI", "reportedCurrency": "USD", "cik": "0001624794", "fillingDate": "2024-07-31", "acceptedDate": "2024-07-31 06:28:48", "calendarYear": "2025", "period": "Q1", "revenue": 226177000, "costOfRevenue": 118756000, "grossProfit": 107421000, "grossProfitRatio": 0.4749421913, "researchAndDevelopmentExpenses": 0, "generalAndAdministrativeExpenses": 0, "sellingAndMarketingExpenses": 0, "sellingGeneralAndAdministrativeExpenses": 51661000, "otherExpenses": 260000, "operatingExpenses": 51661000, "costAndExpenses": 170417000, "interestIncome": 0, "interestExpense": 2520000, "depreciationAndAmortization": 10125000, "ebitda": 65239000, "ebitdaratio": 0.2884422377, "operatingIncome": 55060000, "operatingIncomeRatio": 0.2434376617, "totalOtherIncomeExpensesNet": -2260000, "incomeBeforeTax": 52800000, "incomeBeforeTaxRatio": 0.2334454874, "incomeTaxExpense": 13950000, "netIncome": 38591000, "netIncomeRatio": 0.1706230076, "eps": 2.48, "epsdiluted": 2.47, "weightedAverageShsOut": 15534000, "weightedAverageShsOutDil": 15596000, "link": "https://www.sec.gov/Archives/edgar/data/1624794/000162479424000058/0001624794-24-000058-index.htm", "finalLink": "https://www.sec.gov/Archives/edgar/data/1624794/000162479424000058/cswi-20240630.htm"}, {"date": "2024-03-31", "symbol": "CSWI", "reportedCurrency": "USD", "cik": "0001624794", "fillingDate": "2024-05-23", "acceptedDate": "2024-05-23 06:29:47", "calendarYear": "2024", "period": "Q4", "revenue": 210860000, "costOfRevenue": 117222000, "grossProfit": 93638000, "grossProfitRatio": 0.4440766385, "researchAndDevelopmentExpenses": 5900000, "generalAndAdministrativeExpenses": 0, "sellingAndMarketingExpenses": 0, "sellingGeneralAndAdministrativeExpenses": 49300000, "otherExpenses": 273000, "operatingExpenses": 49300000, "costAndExpenses": 166522000, "interestIncome": 0, "interestExpense": 2643000, "depreciationAndAmortization": 10572000, "ebitda": 55272000, "ebitdaratio": 0.2621265295, "operatingIncome": 44338000, "operatingIncomeRatio": 0.2102722185, "totalOtherIncomeExpensesNet": -2370000, "incomeBeforeTax": 41968000, "incomeBeforeTaxRatio": 0.1990325334, "incomeTaxExpense": 9973000, "netIncome": 31759000, "netIncomeRatio": 0.1506165228, "eps": 2.05, "epsdiluted": 2.04, "weightedAverageShsOut": 15523000, "weightedAverageShsOutDil": 15586000, "link": "https://www.sec.gov/Archives/edgar/data/1624794/000162479424000032/0001624794-24-000032-index.htm", "finalLink": "https://www.sec.gov/Archives/edgar/data/1624794/000162479424000032/cswi-20240331.htm"}, {"date": "2023-12-31", "symbol": "CSWI", "reportedCurrency": "USD", "cik": "0001624794", "fillingDate": "2024-02-01", "acceptedDate": "2024-02-01 06:25:43", "calendarYear": "2024", "period": "Q3", "revenue": 174967000, "costOfRevenue": 100986000, "grossProfit": 73981000, "grossProfitRatio": 0.4228283048, "researchAndDevelopmentExpenses": 0, "generalAndAdministrativeExpenses": 0, "sellingAndMarketingExpenses": 0, "sellingGeneralAndAdministrativeExpenses": 46400000, "otherExpenses": 0, "operatingExpenses": 46400000, "costAndExpenses": 147386000, "interestIncome": 0, "interestExpense": 2765000, "depreciationAndAmortization": 9318000, "ebitda": 28471000, "ebitdaratio": 0.1627221133, "operatingIncome": 27581000, "operatingIncomeRatio": 0.1576354398, "totalOtherIncomeExpensesNet": -11193000, "incomeBeforeTax": 16388000, "incomeBeforeTaxRatio": 0.0936633765, "incomeTaxExpense": 7083000, "netIncome": 9222000, "netIncomeRatio": 0.0527070819, "eps": 0.59, "epsdiluted": 0.59, "weightedAverageShsOut": 15546000, "weightedAverageShsOutDil": 15596000, "link": "https://www.sec.gov/Archives/edgar/data/1624794/000162479424000007/0001624794-24-000007-index.htm", "finalLink": "https://www.sec.gov/Archives/edgar/data/1624794/000162479424000007/cswi-20231231.htm"}, {"date": "2023-09-30", "symbol": "CSWI", "reportedCurrency": "USD", "cik": "0001624794", "fillingDate": "2023-11-02", "acceptedDate": "2023-11-02 06:50:32", "calendarYear": "2024", "period": "Q2", "revenue": 203653000, "costOfRevenue": 112694000, "grossProfit": 90959000, "grossProfitRatio": 0.4466371721, "researchAndDevelopmentExpenses": 0, "generalAndAdministrativeExpenses": 0, "sellingAndMarketingExpenses": 0, "sellingGeneralAndAdministrativeExpenses": 48966000, "otherExpenses": 0, "operatingExpenses": 48966000, "costAndExpenses": 161660000, "interestIncome": 0, "interestExpense": 3306000, "depreciationAndAmortization": 9236000, "ebitda": 53155000, "ebitdaratio": 0.2610076945, "operatingIncome": 41993000, "operatingIncomeRatio": 0.2061987793, "totalOtherIncomeExpensesNet": -1380000, "incomeBeforeTax": 40613000, "incomeBeforeTaxRatio": 0.1994225472, "incomeTaxExpense": -10431000, "netIncome": 30055000, "netIncomeRatio": 0.1475794611, "eps": 1.93, "epsdiluted": 1.93, "weightedAverageShsOut": 15544000, "weightedAverageShsOutDil": 15588000, "link": "https://www.sec.gov/Archives/edgar/data/1624794/000162479423000105/0001624794-23-000105-index.htm", "finalLink": "https://www.sec.gov/Archives/edgar/data/1624794/000162479423000105/cswi-20230930.htm"}, {"date": "2023-06-30", "symbol": "CSWI", "reportedCurrency": "USD", "cik": "0001624794", "fillingDate": "2023-08-03", "acceptedDate": "2023-08-03 06:43:08", "calendarYear": "2024", "period": "Q1", "revenue": 203360000, "costOfRevenue": 111193000, "grossProfit": 92167000, "grossProfitRatio": 0.4532208891, "researchAndDevelopmentExpenses": 0, "generalAndAdministrativeExpenses": 0, "sellingAndMarketingExpenses": 0, "sellingGeneralAndAdministrativeExpenses": 46961000, "otherExpenses": 314000, "operatingExpenses": 46961000, "costAndExpenses": 158154000, "interestIncome": 0, "interestExpense": 4009000, "depreciationAndAmortization": 8939000, "ebitda": 54772000, "ebitdaratio": 0.2693351692, "operatingIncome": 45206000, "operatingIncomeRatio": 0.2222954367, "totalOtherIncomeExpensesNet": -3695000, "incomeBeforeTax": 41511000, "incomeBeforeTaxRatio": 0.2041256884, "incomeTaxExpense": 10455000, "netIncome": 30611000, "netIncomeRatio": 0.1505261605, "eps": 1.97, "epsdiluted": 1.97, "weightedAverageShsOut": 15520000, "weightedAverageShsOutDil": 15547000, "link": "https://www.sec.gov/Archives/edgar/data/1624794/000162479423000064/0001624794-23-000064-index.htm", "finalLink": "https://www.sec.gov/Archives/edgar/data/1624794/000162479423000064/cswi-20230630.htm"}, {"date": "2023-03-31", "symbol": "CSWI", "reportedCurrency": "USD", "cik": "0001624794", "fillingDate": "2023-05-25", "acceptedDate": "2023-05-25 06:37:03", "calendarYear": "2023", "period": "Q4", "revenue": 195686000, "costOfRevenue": 110341000, "grossProfit": 85345000, "grossProfitRatio": 0.4361323753, "researchAndDevelopmentExpenses": 4800000, "generalAndAdministrativeExpenses": 0, "sellingAndMarketingExpenses": 0, "sellingGeneralAndAdministrativeExpenses": 45580000, "otherExpenses": 570000, "operatingExpenses": 45580000, "costAndExpenses": 155921000, "interestIncome": 0, "interestExpense": 4107000, "depreciationAndAmortization": 9691000, "ebitda": 50149000, "ebitdaratio": 0.2562728044, "operatingIncome": 30516000, "operatingIncomeRatio": 0.1559437057, "totalOtherIncomeExpensesNet": -3536000, "incomeBeforeTax": 36228000, "incomeBeforeTaxRatio": 0.1851333258, "incomeTaxExpense": 9105000, "netIncome": 27063000, "netIncomeRatio": 0.1382980898, "eps": 1.75, "epsdiluted": 1.74, "weightedAverageShsOut": 15475000, "weightedAverageShsOutDil": 15523000, "link": "https://www.sec.gov/Archives/edgar/data/1624794/000162479423000039/0001624794-23-000039-index.htm", "finalLink": "https://www.sec.gov/Archives/edgar/data/1624794/000162479423000039/cswi-20230331.htm"}, {"date": "2022-12-31", "symbol": "CSWI", "reportedCurrency": "USD", "cik": "0001624794", "fillingDate": "2023-02-02", "acceptedDate": "2023-02-02 06:33:52", "calendarYear": "2023", "period": "Q3", "revenue": 171093000, "costOfRevenue": 105295000, "grossProfit": 65798000, "grossProfitRatio": 0.3845744712, "researchAndDevelopmentExpenses": 0, "generalAndAdministrativeExpenses": 0, "sellingAndMarketingExpenses": 0, "sellingGeneralAndAdministrativeExpenses": 42686000, "otherExpenses": 0, "operatingExpenses": 42686000, "costAndExpenses": 147981000, "interestIncome": 0, "interestExpense": 4200000, "depreciationAndAmortization": 8969000, "ebitda": 31344000, "ebitdaratio": 0.1831986113, "operatingIncome": 23112000, "operatingIncomeRatio": 0.1350844278, "totalOtherIncomeExpensesNet": -4937000, "incomeBeforeTax": 18175000, "incomeBeforeTaxRatio": 0.1062287762, "incomeTaxExpense": 2676000, "netIncome": 15599000, "netIncomeRatio": 0.0911726371, "eps": 1.01, "epsdiluted": 1.01, "weightedAverageShsOut": 15476000, "weightedAverageShsOutDil": 15512000, "link": "https://www.sec.gov/Archives/edgar/data/1624794/000162479423000008/0001624794-23-000008-index.htm", "finalLink": "https://www.sec.gov/Archives/edgar/data/1624794/000162479423000008/cswi-20221231.htm"}, {"date": "2022-09-30", "symbol": "CSWI", "reportedCurrency": "USD", "cik": "0001624794", "fillingDate": "2022-11-03", "acceptedDate": "2022-11-03 06:35:12", "calendarYear": "2023", "period": "Q2", "revenue": 191192000, "costOfRevenue": 110545000, "grossProfit": 80647000, "grossProfitRatio": 0.4218115821, "researchAndDevelopmentExpenses": 0, "generalAndAdministrativeExpenses": 0, "sellingAndMarketingExpenses": 0, "sellingGeneralAndAdministrativeExpenses": 45330000, "otherExpenses": 40000, "operatingExpenses": 45330000, "costAndExpenses": 155875000, "interestIncome": 0, "interestExpense": 3106000, "depreciationAndAmortization": 8723000, "ebitda": 44080000, "ebitdaratio": 0.2305535796, "operatingIncome": 35317000, "operatingIncomeRatio": 0.184720072, "totalOtherIncomeExpensesNet": -3066000, "incomeBeforeTax": 32251000, "incomeBeforeTaxRatio": 0.1686838361, "incomeTaxExpense": 7936000, "netIncome": 24331000, "netIncomeRatio": 0.1272595088, "eps": 1.58, "epsdiluted": 1.57, "weightedAverageShsOut": 15439000, "weightedAverageShsOutDil": 15477000, "link": "https://www.sec.gov/Archives/edgar/data/1624794/000162479422000101/0001624794-22-000101-index.htm", "finalLink": "https://www.sec.gov/Archives/edgar/data/1624794/000162479422000101/cswi-20220930.htm"}, {"date": "2022-06-30", "symbol": "CSWI", "reportedCurrency": "USD", "cik": "0001624794", "fillingDate": "2022-08-05", "acceptedDate": "2022-08-05 06:23:05", "calendarYear": "2023", "period": "Q1", "revenue": 199934000, "costOfRevenue": 113509000, "grossProfit": 86425000, "grossProfitRatio": 0.4322676483, "researchAndDevelopmentExpenses": 0, "generalAndAdministrativeExpenses": 0, "sellingAndMarketingExpenses": 0, "sellingGeneralAndAdministrativeExpenses": 45552000, "otherExpenses": 169000, "operatingExpenses": 45552000, "costAndExpenses": 159061000, "interestIncome": 0, "interestExpense": 1784000, "depreciationAndAmortization": 8473000, "ebitda": 49474000, "ebitdaratio": 0.247451659, "operatingIncome": 40873000, "operatingIncomeRatio": 0.2044324627, "totalOtherIncomeExpensesNet": -1615000, "incomeBeforeTax": 39258000, "incomeBeforeTaxRatio": 0.1963547971, "incomeTaxExpense": 9620000, "netIncome": 29443000, "netIncomeRatio": 0.147263597, "eps": 1.88, "epsdiluted": 1.88, "weightedAverageShsOut": 15643000, "weightedAverageShsOutDil": 15652000, "link": "https://www.sec.gov/Archives/edgar/data/1624794/000162479422000061/0001624794-22-000061-index.htm", "finalLink": "https://www.sec.gov/Archives/edgar/data/1624794/000162479422000061/cswi-20220630.htm"}, {"date": "2022-03-31", "symbol": "CSWI", "reportedCurrency": "USD", "cik": "0001624794", "fillingDate": "2022-05-18", "acceptedDate": "2022-05-18 06:24:21", "calendarYear": "2022", "period": "Q4", "revenue": 173299000, "costOfRevenue": 100957000, "grossProfit": 72342000, "grossProfitRatio": 0.4174403776, "researchAndDevelopmentExpenses": 4800000, "generalAndAdministrativeExpenses": 0, "sellingAndMarketingExpenses": 0, "sellingGeneralAndAdministrativeExpenses": 43405000, "otherExpenses": -34000, "operatingExpenses": 43405000, "costAndExpenses": 144362000, "interestIncome": 0, "interestExpense": 1298000, "depreciationAndAmortization": 8241000, "ebitda": 37091000, "ebitdaratio": 0.2140289327, "operatingIncome": 20513000, "operatingIncomeRatio": 0.1183676767, "totalOtherIncomeExpensesNet": -2045000, "incomeBeforeTax": 27605000, "incomeBeforeTaxRatio": 0.1592911673, "incomeTaxExpense": 9080000, "netIncome": 18446000, "netIncomeRatio": 0.1064403141, "eps": 1.17, "epsdiluted": 1.17, "weightedAverageShsOut": 15764000, "weightedAverageShsOutDil": 15800000, "link": "https://www.sec.gov/Archives/edgar/data/1624794/000162479422000040/0001624794-22-000040-index.htm", "finalLink": "https://www.sec.gov/Archives/edgar/data/1624794/000162479422000040/cswi-20220331.htm"}, {"date": "2021-12-31", "symbol": "CSWI", "reportedCurrency": "USD", "cik": "0001624794", "fillingDate": "2022-02-03", "acceptedDate": "2022-02-03 06:27:23", "calendarYear": "2022", "period": "Q3", "revenue": 136286000, "costOfRevenue": 86244000, "grossProfit": 50042000, "grossProfitRatio": 0.3671837166, "researchAndDevelopmentExpenses": 0, "generalAndAdministrativeExpenses": 0, "sellingAndMarketingExpenses": 0, "sellingGeneralAndAdministrativeExpenses": 37894000, "otherExpenses": -127000, "operatingExpenses": 37894000, "costAndExpenses": 124138000, "interestIncome": 0, "interestExpense": 1184000, "depreciationAndAmortization": 7910000, "ebitda": 19931000, "ebitdaratio": 0.1462439282, "operatingIncome": 12148000, "operatingIncomeRatio": 0.0891360815, "totalOtherIncomeExpensesNet": -1311000, "incomeBeforeTax": 10837000, "incomeBeforeTaxRatio": 0.0795166048, "incomeTaxExpense": 2068000, "netIncome": 8311000, "netIncomeRatio": 0.0609820524, "eps": 0.53, "epsdiluted": 0.52, "weightedAverageShsOut": 15794000, "weightedAverageShsOutDil": 15844000, "link": "https://www.sec.gov/Archives/edgar/data/1624794/000162479422000015/0001624794-22-000015-index.htm", "finalLink": "https://www.sec.gov/Archives/edgar/data/1624794/000162479422000015/cswi-20211231.htm"}, {"date": "2021-09-30", "symbol": "CSWI", "reportedCurrency": "USD", "cik": "0001624794", "fillingDate": "2021-11-03", "acceptedDate": "2021-11-03 06:20:23", "calendarYear": "2022", "period": "Q2", "revenue": 155585000, "costOfRevenue": 92534000, "grossProfit": 63051000, "grossProfitRatio": 0.4052511489, "researchAndDevelopmentExpenses": 0, "generalAndAdministrativeExpenses": 0, "sellingAndMarketingExpenses": 0, "sellingGeneralAndAdministrativeExpenses": 37159000, "otherExpenses": -133000, "operatingExpenses": 37159000, "costAndExpenses": 129693000, "interestIncome": 0, "interestExpense": 1430000, "depreciationAndAmortization": 8062000, "ebitda": 33993000, "ebitdaratio": 0.2184850725, "operatingIncome": 25892000, "operatingIncomeRatio": 0.1664170711, "totalOtherIncomeExpensesNet": -1563000, "incomeBeforeTax": 24329000, "incomeBeforeTaxRatio": 0.1563711155, "incomeTaxExpense": 6121000, "netIncome": 17996000, "netIncomeRatio": 0.1156666774, "eps": 1.14, "epsdiluted": 1.14, "weightedAverageShsOut": 15755000, "weightedAverageShsOutDil": 15811000, "link": "https://www.sec.gov/Archives/edgar/data/1624794/000162479421000091/0001624794-21-000091-index.htm", "finalLink": "https://www.sec.gov/Archives/edgar/data/1624794/000162479421000091/cswi-20210930.htm"}, {"date": "2021-06-30", "symbol": "CSWI", "reportedCurrency": "USD", "cik": "0001624794", "fillingDate": "2021-08-04", "acceptedDate": "2021-08-04 06:36:20", "calendarYear": "2022", "period": "Q1", "revenue": 161266000, "costOfRevenue": 92668000, "grossProfit": 68598000, "grossProfitRatio": 0.4253717461, "researchAndDevelopmentExpenses": 0, "generalAndAdministrativeExpenses": 0, "sellingAndMarketingExpenses": 0, "sellingGeneralAndAdministrativeExpenses": 40124000, "otherExpenses": -172000, "operatingExpenses": 40124000, "costAndExpenses": 132792000, "interestIncome": 0, "interestExpense": 1538000, "depreciationAndAmortization": 12159000, "ebitda": 40454000, "ebitdaratio": 0.2508526286, "operatingIncome": 28474000, "operatingIncomeRatio": 0.1765654261, "totalOtherIncomeExpensesNet": -1710000, "incomeBeforeTax": 26764000, "incomeBeforeTaxRatio": 0.165961827, "incomeTaxExpense": 6401000, "netIncome": 20048000, "netIncomeRatio": 0.1243163469, "eps": 1.28, "epsdiluted": 1.27, "weightedAverageShsOut": 15715000, "weightedAverageShsOutDil": 15781000, "link": "https://www.sec.gov/Archives/edgar/data/1624794/000162479421000062/0001624794-21-000062-index.htm", "finalLink": "https://www.sec.gov/Archives/edgar/data/1624794/000162479421000062/cswi-20210630.htm"}, {"date": "2021-03-31", "symbol": "CSWI", "reportedCurrency": "USD", "cik": "0001624794", "fillingDate": "2021-05-20", "acceptedDate": "2021-05-20 06:51:24", "calendarYear": "2021", "period": "Q4", "revenue": 133369000, "costOfRevenue": 79396000, "grossProfit": 53973000, "grossProfitRatio": 0.4046892456, "researchAndDevelopmentExpenses": 4500000, "generalAndAdministrativeExpenses": 0, "sellingAndMarketingExpenses": 0, "sellingGeneralAndAdministrativeExpenses": 37054000, "otherExpenses": -4710000, "operatingExpenses": 37054000, "costAndExpenses": 116450000, "interestIncome": 0, "interestExpense": 1312000, "depreciationAndAmortization": 11260000, "ebitda": 23470000, "ebitdaratio": 0.1759779259, "operatingIncome": 16919000, "operatingIncomeRatio": 0.1268585653, "totalOtherIncomeExpensesNet": -6022000, "incomeBeforeTax": 10897000, "incomeBeforeTaxRatio": 0.0817056437, "incomeTaxExpense": 1270000, "netIncome": 9627000, "netIncomeRatio": 0.072183191, "eps": 0.61, "epsdiluted": 0.61, "weightedAverageShsOut": 15645000, "weightedAverageShsOutDil": 15781967, "link": "https://www.sec.gov/Archives/edgar/data/1624794/000162479421000031/0001624794-21-000031-index.htm", "finalLink": "https://www.sec.gov/Archives/edgar/data/1624794/000162479421000031/cswi-20210331.htm"}, {"date": "2020-12-31", "symbol": "CSWI", "reportedCurrency": "USD", "cik": "0001624794", "fillingDate": "2021-02-05", "acceptedDate": "2021-02-05 06:49:22", "calendarYear": "2021", "period": "Q3", "revenue": 89932000, "costOfRevenue": 50594000, "grossProfit": 39338000, "grossProfitRatio": 0.4374193835, "researchAndDevelopmentExpenses": 0, "generalAndAdministrativeExpenses": 0, "sellingAndMarketingExpenses": 0, "sellingGeneralAndAdministrativeExpenses": 35222000, "otherExpenses": 0, "operatingExpenses": 35222000, "costAndExpenses": 85816000, "interestIncome": 0, "interestExpense": 469000, "depreciationAndAmortization": 4547000, "ebitda": 8072000, "ebitdaratio": 0.0897567051, "operatingIncome": 4116000, "operatingIncomeRatio": 0.0457679135, "totalOtherIncomeExpensesNet": -1061000, "incomeBeforeTax": 3055000, "incomeBeforeTaxRatio": 0.0339701108, "incomeTaxExpense": 709000, "netIncome": 2346000, "netIncomeRatio": 0.0260863764, "eps": 0.16, "epsdiluted": 0.16, "weightedAverageShsOut": 14961000, "weightedAverageShsOutDil": 15079000, "link": "https://www.sec.gov/Archives/edgar/data/1624794/000162479421000008/0001624794-21-000008-index.htm", "finalLink": "https://www.sec.gov/Archives/edgar/data/1624794/000162479421000008/cswi-20201231.htm"}, {"date": "2020-09-30", "symbol": "CSWI", "reportedCurrency": "USD", "cik": "0001624794", "fillingDate": "2020-10-30", "acceptedDate": "2020-10-30 06:44:15", "calendarYear": "2021", "period": "Q2", "revenue": 104940000, "costOfRevenue": 56204000, "grossProfit": 48736000, "grossProfitRatio": 0.4644177625, "researchAndDevelopmentExpenses": 0, "generalAndAdministrativeExpenses": 0, "sellingAndMarketingExpenses": 0, "sellingGeneralAndAdministrativeExpenses": 26556000, "otherExpenses": 0, "operatingExpenses": 26556000, "costAndExpenses": 82760000, "interestIncome": 0, "interestExpense": 284000, "depreciationAndAmortization": 3642000, "ebitda": 25462000, "ebitdaratio": 0.242633886, "operatingIncome": 22180000, "operatingIncomeRatio": 0.2113588717, "totalOtherIncomeExpensesNet": -644000, "incomeBeforeTax": 21536000, "incomeBeforeTaxRatio": 0.2052220316, "incomeTaxExpense": 5182000, "netIncome": 16354000, "netIncomeRatio": 0.1558414332, "eps": 1.11, "epsdiluted": 1.1, "weightedAverageShsOut": 14747000, "weightedAverageShsOutDil": 14842000, "link": "https://www.sec.gov/Archives/edgar/data/1624794/000162479420000094/0001624794-20-000094-index.htm", "finalLink": "https://www.sec.gov/Archives/edgar/data/1624794/000162479420000094/cswi-20200930.htm"}, {"date": "2020-06-30", "symbol": "CSWI", "reportedCurrency": "USD", "cik": "0001624794", "fillingDate": "2020-08-03", "acceptedDate": "2020-08-03 06:25:22", "calendarYear": "2021", "period": "Q1", "revenue": 90964000, "costOfRevenue": 48212000, "grossProfit": 42752000, "grossProfitRatio": 0.4699881272, "researchAndDevelopmentExpenses": 0, "generalAndAdministrativeExpenses": 0, "sellingAndMarketingExpenses": 0, "sellingGeneralAndAdministrativeExpenses": 26499000, "otherExpenses": 0, "operatingExpenses": 26499000, "costAndExpenses": 74711000, "interestIncome": 0, "interestExpense": 318000, "depreciationAndAmortization": 3588000, "ebitda": 19527000, "ebitdaratio": 0.2146673409, "operatingIncome": 16253000, "operatingIncomeRatio": 0.1786750803, "totalOtherIncomeExpensesNet": -625000, "incomeBeforeTax": 15628000, "incomeBeforeTaxRatio": 0.1718042302, "incomeTaxExpense": 3668000, "netIncome": 11960000, "netIncomeRatio": 0.1314805857, "eps": 0.81, "epsdiluted": 0.81, "weightedAverageShsOut": 14707000, "weightedAverageShsOutDil": 14808000, "link": "https://www.sec.gov/Archives/edgar/data/1624794/000162479420000068/0001624794-20-000068-index.htm", "finalLink": "https://www.sec.gov/Archives/edgar/data/1624794/000162479420000068/cswi-20200630.htm"}, {"date": "2020-03-31", "symbol": "CSWI", "reportedCurrency": "USD", "cik": "0001624794", "fillingDate": "2020-05-20", "acceptedDate": "2020-05-20 06:58:00", "calendarYear": "2020", "period": "Q4", "revenue": 98498000, "costOfRevenue": 53778000, "grossProfit": 44720000, "grossProfitRatio": 0.454019371, "researchAndDevelopmentExpenses": 4300000, "generalAndAdministrativeExpenses": 28634000, "sellingAndMarketingExpenses": 0, "sellingGeneralAndAdministrativeExpenses": 28634000, "otherExpenses": 1167000, "operatingExpenses": 28634000, "costAndExpenses": 82412000, "interestIncome": 245000, "interestExpense": 0, "depreciationAndAmortization": 3599000, "ebitda": 11599000, "ebitdaratio": 0.1177587362, "operatingIncome": 15135000, "operatingIncomeRatio": 0.1536579423, "totalOtherIncomeExpensesNet": 6488000, "incomeBeforeTax": 16057000, "incomeBeforeTaxRatio": 0.1630185384, "incomeTaxExpense": 2685000, "netIncome": 14581000, "netIncomeRatio": 0.1480334626, "eps": 0.99, "epsdiluted": 0.99, "weightedAverageShsOut": 14707000, "weightedAverageShsOutDil": 14707000, "link": "https://www.sec.gov/Archives/edgar/data/1624794/000162479420000051/0001624794-20-000051-index.htm", "finalLink": "https://www.sec.gov/Archives/edgar/data/1624794/000162479420000051/cswi-20200331.htm"}, {"date": "2019-12-31", "symbol": "CSWI", "reportedCurrency": "USD", "cik": "0001624794", "fillingDate": "2020-02-04", "acceptedDate": "2020-02-04 06:45:14", "calendarYear": "2020", "period": "Q3", "revenue": 83716000, "costOfRevenue": 46025000, "grossProfit": 37691000, "grossProfitRatio": 0.4502245688, "researchAndDevelopmentExpenses": 0, "generalAndAdministrativeExpenses": 27203000, "sellingAndMarketingExpenses": 0, "sellingGeneralAndAdministrativeExpenses": 27203000, "otherExpenses": 0, "operatingExpenses": 27203000, "costAndExpenses": 73228000, "interestIncome": 0, "interestExpense": 286000, "depreciationAndAmortization": 3581000, "ebitda": 14069000, "ebitdaratio": 0.1680562855, "operatingIncome": 10488000, "operatingIncomeRatio": 0.125280711, "totalOtherIncomeExpensesNet": -1134000, "incomeBeforeTax": 9354000, "incomeBeforeTaxRatio": 0.1117349133, "incomeTaxExpense": 2072000, "netIncome": 7308000, "netIncomeRatio": 0.0872951407, "eps": 0.48, "epsdiluted": 0.48, "weightedAverageShsOut": 15084000, "weightedAverageShsOutDil": 15253000, "link": "https://www.sec.gov/Archives/edgar/data/1624794/000162479420000019/0001624794-20-000019-index.htm", "finalLink": "https://www.sec.gov/Archives/edgar/data/1624794/000162479420000019/cswi-20191231.htm"}, {"date": "2019-09-30", "symbol": "CSWI", "reportedCurrency": "USD", "cik": "0001624794", "fillingDate": "2019-11-05", "acceptedDate": "2019-11-05 07:00:08", "calendarYear": "2020", "period": "Q2", "revenue": 101324000, "costOfRevenue": 53920000, "grossProfit": 47404000, "grossProfitRatio": 0.4678457226, "researchAndDevelopmentExpenses": 0, "generalAndAdministrativeExpenses": 27282000, "sellingAndMarketingExpenses": 0, "sellingGeneralAndAdministrativeExpenses": 27282000, "otherExpenses": 0, "operatingExpenses": 27282000, "costAndExpenses": 81202000, "interestIncome": 0, "interestExpense": 299000, "depreciationAndAmortization": 3586000, "ebitda": 23708000, "ebitdaratio": 0.2339820773, "operatingIncome": 20122000, "operatingIncomeRatio": 0.1985906597, "totalOtherIncomeExpensesNet": -7666000, "incomeBeforeTax": 12456000, "incomeBeforeTaxRatio": 0.1229323754, "incomeTaxExpense": 3638000, "netIncome": 8783000, "netIncomeRatio": 0.086682326, "eps": 0.59, "epsdiluted": 0.58, "weightedAverageShsOut": 14989000, "weightedAverageShsOutDil": 15180000, "link": "https://www.sec.gov/Archives/edgar/data/1624794/000162479419000075/0001624794-19-000075-index.htm", "finalLink": "https://www.sec.gov/Archives/edgar/data/1624794/000162479419000075/cswi-20190930.htm"}, {"date": "2019-06-30", "symbol": "CSWI", "reportedCurrency": "USD", "cik": "0001624794", "fillingDate": "2019-08-08", "acceptedDate": "2019-08-08 06:59:40", "calendarYear": "2020", "period": "Q1", "revenue": 102333000, "costOfRevenue": 55098000, "grossProfit": 47235000, "grossProfitRatio": 0.4615813081, "researchAndDevelopmentExpenses": 0, "generalAndAdministrativeExpenses": 26914000, "sellingAndMarketingExpenses": 0, "sellingGeneralAndAdministrativeExpenses": 26914000, "otherExpenses": -87000, "operatingExpenses": 26914000, "costAndExpenses": 82012000, "interestIncome": 501000, "interestExpense": 0, "depreciationAndAmortization": 4079000, "ebitda": 24400000, "ebitdaratio": 0.2384372588, "operatingIncome": 20321000, "operatingIncomeRatio": 0.1985771941, "totalOtherIncomeExpensesNet": -588000, "incomeBeforeTax": 19733000, "incomeBeforeTaxRatio": 0.192831247, "incomeTaxExpense": 4389000, "netIncome": 15204000, "netIncomeRatio": 0.1485737739, "eps": 1.01, "epsdiluted": 1, "weightedAverageShsOut": 15024000, "weightedAverageShsOutDil": 15193000, "link": "https://www.sec.gov/Archives/edgar/data/1624794/000162479419000036/0001624794-19-000036-index.htm", "finalLink": "https://www.sec.gov/Archives/edgar/data/1624794/000162479419000036/cswi-20190630.htm"}, {"date": "2019-03-31", "symbol": "CSWI", "reportedCurrency": "USD", "cik": "0001624794", "fillingDate": "2019-05-22", "acceptedDate": "2019-05-22 07:04:10", "calendarYear": "2019", "period": "Q4", "revenue": 91477000, "costOfRevenue": 48632000, "grossProfit": 42845000, "grossProfitRatio": 0.4683690982, "researchAndDevelopmentExpenses": 4300000, "generalAndAdministrativeExpenses": 26774000, "sellingAndMarketingExpenses": 0, "sellingGeneralAndAdministrativeExpenses": 26774000, "otherExpenses": 1286000, "operatingExpenses": 26774000, "costAndExpenses": 75406000, "interestIncome": 0, "interestExpense": 0, "depreciationAndAmortization": 3438000, "ebitda": 21952000, "ebitdaratio": 0.2399728894, "operatingIncome": 16071000, "operatingIncomeRatio": 0.1756835051, "totalOtherIncomeExpensesNet": 938000, "incomeBeforeTax": 17009000, "incomeBeforeTaxRatio": 0.1859374488, "incomeTaxExpense": 3384000, "netIncome": 13763000, "netIncomeRatio": 0.1504531194, "eps": 0.92, "epsdiluted": 0.92, "weightedAverageShsOut": 14990000, "weightedAverageShsOutDil": 14990000, "link": "https://www.sec.gov/Archives/edgar/data/1624794/000162479419000021/0001624794-19-000021-index.htm", "finalLink": "https://www.sec.gov/Archives/edgar/data/1624794/000162479419000021/wfx-20190331.htm"}, {"date": "2018-12-31", "symbol": "CSWI", "reportedCurrency": "USD", "cik": "0001624794", "fillingDate": "2019-02-05", "acceptedDate": "2019-02-05 07:08:19", "calendarYear": "2019", "period": "Q3", "revenue": 77488000, "costOfRevenue": 43260000, "grossProfit": 34228000, "grossProfitRatio": 0.4417200083, "researchAndDevelopmentExpenses": 0, "generalAndAdministrativeExpenses": 24807000, "sellingAndMarketingExpenses": 0, "sellingGeneralAndAdministrativeExpenses": 24807000, "otherExpenses": 0, "operatingExpenses": 24807000, "costAndExpenses": 68067000, "interestIncome": 289000, "interestExpense": 0, "depreciationAndAmortization": 3412000, "ebitda": 12833000, "ebitdaratio": 0.16561274, "operatingIncome": 9421000, "operatingIncomeRatio": 0.1215801156, "totalOtherIncomeExpensesNet": 47000, "incomeBeforeTax": 9468000, "incomeBeforeTaxRatio": 0.1221866612, "incomeTaxExpense": 3471000, "netIncome": 4981000, "netIncomeRatio": 0.0642809209, "eps": 0.33, "epsdiluted": 0.32, "weightedAverageShsOut": 15238000, "weightedAverageShsOutDil": 15353000, "link": "https://www.sec.gov/Archives/edgar/data/1624794/000162479419000005/0001624794-19-000005-index.htm", "finalLink": "https://www.sec.gov/Archives/edgar/data/1624794/000162479419000005/cswi-20181231.htm"}, {"date": "2018-09-30", "symbol": "CSWI", "reportedCurrency": "USD", "cik": "0001624794", "fillingDate": "2018-11-07", "acceptedDate": "2018-11-07 07:22:57", "calendarYear": "2019", "period": "Q2", "revenue": 91612000, "costOfRevenue": 49403000, "grossProfit": 42209000, "grossProfitRatio": 0.4607365847, "researchAndDevelopmentExpenses": 0, "generalAndAdministrativeExpenses": 25005000, "sellingAndMarketingExpenses": 0, "sellingGeneralAndAdministrativeExpenses": 25005000, "otherExpenses": 82000, "operatingExpenses": 25005000, "costAndExpenses": 74408000, "interestIncome": 420000, "interestExpense": 0, "depreciationAndAmortization": 3425000, "ebitda": 20629000, "ebitdaratio": 0.2251779243, "operatingIncome": 17204000, "operatingIncomeRatio": 0.1877919923, "totalOtherIncomeExpensesNet": -338000, "incomeBeforeTax": 16866000, "incomeBeforeTaxRatio": 0.1841025193, "incomeTaxExpense": 4442000, "netIncome": 15156000, "netIncomeRatio": 0.1654368423, "eps": 0.98, "epsdiluted": 0.97, "weightedAverageShsOut": 15524000, "weightedAverageShsOutDil": 15649000, "link": "https://www.sec.gov/Archives/edgar/data/1624794/000162479418000022/0001624794-18-000022-index.htm", "finalLink": "https://www.sec.gov/Archives/edgar/data/1624794/000162479418000022/cswi-20180930.htm"}, {"date": "2018-06-30", "symbol": "CSWI", "reportedCurrency": "USD", "cik": "0001624794", "fillingDate": "2018-08-01", "acceptedDate": "2018-08-01 07:02:39", "calendarYear": "2019", "period": "Q1", "revenue": 89578000, "costOfRevenue": 47490000, "grossProfit": 42088000, "grossProfitRatio": 0.4698475072, "researchAndDevelopmentExpenses": 0, "generalAndAdministrativeExpenses": 24344000, "sellingAndMarketingExpenses": 0, "sellingGeneralAndAdministrativeExpenses": 24344000, "otherExpenses": 0, "operatingExpenses": 24344000, "costAndExpenses": 71834000, "interestIncome": 384000, "interestExpense": 0, "depreciationAndAmortization": 3561000, "ebitda": 21305000, "ebitdaratio": 0.2378374154, "operatingIncome": 17744000, "operatingIncomeRatio": 0.1980843511, "totalOtherIncomeExpensesNet": 354000, "incomeBeforeTax": 18098000, "incomeBeforeTaxRatio": 0.2020362142, "incomeTaxExpense": 4091000, "netIncome": 11676000, "netIncomeRatio": 0.1303445042, "eps": 0.74, "epsdiluted": 0.73, "weightedAverageShsOut": 15823000, "weightedAverageShsOutDil": 15932000, "link": "https://www.sec.gov/Archives/edgar/data/1624794/000162479418000016/0001624794-18-000016-index.htm", "finalLink": "https://www.sec.gov/Archives/edgar/data/1624794/000162479418000016/cswi-20180630.htm"}, {"date": "2018-03-31", "symbol": "CSWI", "reportedCurrency": "USD", "cik": "0001624794", "fillingDate": "2018-05-30", "acceptedDate": "2018-05-30 07:09:00", "calendarYear": "2018", "period": "Q4", "revenue": 83465000, "costOfRevenue": 47274000, "grossProfit": 36191000, "grossProfitRatio": 0.4336069011, "researchAndDevelopmentExpenses": 4600000, "generalAndAdministrativeExpenses": 25657000, "sellingAndMarketingExpenses": 0, "sellingGeneralAndAdministrativeExpenses": 25657000, "otherExpenses": -127000, "operatingExpenses": 25657000, "costAndExpenses": 72931000, "interestIncome": 1000, "interestExpense": 476000, "depreciationAndAmortization": 3786000, "ebitda": 14170000, "ebitdaratio": 0.1697717606, "operatingIncome": 10534000, "operatingIncomeRatio": 0.1262085904, "totalOtherIncomeExpensesNet": -602000, "incomeBeforeTax": 9932000, "incomeBeforeTaxRatio": 0.1189959863, "incomeTaxExpense": -678000, "netIncome": 6339000, "netIncomeRatio": 0.0759480022, "eps": 0.4, "epsdiluted": 0.4, "weightedAverageShsOut": 15707000, "weightedAverageShsOutDil": 15823000, "link": "https://www.sec.gov/Archives/edgar/data/1624794/000162479418000009/0001624794-18-000009-index.htm", "finalLink": "https://www.sec.gov/Archives/edgar/data/1624794/000162479418000009/fy18201810-kdocument.htm"}, {"date": "2017-12-31", "symbol": "CSWI", "reportedCurrency": "USD", "cik": "0001624794", "fillingDate": "2018-02-08", "acceptedDate": "2018-02-08 07:01:25", "calendarYear": "2018", "period": "Q3", "revenue": 69036000, "costOfRevenue": 38834000, "grossProfit": 30202000, "grossProfitRatio": 0.4374818935, "researchAndDevelopmentExpenses": 0, "generalAndAdministrativeExpenses": 21923000, "sellingAndMarketingExpenses": 0, "sellingGeneralAndAdministrativeExpenses": 21923000, "otherExpenses": 36000, "operatingExpenses": 21923000, "costAndExpenses": 60757000, "interestIncome": 540000, "interestExpense": 0, "depreciationAndAmortization": 2645000, "ebitda": 9927000, "ebitdaratio": 0.143794542, "operatingIncome": 8279000, "operatingIncomeRatio": 0.1199229388, "totalOtherIncomeExpensesNet": -504000, "incomeBeforeTax": 7775000, "incomeBeforeTaxRatio": 0.1126223999, "incomeTaxExpense": 5140000, "netIncome": -34037000, "netIncomeRatio": -0.4930326207, "eps": -2.17, "epsdiluted": -2.17, "weightedAverageShsOut": 15694000, "weightedAverageShsOutDil": 15694000, "link": "https://www.sec.gov/Archives/edgar/data/1624794/000162479418000004/0001624794-18-000004-index.htm", "finalLink": "https://www.sec.gov/Archives/edgar/data/1624794/000162479418000004/q32018cswi1231-10q.htm"}, {"date": "2017-09-30", "symbol": "CSWI", "reportedCurrency": "USD", "cik": "0001624794", "fillingDate": "2017-11-08", "acceptedDate": "2017-11-08 06:32:15", "calendarYear": "2018", "period": "Q2", "revenue": 90369000, "costOfRevenue": 51524000, "grossProfit": 38845000, "grossProfitRatio": 0.4298487313, "researchAndDevelopmentExpenses": 0, "generalAndAdministrativeExpenses": 26830000, "sellingAndMarketingExpenses": 0, "sellingGeneralAndAdministrativeExpenses": 26830000, "otherExpenses": 256000, "operatingExpenses": 26830000, "costAndExpenses": 78354000, "interestIncome": 671000, "interestExpense": 0, "depreciationAndAmortization": 4270000, "ebitda": 16285000, "ebitdaratio": 0.1802056015, "operatingIncome": 12015000, "operatingIncomeRatio": 0.132954885, "totalOtherIncomeExpensesNet": -450000, "incomeBeforeTax": 11565000, "incomeBeforeTaxRatio": 0.1279753013, "incomeTaxExpense": 4263000, "netIncome": 7302000, "netIncomeRatio": 0.0808020449, "eps": 0.46, "epsdiluted": 0.46, "weightedAverageShsOut": 15853000, "weightedAverageShsOutDil": 15945000, "link": "https://www.sec.gov/Archives/edgar/data/1624794/000162479417000024/0001624794-17-000024-index.htm", "finalLink": "https://www.sec.gov/Archives/edgar/data/1624794/000162479417000024/q22018cswi930-10q.htm"}, {"date": "2017-06-30", "symbol": "CSWI", "reportedCurrency": "USD", "cik": "0001624794", "fillingDate": "2017-08-09", "acceptedDate": "2017-08-09 07:03:14", "calendarYear": "2018", "period": "Q1", "revenue": 98027000, "costOfRevenue": 55658000, "grossProfit": 42369000, "grossProfitRatio": 0.4322176543, "researchAndDevelopmentExpenses": 0, "generalAndAdministrativeExpenses": 28106000, "sellingAndMarketingExpenses": 0, "sellingGeneralAndAdministrativeExpenses": 28106000, "otherExpenses": 0, "operatingExpenses": 28106000, "costAndExpenses": 83764000, "interestIncome": 631000, "interestExpense": 0, "depreciationAndAmortization": 4232000, "ebitda": 18495000, "ebitdaratio": 0.1886725086, "operatingIncome": 14263000, "operatingIncomeRatio": 0.1455007294, "totalOtherIncomeExpensesNet": -944000, "incomeBeforeTax": 13319000, "incomeBeforeTaxRatio": 0.1358707295, "incomeTaxExpense": 4805000, "netIncome": 8514000, "netIncomeRatio": 0.086853622, "eps": 0.54, "epsdiluted": 0.53, "weightedAverageShsOut": 15846000, "weightedAverageShsOutDil": 15923000, "link": "https://www.sec.gov/Archives/edgar/data/1624794/000162479417000020/0001624794-17-000020-index.htm", "finalLink": "https://www.sec.gov/Archives/edgar/data/1624794/000162479417000020/cswiq12018630-10q.htm"}, {"date": "2017-03-31", "symbol": "CSWI", "reportedCurrency": "USD", "cik": "0001624794", "fillingDate": "2017-06-14", "acceptedDate": "2017-06-14 07:08:15", "calendarYear": "2017", "period": "Q4", "revenue": 87349000, "costOfRevenue": 56276000, "grossProfit": 31073000, "grossProfitRatio": 0.3557338951, "researchAndDevelopmentExpenses": 4800000, "generalAndAdministrativeExpenses": 26132000, "sellingAndMarketingExpenses": 0, "sellingGeneralAndAdministrativeExpenses": 26132000, "otherExpenses": -117000, "operatingExpenses": 26132000, "costAndExpenses": 82408000, "interestIncome": 532000, "interestExpense": 0, "depreciationAndAmortization": 3771000, "ebitda": 8310000, "ebitdaratio": 0.0951356054, "operatingIncome": 4722000, "operatingIncomeRatio": 0.0540590047, "totalOtherIncomeExpensesNet": -648000, "incomeBeforeTax": 4073000, "incomeBeforeTaxRatio": 0.0466290398, "incomeTaxExpense": 1345000, "netIncome": 2728000, "netIncomeRatio": 0.0312310387, "eps": 0.17, "epsdiluted": 0.17, "weightedAverageShsOut": 15846000, "weightedAverageShsOutDil": 15846000, "link": "https://www.sec.gov/Archives/edgar/data/1624794/000162479417000014/0001624794-17-000014-index.htm", "finalLink": "https://www.sec.gov/Archives/edgar/data/1624794/000162479417000014/q4201710-kdocument.htm"}, {"date": "2016-12-31", "symbol": "CSWI", "reportedCurrency": "USD", "cik": "0001624794", "fillingDate": "2017-02-13", "acceptedDate": "2017-02-13 06:15:31", "calendarYear": "2017", "period": "Q3", "revenue": 75496000, "costOfRevenue": 46598000, "grossProfit": 28898000, "grossProfitRatio": 0.3827752464, "researchAndDevelopmentExpenses": 0, "generalAndAdministrativeExpenses": 25504000, "sellingAndMarketingExpenses": 0, "sellingGeneralAndAdministrativeExpenses": 25504000, "otherExpenses": 0, "operatingExpenses": 25504000, "costAndExpenses": 72102000, "interestIncome": 673000, "interestExpense": 0, "depreciationAndAmortization": 3999000, "ebitda": 7880000, "ebitdaratio": 0.1043763908, "operatingIncome": 3381000, "operatingIncomeRatio": 0.0447838296, "totalOtherIncomeExpensesNet": -1835000, "incomeBeforeTax": 3291000, "incomeBeforeTaxRatio": 0.0435917135, "incomeTaxExpense": 2886000, "netIncome": 405000, "netIncomeRatio": 0.0053645226, "eps": 0.0256, "epsdiluted": 0.0255, "weightedAverageShsOut": 15832000, "weightedAverageShsOutDil": 15894000, "link": "https://www.sec.gov/Archives/edgar/data/1624794/000162479417000008/0001624794-17-000008-index.htm", "finalLink": "https://www.sec.gov/Archives/edgar/data/1624794/000162479417000008/cswi20161231-10q.htm"}, {"date": "2016-09-30", "symbol": "CSWI", "reportedCurrency": "USD", "cik": "0001624794", "fillingDate": "2016-11-14", "acceptedDate": "2016-11-10 21:11:02", "calendarYear": "2017", "period": "Q2", "revenue": 80131000, "costOfRevenue": 44468000, "grossProfit": 35663000, "grossProfitRatio": 0.4450587164, "researchAndDevelopmentExpenses": 0, "generalAndAdministrativeExpenses": 25894000, "sellingAndMarketingExpenses": 0, "sellingGeneralAndAdministrativeExpenses": 25894000, "otherExpenses": 0, "operatingExpenses": 25894000, "costAndExpenses": 70362000, "interestIncome": 742000, "interestExpense": 0, "depreciationAndAmortization": 3899000, "ebitda": 11522000, "ebitdaratio": 0.1437895446, "operatingIncome": 6969000, "operatingIncomeRatio": 0.0869700865, "totalOtherIncomeExpensesNet": 11000, "incomeBeforeTax": 6980000, "incomeBeforeTaxRatio": 0.0871073617, "incomeTaxExpense": 3138000, "netIncome": 3842000, "netIncomeRatio": 0.0479464876, "eps": 0.24, "epsdiluted": 0.24, "weightedAverageShsOut": 15695000, "weightedAverageShsOutDil": 15763000, "link": "https://www.sec.gov/Archives/edgar/data/1624794/000119312516766231/0001193125-16-766231-index.htm", "finalLink": "https://www.sec.gov/Archives/edgar/data/1624794/000119312516766231/d261571d10q.htm"}, {"date": "2016-06-30", "symbol": "CSWI", "reportedCurrency": "USD", "cik": "0001624794", "fillingDate": "2016-08-15", "acceptedDate": "2016-08-15 07:32:02", "calendarYear": "2017", "period": "Q1", "revenue": 84107000, "costOfRevenue": 45904000, "grossProfit": 38203000, "grossProfitRatio": 0.4542190305, "researchAndDevelopmentExpenses": 0, "generalAndAdministrativeExpenses": 29711000, "sellingAndMarketingExpenses": 0, "sellingGeneralAndAdministrativeExpenses": 29711000, "otherExpenses": 0, "operatingExpenses": 29711000, "costAndExpenses": 75615000, "interestIncome": 0, "interestExpense": 0, "depreciationAndAmortization": 4127000, "ebitda": 12619000, "ebitdaratio": 0.1500350744, "operatingIncome": 7410000, "operatingIncomeRatio": 0.0881020605, "totalOtherIncomeExpensesNet": -210000, "incomeBeforeTax": 7200000, "incomeBeforeTaxRatio": 0.0856052409, "incomeTaxExpense": 3104000, "netIncome": 4096000, "netIncomeRatio": 0.0486998704, "eps": 0.26, "epsdiluted": 0.26, "weightedAverageShsOut": 15717000, "weightedAverageShsOutDil": 15778000, "link": "https://www.sec.gov/Archives/edgar/data/1624794/000119312516681344/0001193125-16-681344-index.htm", "finalLink": "https://www.sec.gov/Archives/edgar/data/1624794/000119312516681344/d398460d10q.htm"}, {"date": "2016-03-31", "symbol": "CSWI", "reportedCurrency": "USD", "cik": "0001624794", "fillingDate": "2016-06-08", "acceptedDate": "2016-06-08 16:08:04", "calendarYear": "2016", "period": "Q4", "revenue": 76259000, "costOfRevenue": 41832000, "grossProfit": 34427000, "grossProfitRatio": 0.4514483536, "researchAndDevelopmentExpenses": 4500000, "generalAndAdministrativeExpenses": 30866000, "sellingAndMarketingExpenses": 0, "sellingGeneralAndAdministrativeExpenses": 30866000, "otherExpenses": -41000, "operatingExpenses": 27631000, "costAndExpenses": 69463000, "interestIncome": 0, "interestExpense": 0, "depreciationAndAmortization": 4223000, "ebitda": 10793000, "ebitdaratio": 0.1415308357, "operatingIncome": 6796000, "operatingIncomeRatio": 0.0891173501, "totalOtherIncomeExpensesNet": -784000, "incomeBeforeTax": 6012000, "incomeBeforeTaxRatio": 0.0788365963, "incomeTaxExpense": 4152000, "netIncome": 1860000, "netIncomeRatio": 0.0243905637, "eps": 0.12, "epsdiluted": 0.12, "weightedAverageShsOut": 15670000, "weightedAverageShsOutDil": 15717000, "link": "https://www.sec.gov/Archives/edgar/data/1624794/000119312516616636/0001193125-16-616636-index.htm", "finalLink": "https://www.sec.gov/Archives/edgar/data/1624794/000119312516616636/d179685d10k.htm"}, {"date": "2015-12-31", "symbol": "CSWI", "reportedCurrency": "USD", "cik": "0001624794", "fillingDate": "2016-02-16", "acceptedDate": "2016-02-16 07:02:41", "calendarYear": "2016", "period": "Q3", "revenue": 70918000, "costOfRevenue": 38769000, "grossProfit": 32149000, "grossProfitRatio": 0.4533263769, "researchAndDevelopmentExpenses": 1346000, "generalAndAdministrativeExpenses": 13815000, "sellingAndMarketingExpenses": 11365000, "sellingGeneralAndAdministrativeExpenses": 25180000, "otherExpenses": -7000, "operatingExpenses": 26526000, "costAndExpenses": 65295000, "interestIncome": 0, "interestExpense": 0, "depreciationAndAmortization": 3389000, "ebitda": 9012000, "ebitdaratio": 0.1270763417, "operatingIncome": 5623000, "operatingIncomeRatio": 0.079288756, "totalOtherIncomeExpensesNet": -800000, "incomeBeforeTax": 4823000, "incomeBeforeTaxRatio": 0.0680081221, "incomeTaxExpense": 2825000, "netIncome": 1998000, "netIncomeRatio": 0.0281733833, "eps": 0.13, "epsdiluted": 0.13, "weightedAverageShsOut": 15663000, "weightedAverageShsOutDil": 15741000, "link": "https://www.sec.gov/Archives/edgar/data/1624794/000119312516463816/0001193125-16-463816-index.htm", "finalLink": "https://www.sec.gov/Archives/edgar/data/1624794/000119312516463816/d116763d10q.htm"}, {"date": "2015-09-30", "symbol": "CSWI", "reportedCurrency": "USD", "cik": "0001624794", "fillingDate": "2015-11-16", "acceptedDate": "2015-11-16 16:07:18", "calendarYear": "2016", "period": "Q2", "revenue": 83744000, "costOfRevenue": 42901000, "grossProfit": 40843000, "grossProfitRatio": 0.4877125525, "researchAndDevelopmentExpenses": 649000, "generalAndAdministrativeExpenses": 9860000, "sellingAndMarketingExpenses": 9556000, "sellingGeneralAndAdministrativeExpenses": 19416000, "otherExpenses": -113000, "operatingExpenses": 20065000, "costAndExpenses": 62966000, "interestIncome": 0, "interestExpense": 0, "depreciationAndAmortization": 3219000, "ebitda": 23997000, "ebitdaratio": 0.2865518724, "operatingIncome": 20778000, "operatingIncomeRatio": 0.2481132977, "totalOtherIncomeExpensesNet": -945000, "incomeBeforeTax": 19833000, "incomeBeforeTaxRatio": 0.2368289071, "incomeTaxExpense": 6871000, "netIncome": 12962000, "netIncomeRatio": 0.1547812381, "eps": 0.83, "epsdiluted": 0.83, "weightedAverageShsOut": 15583000, "weightedAverageShsOutDil": 15583000, "link": "https://www.sec.gov/Archives/edgar/data/1624794/000119312515378398/0001193125-15-378398-index.htm", "finalLink": "https://www.sec.gov/Archives/edgar/data/1624794/000119312515378398/d59746d10q.htm"}, {"date": "2015-06-30", "symbol": "CSWI", "reportedCurrency": "USD", "cik": "0001624794", "fillingDate": "2015-06-30", "acceptedDate": "2015-06-29 20:00:00", "calendarYear": "2016", "period": "Q1", "revenue": 88909000, "costOfRevenue": 48465000, "grossProfit": 40444000, "grossProfitRatio": 0.4548920807, "researchAndDevelopmentExpenses": 1240000, "generalAndAdministrativeExpenses": 12621000, "sellingAndMarketingExpenses": 12295000, "sellingGeneralAndAdministrativeExpenses": 24916000, "otherExpenses": -65000, "operatingExpenses": 26156000, "costAndExpenses": 74621000, "interestIncome": 0, "interestExpense": 0, "depreciationAndAmortization": 3330000, "ebitda": 19918000, "ebitdaratio": 0.2240268139, "operatingIncome": 14288000, "operatingIncomeRatio": 0.1607036408, "totalOtherIncomeExpensesNet": -732000, "incomeBeforeTax": 13556000, "incomeBeforeTaxRatio": 0.1524705035, "incomeTaxExpense": 4906000, "netIncome": 8650000, "netIncomeRatio": 0.097290488, "eps": 0.55, "epsdiluted": 0.55, "weightedAverageShsOut": 15600000, "weightedAverageShsOutDil": 15600000, "link": "", "finalLink": ""}, {"date": "2015-03-31", "symbol": "CSWI", "reportedCurrency": "USD", "cik": "0001624794", "fillingDate": "2015-03-31", "acceptedDate": "2015-03-30 20:00:00", "calendarYear": "2015", "period": "Q4", "revenue": 64071000, "costOfRevenue": 33315000, "grossProfit": 30756000, "grossProfitRatio": 0.4800299668, "researchAndDevelopmentExpenses": 1437000, "generalAndAdministrativeExpenses": 11489000, "sellingAndMarketingExpenses": 9362000, "sellingGeneralAndAdministrativeExpenses": 20851000, "otherExpenses": -135000, "operatingExpenses": 22288000, "costAndExpenses": 55603000, "interestIncome": 0, "interestExpense": 0, "depreciationAndAmortization": 2716000, "ebitda": 12383000, "ebitdaratio": 0.1932699661, "operatingIncome": 8420000, "operatingIncomeRatio": 0.1314167096, "totalOtherIncomeExpensesNet": -3025000, "incomeBeforeTax": 8143000, "incomeBeforeTaxRatio": 0.1270933808, "incomeTaxExpense": 2810000, "netIncome": 5333000, "netIncomeRatio": 0.0832357853, "eps": 0.34, "epsdiluted": 0.34, "weightedAverageShsOut": 15583000, "weightedAverageShsOutDil": 15583000, "link": "", "finalLink": ""}, {"date": "2014-12-31", "symbol": "CSWI", "reportedCurrency": "USD", "cik": "0001624794", "fillingDate": "2014-12-31", "acceptedDate": "2014-12-30 19:00:00", "calendarYear": "2015", "period": "Q3", "revenue": 60871000, "costOfRevenue": 32175000, "grossProfit": 28696000, "grossProfitRatio": 0.4714231736, "researchAndDevelopmentExpenses": 1353000, "generalAndAdministrativeExpenses": 7975000, "sellingAndMarketingExpenses": 9646000, "sellingGeneralAndAdministrativeExpenses": 17621000, "otherExpenses": 152000, "operatingExpenses": 18974000, "costAndExpenses": 51149000, "interestIncome": 0, "interestExpense": 0, "depreciationAndAmortization": 2552000, "ebitda": 12274000, "ebitdaratio": 0.2016395328, "operatingIncome": 9722000, "operatingIncomeRatio": 0.1597148067, "totalOtherIncomeExpensesNet": 29000, "incomeBeforeTax": 9751000, "incomeBeforeTaxRatio": 0.1601912241, "incomeTaxExpense": 3365000, "netIncome": 6386000, "netIncomeRatio": 0.1049103843, "eps": 0.41, "epsdiluted": 0.41, "weightedAverageShsOut": 15583000, "weightedAverageShsOutDil": 15583000, "link": "", "finalLink": ""}, {"date": "2014-09-30", "symbol": "CSWI", "reportedCurrency": "USD", "cik": "0001624794", "fillingDate": "2014-09-30", "acceptedDate": "2014-09-29 20:00:00", "calendarYear": "2015", "period": "Q2", "revenue": 68094000, "costOfRevenue": 34919000, "grossProfit": 33175000, "grossProfitRatio": 0.4871941728, "researchAndDevelopmentExpenses": 1451000, "generalAndAdministrativeExpenses": 8673000, "sellingAndMarketingExpenses": 10640000, "sellingGeneralAndAdministrativeExpenses": 19313000, "otherExpenses": 0, "operatingExpenses": 20764000, "costAndExpenses": 55683000, "interestIncome": 0, "interestExpense": 0, "depreciationAndAmortization": 2569000, "ebitda": 14980000, "ebitdaratio": 0.2199900138, "operatingIncome": 11749000, "operatingIncomeRatio": 0.1725408993, "totalOtherIncomeExpensesNet": 168000, "incomeBeforeTax": 12579000, "incomeBeforeTaxRatio": 0.1847299322, "incomeTaxExpense": 4341000, "netIncome": 8238000, "netIncomeRatio": 0.120979822, "eps": 0.53, "epsdiluted": 0.53, "weightedAverageShsOut": 15583000, "weightedAverageShsOutDil": 15583000, "link": "", "finalLink": ""}, {"date": "2014-06-30", "symbol": "CSWI", "reportedCurrency": "USD", "cik": "0001624794", "fillingDate": "2014-06-30", "acceptedDate": "2014-06-30 00:00:00", "calendarYear": "2015", "period": "Q1", "revenue": 68798000, "costOfRevenue": 35000000, "grossProfit": 33798000, "grossProfitRatio": 0.4912642809, "researchAndDevelopmentExpenses": 1446000, "generalAndAdministrativeExpenses": 7643000, "sellingAndMarketingExpenses": 10566000, "sellingGeneralAndAdministrativeExpenses": 18209000, "otherExpenses": 0, "operatingExpenses": 19655000, "costAndExpenses": 54655000, "interestIncome": 0, "interestExpense": 0, "depreciationAndAmortization": 2678000, "ebitda": 16821000, "ebitdaratio": 0.2444983866, "operatingIncome": 14143000, "operatingIncomeRatio": 0.2055728364, "totalOtherIncomeExpensesNet": 312000, "incomeBeforeTax": 14455000, "incomeBeforeTaxRatio": 0.210107852, "incomeTaxExpense": 4707000, "netIncome": 9748000, "netIncomeRatio": 0.1416901654, "eps": 0.63, "epsdiluted": 0.63, "weightedAverageShsOut": 15583000, "weightedAverageShsOutDil": 15583000, "link": "", "finalLink": ""}, {"date": "2001-12-31", "symbol": "CSWI", "reportedCurrency": "USD", "cik": "0001624794", "fillingDate": "2023-02-02", "acceptedDate": "2023-02-02 07:06:48", "calendarYear": "2002", "period": "Q3", "revenue": 171093000, "costOfRevenue": 105295000, "grossProfit": 65798000, "grossProfitRatio": 0.3845744712, "researchAndDevelopmentExpenses": 0, "generalAndAdministrativeExpenses": 0, "sellingAndMarketingExpenses": 0, "sellingGeneralAndAdministrativeExpenses": -42686000, "otherExpenses": 0, "operatingExpenses": -42686000, "costAndExpenses": 62609000, "interestIncome": 0, "interestExpense": -4200000, "depreciationAndAmortization": 0, "ebitda": 23112000, "ebitdaratio": 0.1350844278, "operatingIncome": 23112000, "operatingIncomeRatio": 0.1350844278, "totalOtherIncomeExpensesNet": -4937000, "incomeBeforeTax": 18175000, "incomeBeforeTaxRatio": 0.1062287762, "incomeTaxExpense": -2676000, "netIncome": 15499000, "netIncomeRatio": 0.0905881597, "eps": 1, "epsdiluted": 1, "weightedAverageShsOut": 15476000, "weightedAverageShsOutDil": 15512000, "link": "https://www.sec.gov/Archives/edgar/data/1624794/000162479423000010/0001624794-23-000010-index.htm", "finalLink": "https://www.sec.gov/Archives/edgar/data/1624794/000162479423000010/er_q32023.htm"}, {"date": "2001-09-30", "symbol": "CSWI", "reportedCurrency": "USD", "cik": "0001624794", "fillingDate": "2022-11-03", "acceptedDate": "2022-11-03 07:05:05", "calendarYear": "2002", "period": "Q2", "revenue": 191192000, "costOfRevenue": 110545000, "grossProfit": 80647000, "grossProfitRatio": 0.4218115821, "researchAndDevelopmentExpenses": 0, "generalAndAdministrativeExpenses": 0, "sellingAndMarketingExpenses": 0, "sellingGeneralAndAdministrativeExpenses": -45330000, "otherExpenses": 0, "operatingExpenses": -45330000, "costAndExpenses": 65215000, "interestIncome": 0, "interestExpense": -3106000, "depreciationAndAmortization": 0, "ebitda": 35317000, "ebitdaratio": 0.184720072, "operatingIncome": 35317000, "operatingIncomeRatio": 0.184720072, "totalOtherIncomeExpensesNet": -3066000, "incomeBeforeTax": 32251000, "incomeBeforeTaxRatio": 0.1686838361, "incomeTaxExpense": -7936000, "netIncome": 24315000, "netIncomeRatio": 0.1271758233, "eps": 1.57, "epsdiluted": 1.57, "weightedAverageShsOut": 15439000, "weightedAverageShsOutDil": 15477000, "link": "https://www.sec.gov/Archives/edgar/data/1624794/000162479422000104/0001624794-22-000104-index.htm", "finalLink": "https://www.sec.gov/Archives/edgar/data/1624794/000162479422000104/er_q22023.htm"}]