[{"date": "2025-06-30", "symbol": "SCHW", "reportedCurrency": "USD", "cik": "0000316709", "fillingDate": "2025-07-18", "acceptedDate": "2025-07-18 16:20:11", "calendarYear": "2025", "period": "Q2", "revenue": 6816000000, "costOfRevenue": 965000000, "grossProfit": 5851000000, "grossProfitRatio": 0.8584213615, "researchAndDevelopmentExpenses": 0, "generalAndAdministrativeExpenses": 1536000000, "sellingAndMarketingExpenses": 108000000, "sellingGeneralAndAdministrativeExpenses": 1644000000, "otherExpenses": 1404000000, "operatingExpenses": 3048000000, "costAndExpenses": 4013000000, "interestIncome": 3787000000, "interestExpense": 965000000, "depreciationAndAmortization": 343000000, "ebitda": 3146000000, "ebitdaratio": 0.4615610329, "operatingIncome": 2803000000, "operatingIncomeRatio": 0.4112382629, "totalOtherIncomeExpensesNet": 0, "incomeBeforeTax": 2803000000, "incomeBeforeTaxRatio": 0.4112382629, "incomeTaxExpense": 677000000, "netIncome": 2126000000, "netIncomeRatio": 0.3119131455, "eps": 1.09, "epsdiluted": 1.08, "weightedAverageShsOut": 1817000000, "weightedAverageShsOutDil": 1822000000, "link": "https://www.sec.gov/Archives/edgar/data/316709/000031670925000033/0000316709-25-000033-index.htm", "finalLink": "https://www.sec.gov/Archives/edgar/data/316709/000031670925000033/a2q25exhibit991.htm"}, {"date": "2025-03-31", "symbol": "SCHW", "reportedCurrency": "USD", "cik": "0000316709", "fillingDate": "2025-05-09", "acceptedDate": "2025-05-09 16:17:14", "calendarYear": "2025", "period": "Q1", "revenue": 6650000000, "costOfRevenue": 1051000000, "grossProfit": 5599000000, "grossProfitRatio": 0.8419548872, "researchAndDevelopmentExpenses": 0, "generalAndAdministrativeExpenses": 1672000000, "sellingAndMarketingExpenses": 96000000, "sellingGeneralAndAdministrativeExpenses": 1768000000, "otherExpenses": 1376000000, "operatingExpenses": 3144000000, "costAndExpenses": 4195000000, "interestIncome": 3757000000, "interestExpense": 1051000000, "depreciationAndAmortization": 347000000, "ebitda": 2802000000, "ebitdaratio": 0.4213533835, "operatingIncome": 2455000000, "operatingIncomeRatio": 0.3691729323, "totalOtherIncomeExpensesNet": 0, "incomeBeforeTax": 2455000000, "incomeBeforeTaxRatio": 0.3691729323, "incomeTaxExpense": 546000000, "netIncome": 1909000000, "netIncomeRatio": 0.2870676692, "eps": 0.99, "epsdiluted": 0.99, "weightedAverageShsOut": 1817000000, "weightedAverageShsOutDil": 1822000000, "link": "https://www.sec.gov/Archives/edgar/data/316709/000031670925000023/0000316709-25-000023-index.htm", "finalLink": "https://www.sec.gov/Archives/edgar/data/316709/000031670925000023/schw-20250331.htm"}, {"date": "2024-12-31", "symbol": "SCHW", "reportedCurrency": "USD", "cik": "0000316709", "fillingDate": "2025-02-26", "acceptedDate": "2025-02-26 16:25:18", "calendarYear": "2024", "period": "Q4", "revenue": 6651000000, "costOfRevenue": 1322000000, "grossProfit": 5329000000, "grossProfitRatio": 0.8012328973, "researchAndDevelopmentExpenses": 0, "generalAndAdministrativeExpenses": 1533000000, "sellingAndMarketingExpenses": 101000000, "sellingGeneralAndAdministrativeExpenses": 1634000000, "otherExpenses": 1390000000, "operatingExpenses": 3024000000, "costAndExpenses": 4346000000, "interestIncome": 3853000000, "interestExpense": 1322000000, "depreciationAndAmortization": 354000000, "ebitda": 2659000000, "ebitdaratio": 0.3997895053, "operatingIncome": 2305000000, "operatingIncomeRatio": 0.3465644264, "totalOtherIncomeExpensesNet": 0, "incomeBeforeTax": 2305000000, "incomeBeforeTaxRatio": 0.3465644264, "incomeTaxExpense": 465000000, "netIncome": 1840000000, "netIncomeRatio": 0.2766501278, "eps": 0.94, "epsdiluted": 0.94, "weightedAverageShsOut": 1831000000, "weightedAverageShsOutDil": 1836000000, "link": "https://www.sec.gov/Archives/edgar/data/316709/000031670925000010/0000316709-25-000010-index.htm", "finalLink": "https://www.sec.gov/Archives/edgar/data/316709/000031670925000010/schw-20241231.htm"}, {"date": "2024-09-30", "symbol": "SCHW", "reportedCurrency": "USD", "cik": "0000316709", "fillingDate": "2024-11-08", "acceptedDate": "2024-11-08 16:17:36", "calendarYear": "2024", "period": "Q3", "revenue": 6553000000, "costOfRevenue": 1706000000, "grossProfit": 4847000000, "grossProfitRatio": 0.7396612239, "researchAndDevelopmentExpenses": 0, "generalAndAdministrativeExpenses": 1522000000, "sellingAndMarketingExpenses": 101000000, "sellingGeneralAndAdministrativeExpenses": 1623000000, "otherExpenses": 1382000000, "operatingExpenses": 3005000000, "costAndExpenses": 4711000000, "interestIncome": 3928000000, "interestExpense": 1706000000, "depreciationAndAmortization": 361000000, "ebitda": 2203000000, "ebitdaratio": 0.3361819014, "operatingIncome": 1842000000, "operatingIncomeRatio": 0.2810926293, "totalOtherIncomeExpensesNet": 0, "incomeBeforeTax": 1842000000, "incomeBeforeTaxRatio": 0.2810926293, "incomeTaxExpense": 434000000, "netIncome": 1408000000, "netIncomeRatio": 0.2148634213, "eps": 0.71, "epsdiluted": 0.71, "weightedAverageShsOut": 1829000000, "weightedAverageShsOutDil": 1834000000, "link": "https://www.sec.gov/Archives/edgar/data/316709/000031670924000069/0000316709-24-000069-index.htm", "finalLink": "https://www.sec.gov/Archives/edgar/data/316709/000031670924000069/schw-20240930.htm"}, {"date": "2024-06-30", "symbol": "SCHW", "reportedCurrency": "USD", "cik": "0000316709", "fillingDate": "2024-08-08", "acceptedDate": "2024-08-08 16:17:38", "calendarYear": "2024", "period": "Q2", "revenue": 6349000000, "costOfRevenue": 1659000000, "grossProfit": 4690000000, "grossProfitRatio": 0.7386990077, "researchAndDevelopmentExpenses": 0, "generalAndAdministrativeExpenses": 1450000000, "sellingAndMarketingExpenses": 107000000, "sellingGeneralAndAdministrativeExpenses": 1557000000, "otherExpenses": 1386000000, "operatingExpenses": 2943000000, "costAndExpenses": 4602000000, "interestIncome": 3817000000, "interestExpense": 1659000000, "depreciationAndAmortization": 362000000, "ebitda": 2109000000, "ebitdaratio": 0.3321782958, "operatingIncome": 1747000000, "operatingIncomeRatio": 0.2751614427, "totalOtherIncomeExpensesNet": 0, "incomeBeforeTax": 1747000000, "incomeBeforeTaxRatio": 0.2751614427, "incomeTaxExpense": 415000000, "netIncome": 1332000000, "netIncomeRatio": 0.2097968184, "eps": 0.66, "epsdiluted": 0.66, "weightedAverageShsOut": 1828000000, "weightedAverageShsOutDil": 1834000000, "link": "https://www.sec.gov/Archives/edgar/data/316709/000031670924000060/0000316709-24-000060-index.htm", "finalLink": "https://www.sec.gov/Archives/edgar/data/316709/000031670924000060/schw-20240630.htm"}, {"date": "2024-03-31", "symbol": "SCHW", "reportedCurrency": "USD", "cik": "0000316709", "fillingDate": "2024-05-09", "acceptedDate": "2024-05-09 16:18:38", "calendarYear": "2024", "period": "Q1", "revenue": 6448000000, "costOfRevenue": 1704000000, "grossProfit": 4744000000, "grossProfitRatio": 0.7357320099, "researchAndDevelopmentExpenses": 0, "generalAndAdministrativeExpenses": 1538000000, "sellingAndMarketingExpenses": 88000000, "sellingGeneralAndAdministrativeExpenses": 1626000000, "otherExpenses": 1320000000, "operatingExpenses": 2946000000, "costAndExpenses": 4650000000, "interestIncome": 3941000000, "interestExpense": 1704000000, "depreciationAndAmortization": 358000000, "ebitda": 2156000000, "ebitdaratio": 0.3343672457, "operatingIncome": 1798000000, "operatingIncomeRatio": 0.2788461538, "totalOtherIncomeExpensesNet": 0, "incomeBeforeTax": 1798000000, "incomeBeforeTaxRatio": 0.2788461538, "incomeTaxExpense": 436000000, "netIncome": 1362000000, "netIncomeRatio": 0.2112282878, "eps": 0.69, "epsdiluted": 0.68, "weightedAverageShsOut": 1825000000, "weightedAverageShsOutDil": 1831000000, "link": "https://www.sec.gov/Archives/edgar/data/316709/000031670924000044/0000316709-24-000044-index.htm", "finalLink": "https://www.sec.gov/Archives/edgar/data/316709/000031670924000044/schw-20240331.htm"}, {"date": "2023-12-31", "symbol": "SCHW", "reportedCurrency": "USD", "cik": "0000316709", "fillingDate": "2024-02-23", "acceptedDate": "2024-02-23 16:21:25", "calendarYear": "2023", "period": "Q4", "revenue": 4459000000, "costOfRevenue": 0, "grossProfit": 4459000000, "grossProfitRatio": 1, "researchAndDevelopmentExpenses": 0, "generalAndAdministrativeExpenses": 1409000000, "sellingAndMarketingExpenses": 104000000, "sellingGeneralAndAdministrativeExpenses": 1513000000, "otherExpenses": 2946000000, "operatingExpenses": 4459000000, "costAndExpenses": 4459000000, "interestIncome": 3965000000, "interestExpense": 1835000000, "depreciationAndAmortization": 368000000, "ebitda": 0, "ebitdaratio": 0, "operatingIncome": 0, "operatingIncomeRatio": 0, "totalOtherIncomeExpensesNet": 1194000000, "incomeBeforeTax": 1194000000, "incomeBeforeTaxRatio": 0.2677730433, "incomeTaxExpense": 149000000, "netIncome": 1045000000, "netIncomeRatio": 0.2343574793, "eps": 0.51, "epsdiluted": 0.51, "weightedAverageShsOut": 1823000000, "weightedAverageShsOutDil": 1828000000, "link": "https://www.sec.gov/Archives/edgar/data/316709/000031670924000018/0000316709-24-000018-index.htm", "finalLink": "https://www.sec.gov/Archives/edgar/data/316709/000031670924000018/schw-20231231.htm"}, {"date": "2023-09-30", "symbol": "SCHW", "reportedCurrency": "USD", "cik": "0000316709", "fillingDate": "2023-11-08", "acceptedDate": "2023-11-08 16:20:03", "calendarYear": "2023", "period": "Q3", "revenue": 4606000000, "costOfRevenue": 0, "grossProfit": 4606000000, "grossProfitRatio": 1, "researchAndDevelopmentExpenses": 0, "generalAndAdministrativeExpenses": 1770000000, "sellingAndMarketingExpenses": 102000000, "sellingGeneralAndAdministrativeExpenses": 1872000000, "otherExpenses": 2734000000, "operatingExpenses": 4606000000, "costAndExpenses": 4606000000, "interestIncome": 4027000000, "interestExpense": 1790000000, "depreciationAndAmortization": 333000000, "ebitda": 0, "ebitdaratio": 0, "operatingIncome": 0, "operatingIncomeRatio": 0, "totalOtherIncomeExpensesNet": 1383000000, "incomeBeforeTax": 1383000000, "incomeBeforeTaxRatio": 0.3002605297, "incomeTaxExpense": 258000000, "netIncome": 1125000000, "netIncomeRatio": 0.2442466348, "eps": 0.56, "epsdiluted": 0.56, "weightedAverageShsOut": 1821000000, "weightedAverageShsOutDil": 1827000000, "link": "https://www.sec.gov/Archives/edgar/data/316709/000031670923000062/0000316709-23-000062-index.htm", "finalLink": "https://www.sec.gov/Archives/edgar/data/316709/000031670923000062/schw-20230930.htm"}, {"date": "2023-06-30", "symbol": "SCHW", "reportedCurrency": "USD", "cik": "0000316709", "fillingDate": "2023-08-08", "acceptedDate": "2023-08-08 16:19:03", "calendarYear": "2023", "period": "Q2", "revenue": 4656000000, "costOfRevenue": 0, "grossProfit": 4656000000, "grossProfitRatio": 1, "researchAndDevelopmentExpenses": 0, "generalAndAdministrativeExpenses": 1498000000, "sellingAndMarketingExpenses": 103000000, "sellingGeneralAndAdministrativeExpenses": 1601000000, "otherExpenses": 3055000000, "operatingExpenses": 4656000000, "costAndExpenses": 4656000000, "interestIncome": 4105000000, "interestExpense": 1815000000, "depreciationAndAmortization": 325000000, "ebitda": 0, "ebitdaratio": 0, "operatingIncome": 0, "operatingIncomeRatio": 0, "totalOtherIncomeExpensesNet": 1691000000, "incomeBeforeTax": 1691000000, "incomeBeforeTaxRatio": 0.3631872852, "incomeTaxExpense": 397000000, "netIncome": 1294000000, "netIncomeRatio": 0.2779209622, "eps": 0.64, "epsdiluted": 0.64, "weightedAverageShsOut": 1820000000, "weightedAverageShsOutDil": 1825000000, "link": "https://www.sec.gov/Archives/edgar/data/316709/000031670923000037/0000316709-23-000037-index.htm", "finalLink": "https://www.sec.gov/Archives/edgar/data/316709/000031670923000037/schw-20230630.htm"}, {"date": "2023-03-31", "symbol": "SCHW", "reportedCurrency": "USD", "cik": "0000316709", "fillingDate": "2023-05-08", "acceptedDate": "2023-05-08 16:18:53", "calendarYear": "2023", "period": "Q1", "revenue": 5116000000, "costOfRevenue": 0, "grossProfit": 5116000000, "grossProfitRatio": 1, "researchAndDevelopmentExpenses": 0, "generalAndAdministrativeExpenses": 1638000000, "sellingAndMarketingExpenses": 88000000, "sellingGeneralAndAdministrativeExpenses": 1726000000, "otherExpenses": 3390000000, "operatingExpenses": 5116000000, "costAndExpenses": 5116000000, "interestIncome": 4016000000, "interestExpense": 1246000000, "depreciationAndAmortization": 312000000, "ebitda": 0, "ebitdaratio": 0, "operatingIncome": 0, "operatingIncomeRatio": 0, "totalOtherIncomeExpensesNet": 2110000000, "incomeBeforeTax": 2110000000, "incomeBeforeTaxRatio": 0.4124315872, "incomeTaxExpense": 507000000, "netIncome": 1603000000, "netIncomeRatio": 0.3133307271, "eps": 0.84, "epsdiluted": 0.83, "weightedAverageShsOut": 1834000000, "weightedAverageShsOutDil": 1842000000, "link": "https://www.sec.gov/Archives/edgar/data/316709/000031670923000026/0000316709-23-000026-index.htm", "finalLink": "https://www.sec.gov/Archives/edgar/data/316709/000031670923000026/schw-20230331.htm"}, {"date": "2022-12-31", "symbol": "SCHW", "reportedCurrency": "USD", "cik": "0000316709", "fillingDate": "2023-02-24", "acceptedDate": "2023-02-24 16:18:16", "calendarYear": "2022", "period": "Q4", "revenue": 5497000000, "costOfRevenue": 0, "grossProfit": 5497000000, "grossProfitRatio": 1, "researchAndDevelopmentExpenses": 0, "generalAndAdministrativeExpenses": 844000000, "sellingAndMarketingExpenses": 123000000, "sellingGeneralAndAdministrativeExpenses": 967000000, "otherExpenses": 4530000000, "operatingExpenses": 5497000000, "costAndExpenses": 5497000000, "interestIncome": 3839000000, "interestExpense": 810000000, "depreciationAndAmortization": 312000000, "ebitda": 0, "ebitdaratio": 0, "operatingIncome": 0, "operatingIncomeRatio": 0, "totalOtherIncomeExpensesNet": 2598000000, "incomeBeforeTax": 2598000000, "incomeBeforeTaxRatio": 0.4726214299, "incomeTaxExpense": 630000000, "netIncome": 1968000000, "netIncomeRatio": 0.3580134619, "eps": 0.98, "epsdiluted": 0.97, "weightedAverageShsOut": 1864000000, "weightedAverageShsOutDil": 1873000000, "link": "https://www.sec.gov/Archives/edgar/data/316709/000031670923000009/0000316709-23-000009-index.htm", "finalLink": "https://www.sec.gov/Archives/edgar/data/316709/000031670923000009/schw-20221231.htm"}, {"date": "2022-09-30", "symbol": "SCHW", "reportedCurrency": "USD", "cik": "0000316709", "fillingDate": "2022-11-08", "acceptedDate": "2022-11-08 16:23:18", "calendarYear": "2022", "period": "Q3", "revenue": 5500000000, "costOfRevenue": 0, "grossProfit": 5500000000, "grossProfitRatio": 1, "researchAndDevelopmentExpenses": 0, "generalAndAdministrativeExpenses": 1476000000, "sellingAndMarketingExpenses": 89000000, "sellingGeneralAndAdministrativeExpenses": 1565000000, "otherExpenses": 3935000000, "operatingExpenses": 5500000000, "costAndExpenses": 5500000000, "interestIncome": 3356000000, "interestExpense": 430000000, "depreciationAndAmortization": 319000000, "ebitda": 0, "ebitdaratio": 0, "operatingIncome": 0, "operatingIncomeRatio": 0, "totalOtherIncomeExpensesNet": 2677000000, "incomeBeforeTax": 2677000000, "incomeBeforeTaxRatio": 0.4867272727, "incomeTaxExpense": 657000000, "netIncome": 2020000000, "netIncomeRatio": 0.3672727273, "eps": 1, "epsdiluted": 0.99, "weightedAverageShsOut": 1887000000, "weightedAverageShsOutDil": 1895000000, "link": "https://www.sec.gov/Archives/edgar/data/316709/000031670922000045/0000316709-22-000045-index.htm", "finalLink": "https://www.sec.gov/Archives/edgar/data/316709/000031670922000045/schw-20220930.htm"}, {"date": "2022-06-30", "symbol": "SCHW", "reportedCurrency": "USD", "cik": "0000316709", "fillingDate": "2022-08-08", "acceptedDate": "2022-08-08 16:18:58", "calendarYear": "2022", "period": "Q2", "revenue": 5093000000, "costOfRevenue": 0, "grossProfit": 5093000000, "grossProfitRatio": 1, "researchAndDevelopmentExpenses": 0, "generalAndAdministrativeExpenses": 1426000000, "sellingAndMarketingExpenses": 105000000, "sellingGeneralAndAdministrativeExpenses": 1531000000, "otherExpenses": 3562000000, "operatingExpenses": 5093000000, "costAndExpenses": 5093000000, "interestIncome": 2712000000, "interestExpense": 168000000, "depreciationAndAmortization": 313000000, "ebitda": 0, "ebitdaratio": 0, "operatingIncome": 0, "operatingIncomeRatio": 0, "totalOtherIncomeExpensesNet": 2274000000, "incomeBeforeTax": 2274000000, "incomeBeforeTaxRatio": 0.4464951895, "incomeTaxExpense": 481000000, "netIncome": 1793000000, "netIncomeRatio": 0.3520518359, "eps": 0.87, "epsdiluted": 0.87, "weightedAverageShsOut": 1896000000, "weightedAverageShsOutDil": 1904000000, "link": "https://www.sec.gov/Archives/edgar/data/316709/000031670922000028/0000316709-22-000028-index.htm", "finalLink": "https://www.sec.gov/Archives/edgar/data/316709/000031670922000028/schw-20220630.htm"}, {"date": "2022-03-31", "symbol": "SCHW", "reportedCurrency": "USD", "cik": "0000316709", "fillingDate": "2022-05-09", "acceptedDate": "2022-05-09 17:08:38", "calendarYear": "2022", "period": "Q1", "revenue": 4672000000, "costOfRevenue": 0, "grossProfit": 4672000000, "grossProfitRatio": 1, "researchAndDevelopmentExpenses": 0, "generalAndAdministrativeExpenses": 1758000000, "sellingAndMarketingExpenses": 102000000, "sellingGeneralAndAdministrativeExpenses": 1860000000, "otherExpenses": 2812000000, "operatingExpenses": 4672000000, "costAndExpenses": 4672000000, "interestIncome": 2319000000, "interestExpense": 136000000, "depreciationAndAmortization": 304000000, "ebitda": 0, "ebitdaratio": 0, "operatingIncome": 0, "operatingIncomeRatio": 0, "totalOtherIncomeExpensesNet": 1839000000, "incomeBeforeTax": 1839000000, "incomeBeforeTaxRatio": 0.3936215753, "incomeTaxExpense": 437000000, "netIncome": 1402000000, "netIncomeRatio": 0.3000856164, "eps": 0.67, "epsdiluted": 0.67, "weightedAverageShsOut": 1894000000, "weightedAverageShsOutDil": 1905000000, "link": "https://www.sec.gov/Archives/edgar/data/316709/000031670922000018/0000316709-22-000018-index.htm", "finalLink": "https://www.sec.gov/Archives/edgar/data/316709/000031670922000018/schw-20220331.htm"}, {"date": "2021-12-31", "symbol": "SCHW", "reportedCurrency": "USD", "cik": "0000316709", "fillingDate": "2022-02-24", "acceptedDate": "2022-02-24 16:32:07", "calendarYear": "2021", "period": "Q4", "revenue": 4708000000, "costOfRevenue": 0, "grossProfit": 4708000000, "grossProfitRatio": 1, "researchAndDevelopmentExpenses": 0, "generalAndAdministrativeExpenses": 1596000000, "sellingAndMarketingExpenses": 122000000, "sellingGeneralAndAdministrativeExpenses": 1718000000, "otherExpenses": 2990000000, "operatingExpenses": 4708000000, "costAndExpenses": 4708000000, "interestIncome": 2268000000, "interestExpense": 126000000, "depreciationAndAmortization": 299000000, "ebitda": 0, "ebitdaratio": 0, "operatingIncome": 0, "operatingIncomeRatio": 0, "totalOtherIncomeExpensesNet": 2023000000, "incomeBeforeTax": 2023000000, "incomeBeforeTaxRatio": 0.4296941376, "incomeTaxExpense": 443000000, "netIncome": 1580000000, "netIncomeRatio": 0.3355989805, "eps": 0.77, "epsdiluted": 0.76, "weightedAverageShsOut": 1892000000, "weightedAverageShsOutDil": 1902000000, "link": "https://www.sec.gov/Archives/edgar/data/316709/000031670922000009/0000316709-22-000009-index.htm", "finalLink": "https://www.sec.gov/Archives/edgar/data/316709/000031670922000009/schw-20211231.htm"}, {"date": "2021-09-30", "symbol": "SCHW", "reportedCurrency": "USD", "cik": "0000316709", "fillingDate": "2021-11-08", "acceptedDate": "2021-11-08 16:44:15", "calendarYear": "2021", "period": "Q3", "revenue": 4570000000, "costOfRevenue": 0, "grossProfit": 4570000000, "grossProfitRatio": 1, "researchAndDevelopmentExpenses": 0, "generalAndAdministrativeExpenses": 1511000000, "sellingAndMarketingExpenses": 119000000, "sellingGeneralAndAdministrativeExpenses": 1630000000, "otherExpenses": 2940000000, "operatingExpenses": 4570000000, "costAndExpenses": 4570000000, "interestIncome": 2153000000, "interestExpense": 123000000, "depreciationAndAmortization": 293000000, "ebitda": 0, "ebitdaratio": 0, "operatingIncome": 0, "operatingIncomeRatio": 0, "totalOtherIncomeExpensesNet": 2011000000, "incomeBeforeTax": 2011000000, "incomeBeforeTaxRatio": 0.4400437637, "incomeTaxExpense": 485000000, "netIncome": 1526000000, "netIncomeRatio": 0.333916849, "eps": 0.74, "epsdiluted": 0.74, "weightedAverageShsOut": 1888000000, "weightedAverageShsOutDil": 1898000000, "link": "https://www.sec.gov/Archives/edgar/data/316709/000031670921000081/0000316709-21-000081-index.htm", "finalLink": "https://www.sec.gov/Archives/edgar/data/316709/000031670921000081/schw-20210930.htm"}, {"date": "2021-06-30", "symbol": "SCHW", "reportedCurrency": "USD", "cik": "0000316709", "fillingDate": "2021-08-06", "acceptedDate": "2021-08-06 16:43:03", "calendarYear": "2021", "period": "Q2", "revenue": 4527000000, "costOfRevenue": 0, "grossProfit": 4527000000, "grossProfitRatio": 1, "researchAndDevelopmentExpenses": 0, "generalAndAdministrativeExpenses": 1550000000, "sellingAndMarketingExpenses": 128000000, "sellingGeneralAndAdministrativeExpenses": 1678000000, "otherExpenses": 2849000000, "operatingExpenses": 4527000000, "costAndExpenses": 4527000000, "interestIncome": 2069000000, "interestExpense": 122000000, "depreciationAndAmortization": 289000000, "ebitda": 0, "ebitdaratio": 0, "operatingIncome": 0, "operatingIncomeRatio": 0, "totalOtherIncomeExpensesNet": 1719000000, "incomeBeforeTax": 1719000000, "incomeBeforeTaxRatio": 0.37972167, "incomeTaxExpense": 454000000, "netIncome": 1265000000, "netIncomeRatio": 0.2794345041, "eps": 0.59, "epsdiluted": 0.59, "weightedAverageShsOut": 1886000000, "weightedAverageShsOutDil": 1896000000, "link": "https://www.sec.gov/Archives/edgar/data/316709/000031670921000062/0000316709-21-000062-index.htm", "finalLink": "https://www.sec.gov/Archives/edgar/data/316709/000031670921000062/schw-20210630.htm"}, {"date": "2021-03-31", "symbol": "SCHW", "reportedCurrency": "USD", "cik": "0000316709", "fillingDate": "2021-05-07", "acceptedDate": "2021-05-07 16:19:45", "calendarYear": "2021", "period": "Q1", "revenue": 4715000000, "costOfRevenue": 0, "grossProfit": 4715000000, "grossProfitRatio": 1, "researchAndDevelopmentExpenses": 0, "generalAndAdministrativeExpenses": 1655000000, "sellingAndMarketingExpenses": 116000000, "sellingGeneralAndAdministrativeExpenses": 1771000000, "otherExpenses": 2944000000, "operatingExpenses": 4715000000, "costAndExpenses": 4715000000, "interestIncome": 2015000000, "interestExpense": 104000000, "depreciationAndAmortization": 283000000, "ebitda": 0, "ebitdaratio": 0, "operatingIncome": 0, "operatingIncomeRatio": 0, "totalOtherIncomeExpensesNet": 1960000000, "incomeBeforeTax": 1960000000, "incomeBeforeTaxRatio": 0.4156945917, "incomeTaxExpense": 476000000, "netIncome": 1484000000, "netIncomeRatio": 0.3147401909, "eps": 0.74, "epsdiluted": 0.73, "weightedAverageShsOut": 1882000000, "weightedAverageShsOutDil": 1892000000, "link": "https://www.sec.gov/Archives/edgar/data/316709/000031670921000029/0000316709-21-000029-index.htm", "finalLink": "https://www.sec.gov/Archives/edgar/data/316709/000031670921000029/schw-20210331.htm"}, {"date": "2020-12-31", "symbol": "SCHW", "reportedCurrency": "USD", "cik": "0000316709", "fillingDate": "2021-02-24", "acceptedDate": "2021-02-24 16:20:04", "calendarYear": "2020", "period": "Q4", "revenue": 4176000000, "costOfRevenue": 0, "grossProfit": 4176000000, "grossProfitRatio": 1, "researchAndDevelopmentExpenses": 0, "generalAndAdministrativeExpenses": 1582000000, "sellingAndMarketingExpenses": 123000000, "sellingGeneralAndAdministrativeExpenses": 1705000000, "otherExpenses": 2471000000, "operatingExpenses": 4176000000, "costAndExpenses": 4176000000, "interestIncome": 1905000000, "interestExpense": 96000000, "depreciationAndAmortization": 277000000, "ebitda": 0, "ebitdaratio": 0, "operatingIncome": 0, "operatingIncomeRatio": 0, "totalOtherIncomeExpensesNet": 1476000000, "incomeBeforeTax": 1476000000, "incomeBeforeTaxRatio": 0.3534482759, "incomeTaxExpense": 341000000, "netIncome": 1135000000, "netIncomeRatio": 0.2717911877, "eps": 0.57, "epsdiluted": 0.57, "weightedAverageShsOut": 1848000000, "weightedAverageShsOutDil": 1855000000, "link": "https://www.sec.gov/Archives/edgar/data/316709/000031670921000012/0000316709-21-000012-index.htm", "finalLink": "https://www.sec.gov/Archives/edgar/data/316709/000031670921000012/schw-20201231.htm"}, {"date": "2020-09-30", "symbol": "SCHW", "reportedCurrency": "USD", "cik": "0000316709", "fillingDate": "2020-11-09", "acceptedDate": "2020-11-09 08:13:34", "calendarYear": "2020", "period": "Q3", "revenue": 2448000000, "costOfRevenue": 0, "grossProfit": 2448000000, "grossProfitRatio": 1, "researchAndDevelopmentExpenses": 0, "generalAndAdministrativeExpenses": 949000000, "sellingAndMarketingExpenses": 66000000, "sellingGeneralAndAdministrativeExpenses": 1015000000, "otherExpenses": 1433000000, "operatingExpenses": 2448000000, "costAndExpenses": 2448000000, "interestIncome": 1435000000, "interestExpense": 92000000, "depreciationAndAmortization": 122000000, "ebitda": 0, "ebitdaratio": 0, "operatingIncome": 0, "operatingIncomeRatio": 0, "totalOtherIncomeExpensesNet": 889000000, "incomeBeforeTax": 889000000, "incomeBeforeTaxRatio": 0.3631535948, "incomeTaxExpense": 191000000, "netIncome": 698000000, "netIncomeRatio": 0.285130719, "eps": 0.48, "epsdiluted": 0.48, "weightedAverageShsOut": 1289000000, "weightedAverageShsOutDil": 1294000000, "link": "https://www.sec.gov/Archives/edgar/data/316709/000031670920000054/0000316709-20-000054-index.htm", "finalLink": "https://www.sec.gov/Archives/edgar/data/316709/000031670920000054/schw-20200930.htm"}, {"date": "2020-06-30", "symbol": "SCHW", "reportedCurrency": "USD", "cik": "0000316709", "fillingDate": "2020-08-07", "acceptedDate": "2020-08-07 18:37:33", "calendarYear": "2020", "period": "Q2", "revenue": 2450000000, "costOfRevenue": 0, "grossProfit": 2450000000, "grossProfitRatio": 1, "researchAndDevelopmentExpenses": 0, "generalAndAdministrativeExpenses": 933000000, "sellingAndMarketingExpenses": 70000000, "sellingGeneralAndAdministrativeExpenses": 1003000000, "otherExpenses": 1447000000, "operatingExpenses": 2450000000, "costAndExpenses": 2450000000, "interestIncome": 1486000000, "interestExpense": 97000000, "depreciationAndAmortization": 109000000, "ebitda": 0, "ebitdaratio": 0, "operatingIncome": 0, "operatingIncomeRatio": 0, "totalOtherIncomeExpensesNet": 888000000, "incomeBeforeTax": 888000000, "incomeBeforeTaxRatio": 0.3624489796, "incomeTaxExpense": 217000000, "netIncome": 671000000, "netIncomeRatio": 0.273877551, "eps": 0.48, "epsdiluted": 0.48, "weightedAverageShsOut": 1288000000, "weightedAverageShsOutDil": 1294000000, "link": "https://www.sec.gov/Archives/edgar/data/316709/000031670920000045/0000316709-20-000045-index.htm", "finalLink": "https://www.sec.gov/Archives/edgar/data/316709/000031670920000045/schw-06302020x10q.htm"}, {"date": "2020-03-31", "symbol": "SCHW", "reportedCurrency": "USD", "cik": "0000316709", "fillingDate": "2020-05-08", "acceptedDate": "2020-05-08 16:49:58", "calendarYear": "2020", "period": "Q1", "revenue": 2617000000, "costOfRevenue": 0, "grossProfit": 2617000000, "grossProfitRatio": 1, "researchAndDevelopmentExpenses": 0, "generalAndAdministrativeExpenses": 1006000000, "sellingAndMarketingExpenses": 67000000, "sellingGeneralAndAdministrativeExpenses": 1073000000, "otherExpenses": 1544000000, "operatingExpenses": 2617000000, "costAndExpenses": 2617000000, "interestIncome": 1708000000, "interestExpense": 136000000, "depreciationAndAmortization": 96000000, "ebitda": 0, "ebitdaratio": 0, "operatingIncome": 0, "operatingIncomeRatio": 0, "totalOtherIncomeExpensesNet": 1047000000, "incomeBeforeTax": 1047000000, "incomeBeforeTaxRatio": 0.4000764234, "incomeTaxExpense": 252000000, "netIncome": 795000000, "netIncomeRatio": 0.3037829576, "eps": 0.59, "epsdiluted": 0.58, "weightedAverageShsOut": 1287000000, "weightedAverageShsOutDil": 1294000000, "link": "https://www.sec.gov/Archives/edgar/data/316709/000031670920000021/0000316709-20-000021-index.htm", "finalLink": "https://www.sec.gov/Archives/edgar/data/316709/000031670920000021/schw-03312020x10q.htm"}, {"date": "2019-12-31", "symbol": "SCHW", "reportedCurrency": "USD", "cik": "0000316709", "fillingDate": "2020-02-26", "acceptedDate": "2020-02-26 17:31:13", "calendarYear": "2019", "period": "Q4", "revenue": 2606000000, "costOfRevenue": 0, "grossProfit": 2606000000, "grossProfitRatio": 1, "researchAndDevelopmentExpenses": 0, "generalAndAdministrativeExpenses": 902000000, "sellingAndMarketingExpenses": 90000000, "sellingGeneralAndAdministrativeExpenses": 992000000, "otherExpenses": 1614000000, "operatingExpenses": 2606000000, "costAndExpenses": 2606000000, "interestIncome": 1763000000, "interestExpense": 168000000, "depreciationAndAmortization": 94000000, "ebitda": 0, "ebitdaratio": 0, "operatingIncome": 0, "operatingIncomeRatio": 0, "totalOtherIncomeExpensesNet": 1112000000, "incomeBeforeTax": 1112000000, "incomeBeforeTaxRatio": 0.4267075979, "incomeTaxExpense": 260000000, "netIncome": 852000000, "netIncomeRatio": 0.3269378358, "eps": 0.62, "epsdiluted": 0.62, "weightedAverageShsOut": 1284000000, "weightedAverageShsOutDil": 1293000000, "link": "https://www.sec.gov/Archives/edgar/data/316709/000031670920000012/0000316709-20-000012-index.htm", "finalLink": "https://www.sec.gov/Archives/edgar/data/316709/000031670920000012/schw-12312019x10k.htm"}, {"date": "2019-09-30", "symbol": "SCHW", "reportedCurrency": "USD", "cik": "0000316709", "fillingDate": "2019-11-07", "acceptedDate": "2019-11-07 16:33:57", "calendarYear": "2019", "period": "Q3", "revenue": 2711000000, "costOfRevenue": 0, "grossProfit": 2711000000, "grossProfitRatio": 1, "researchAndDevelopmentExpenses": 0, "generalAndAdministrativeExpenses": 950000000, "sellingAndMarketingExpenses": 71000000, "sellingGeneralAndAdministrativeExpenses": 1021000000, "otherExpenses": 1690000000, "operatingExpenses": 2711000000, "costAndExpenses": 2711000000, "interestIncome": 1892000000, "interestExpense": 261000000, "depreciationAndAmortization": 88000000, "ebitda": 0, "ebitdaratio": 0, "operatingIncome": 0, "operatingIncomeRatio": 0, "totalOtherIncomeExpensesNet": 1236000000, "incomeBeforeTax": 1236000000, "incomeBeforeTaxRatio": 0.4559203246, "incomeTaxExpense": 285000000, "netIncome": 951000000, "netIncomeRatio": 0.3507930653, "eps": 0.7, "epsdiluted": 0.7, "weightedAverageShsOut": 1300000000, "weightedAverageShsOutDil": 1308000000, "link": "https://www.sec.gov/Archives/edgar/data/316709/000031670919000052/0000316709-19-000052-index.htm", "finalLink": "https://www.sec.gov/Archives/edgar/data/316709/000031670919000052/schw-09302019x10q.htm"}, {"date": "2019-06-30", "symbol": "SCHW", "reportedCurrency": "USD", "cik": "0000316709", "fillingDate": "2019-08-07", "acceptedDate": "2019-08-07 16:58:46", "calendarYear": "2019", "period": "Q2", "revenue": 2681000000, "costOfRevenue": 0, "grossProfit": 2681000000, "grossProfitRatio": 1, "researchAndDevelopmentExpenses": 0, "generalAndAdministrativeExpenses": 899000000, "sellingAndMarketingExpenses": 77000000, "sellingGeneralAndAdministrativeExpenses": 976000000, "otherExpenses": 1705000000, "operatingExpenses": 2681000000, "costAndExpenses": 2681000000, "interestIncome": 1927000000, "interestExpense": 318000000, "depreciationAndAmortization": 84000000, "ebitda": 0, "ebitdaratio": 0, "operatingIncome": 0, "operatingIncomeRatio": 0, "totalOtherIncomeExpensesNet": 1236000000, "incomeBeforeTax": 1236000000, "incomeBeforeTaxRatio": 0.4610220067, "incomeTaxExpense": 299000000, "netIncome": 937000000, "netIncomeRatio": 0.3494964565, "eps": 0.67, "epsdiluted": 0.66, "weightedAverageShsOut": 1328000000, "weightedAverageShsOutDil": 1337000000, "link": "https://www.sec.gov/Archives/edgar/data/316709/000031670919000039/0000316709-19-000039-index.htm", "finalLink": "https://www.sec.gov/Archives/edgar/data/316709/000031670919000039/schw-06302019x10q.htm"}, {"date": "2019-03-31", "symbol": "SCHW", "reportedCurrency": "USD", "cik": "0000316709", "fillingDate": "2019-05-08", "acceptedDate": "2019-05-08 17:13:43", "calendarYear": "2019", "period": "Q1", "revenue": 2723000000, "costOfRevenue": 0, "grossProfit": 2723000000, "grossProfitRatio": 1, "researchAndDevelopmentExpenses": 0, "generalAndAdministrativeExpenses": 944000000, "sellingAndMarketingExpenses": 69000000, "sellingGeneralAndAdministrativeExpenses": 1013000000, "otherExpenses": 1710000000, "operatingExpenses": 2723000000, "costAndExpenses": 2723000000, "interestIncome": 1998000000, "interestExpense": 317000000, "depreciationAndAmortization": 83000000, "ebitda": 0, "ebitdaratio": 0, "operatingIncome": 0, "operatingIncomeRatio": 0, "totalOtherIncomeExpensesNet": 1264000000, "incomeBeforeTax": 1264000000, "incomeBeforeTaxRatio": 0.4641939038, "incomeTaxExpense": 300000000, "netIncome": 964000000, "netIncomeRatio": 0.3540213, "eps": 0.69, "epsdiluted": 0.69, "weightedAverageShsOut": 1333000000, "weightedAverageShsOutDil": 1344000000, "link": "https://www.sec.gov/Archives/edgar/data/316709/000031670919000017/0000316709-19-000017-index.htm", "finalLink": "https://www.sec.gov/Archives/edgar/data/316709/000031670919000017/schw-03312019x10q.htm"}, {"date": "2018-12-31", "symbol": "SCHW", "reportedCurrency": "USD", "cik": "0000316709", "fillingDate": "2019-02-22", "acceptedDate": "2019-02-22 16:27:02", "calendarYear": "2018", "period": "Q4", "revenue": 2669000000, "costOfRevenue": 0, "grossProfit": 2669000000, "grossProfitRatio": 1, "researchAndDevelopmentExpenses": 0, "generalAndAdministrativeExpenses": 899000000, "sellingAndMarketingExpenses": 93000000, "sellingGeneralAndAdministrativeExpenses": 992000000, "otherExpenses": 1677000000, "operatingExpenses": 2669000000, "costAndExpenses": 2669000000, "interestIncome": 1914000000, "interestExpense": 288000000, "depreciationAndAmortization": 80000000, "ebitda": 0, "ebitdaratio": 0, "operatingIncome": 0, "operatingIncomeRatio": 0, "totalOtherIncomeExpensesNet": 1210000000, "incomeBeforeTax": 1210000000, "incomeBeforeTaxRatio": 0.4533533158, "incomeTaxExpense": 275000000, "netIncome": 935000000, "netIncomeRatio": 0.3503184713, "eps": 0.66, "epsdiluted": 0.65, "weightedAverageShsOut": 1343000000, "weightedAverageShsOutDil": 1354000000, "link": "https://www.sec.gov/Archives/edgar/data/316709/000031670919000008/0000316709-19-000008-index.htm", "finalLink": "https://www.sec.gov/Archives/edgar/data/316709/000031670919000008/schw-12312018x10k.htm"}, {"date": "2018-09-30", "symbol": "SCHW", "reportedCurrency": "USD", "cik": "0000316709", "fillingDate": "2018-11-07", "acceptedDate": "2018-11-07 17:07:41", "calendarYear": "2018", "period": "Q3", "revenue": 2579000000, "costOfRevenue": 0, "grossProfit": 2579000000, "grossProfitRatio": 1, "researchAndDevelopmentExpenses": 0, "generalAndAdministrativeExpenses": 853000000, "sellingAndMarketingExpenses": 70000000, "sellingGeneralAndAdministrativeExpenses": 923000000, "otherExpenses": 1656000000, "operatingExpenses": 2579000000, "costAndExpenses": 2579000000, "interestIncome": 1755000000, "interestExpense": 228000000, "depreciationAndAmortization": 78000000, "ebitda": 0, "ebitdaratio": 0, "operatingIncome": 0, "operatingIncomeRatio": 0, "totalOtherIncomeExpensesNet": 1219000000, "incomeBeforeTax": 1219000000, "incomeBeforeTaxRatio": 0.4726638232, "incomeTaxExpense": 296000000, "netIncome": 923000000, "netIncomeRatio": 0.3578906553, "eps": 0.66, "epsdiluted": 0.65, "weightedAverageShsOut": 1351000000, "weightedAverageShsOutDil": 1364000000, "link": "https://www.sec.gov/Archives/edgar/data/316709/000031670918000054/0000316709-18-000054-index.htm", "finalLink": "https://www.sec.gov/Archives/edgar/data/316709/000031670918000054/schw-09302018x10q.htm"}, {"date": "2018-06-30", "symbol": "SCHW", "reportedCurrency": "USD", "cik": "0000316709", "fillingDate": "2018-08-08", "acceptedDate": "2018-08-08 16:42:57", "calendarYear": "2018", "period": "Q2", "revenue": 2486000000, "costOfRevenue": 0, "grossProfit": 2486000000, "grossProfitRatio": 1, "researchAndDevelopmentExpenses": 0, "generalAndAdministrativeExpenses": 853000000, "sellingAndMarketingExpenses": 77000000, "sellingGeneralAndAdministrativeExpenses": 930000000, "otherExpenses": 1556000000, "operatingExpenses": 2486000000, "costAndExpenses": 2486000000, "interestIncome": 1590000000, "interestExpense": 183000000, "depreciationAndAmortization": 75000000, "ebitda": 0, "ebitdaratio": 0, "operatingIncome": 0, "operatingIncomeRatio": 0, "totalOtherIncomeExpensesNet": 1131000000, "incomeBeforeTax": 1131000000, "incomeBeforeTaxRatio": 0.4549477072, "incomeTaxExpense": 265000000, "netIncome": 866000000, "netIncomeRatio": 0.3483507643, "eps": 0.6, "epsdiluted": 0.6, "weightedAverageShsOut": 1350000000, "weightedAverageShsOutDil": 1364000000, "link": "https://www.sec.gov/Archives/edgar/data/316709/000031670918000040/0000316709-18-000040-index.htm", "finalLink": "https://www.sec.gov/Archives/edgar/data/316709/000031670918000040/schw-06302018x10q.htm"}, {"date": "2018-03-31", "symbol": "SCHW", "reportedCurrency": "USD", "cik": "0000316709", "fillingDate": "2018-05-09", "acceptedDate": "2018-05-09 17:12:21", "calendarYear": "2018", "period": "Q1", "revenue": 2398000000, "costOfRevenue": 0, "grossProfit": 2398000000, "grossProfitRatio": 1, "researchAndDevelopmentExpenses": 0, "generalAndAdministrativeExpenses": 883000000, "sellingAndMarketingExpenses": 73000000, "sellingGeneralAndAdministrativeExpenses": 956000000, "otherExpenses": 1442000000, "operatingExpenses": 2398000000, "costAndExpenses": 2398000000, "interestIncome": 1421000000, "interestExpense": 158000000, "depreciationAndAmortization": 73000000, "ebitda": 0, "ebitdaratio": 0, "operatingIncome": 0, "operatingIncomeRatio": 0, "totalOtherIncomeExpensesNet": 1002000000, "incomeBeforeTax": 1002000000, "incomeBeforeTaxRatio": 0.4178482068, "incomeTaxExpense": 219000000, "netIncome": 783000000, "netIncomeRatio": 0.3265221018, "eps": 0.55, "epsdiluted": 0.55, "weightedAverageShsOut": 1347000000, "weightedAverageShsOutDil": 1362000000, "link": "https://www.sec.gov/Archives/edgar/data/316709/000031670918000024/0000316709-18-000024-index.htm", "finalLink": "https://www.sec.gov/Archives/edgar/data/316709/000031670918000024/schw-03312018x10q.htm"}, {"date": "2017-12-31", "symbol": "SCHW", "reportedCurrency": "USD", "cik": "0000316709", "fillingDate": "2018-02-22", "acceptedDate": "2018-02-22 17:15:24", "calendarYear": "2017", "period": "Q4", "revenue": 2242000000, "costOfRevenue": 0, "grossProfit": 2242000000, "grossProfitRatio": 1, "researchAndDevelopmentExpenses": 0, "generalAndAdministrativeExpenses": 950000000, "sellingAndMarketingExpenses": 63000000, "sellingGeneralAndAdministrativeExpenses": 1013000000, "otherExpenses": 1229000000, "operatingExpenses": 2242000000, "costAndExpenses": 2242000000, "interestIncome": 1266000000, "interestExpense": 119000000, "depreciationAndAmortization": 69000000, "ebitda": 0, "ebitdaratio": 0, "operatingIncome": 0, "operatingIncomeRatio": 0, "totalOtherIncomeExpensesNet": 953000000, "incomeBeforeTax": 953000000, "incomeBeforeTaxRatio": 0.4250669045, "incomeTaxExpense": 356000000, "netIncome": 597000000, "netIncomeRatio": 0.266280107, "eps": 0.41, "epsdiluted": 0.41, "weightedAverageShsOut": 1343000000, "weightedAverageShsOutDil": 1358000000, "link": "https://www.sec.gov/Archives/edgar/data/316709/000031670918000009/0000316709-18-000009-index.htm", "finalLink": "https://www.sec.gov/Archives/edgar/data/316709/000031670918000009/schw-12312017x10k.htm"}, {"date": "2017-09-30", "symbol": "SCHW", "reportedCurrency": "USD", "cik": "0000316709", "fillingDate": "2017-11-07", "acceptedDate": "2017-11-07 16:35:08", "calendarYear": "2017", "period": "Q3", "revenue": 2165000000, "costOfRevenue": 0, "grossProfit": 2165000000, "grossProfitRatio": 1, "researchAndDevelopmentExpenses": 0, "generalAndAdministrativeExpenses": 761000000, "sellingAndMarketingExpenses": 63000000, "sellingGeneralAndAdministrativeExpenses": 824000000, "otherExpenses": 1341000000, "operatingExpenses": 2165000000, "costAndExpenses": 2165000000, "interestIncome": 1176000000, "interestExpense": 94000000, "depreciationAndAmortization": 69000000, "ebitda": 0, "ebitdaratio": 0, "operatingIncome": 0, "operatingIncomeRatio": 0, "totalOtherIncomeExpensesNet": 945000000, "incomeBeforeTax": 945000000, "incomeBeforeTaxRatio": 0.4364896074, "incomeTaxExpense": 327000000, "netIncome": 618000000, "netIncomeRatio": 0.2854503464, "eps": 0.43, "epsdiluted": 0.42, "weightedAverageShsOut": 1339000000, "weightedAverageShsOutDil": 1353000000, "link": "https://www.sec.gov/Archives/edgar/data/316709/000031670917000061/0000316709-17-000061-index.htm", "finalLink": "https://www.sec.gov/Archives/edgar/data/316709/000031670917000061/schw-09302017x10q.htm"}, {"date": "2017-06-30", "symbol": "SCHW", "reportedCurrency": "USD", "cik": "0000316709", "fillingDate": "2017-08-07", "acceptedDate": "2017-08-07 16:48:47", "calendarYear": "2017", "period": "Q2", "revenue": 2130000000, "costOfRevenue": 0, "grossProfit": 2130000000, "grossProfitRatio": 1, "researchAndDevelopmentExpenses": 0, "generalAndAdministrativeExpenses": 767000000, "sellingAndMarketingExpenses": 71000000, "sellingGeneralAndAdministrativeExpenses": 838000000, "otherExpenses": 1292000000, "operatingExpenses": 2130000000, "costAndExpenses": 2130000000, "interestIncome": 1127000000, "interestExpense": 74000000, "depreciationAndAmortization": 66000000, "ebitda": 0, "ebitdaratio": 0, "operatingIncome": 0, "operatingIncomeRatio": 0, "totalOtherIncomeExpensesNet": 909000000, "incomeBeforeTax": 909000000, "incomeBeforeTaxRatio": 0.4267605634, "incomeTaxExpense": 334000000, "netIncome": 575000000, "netIncomeRatio": 0.2699530516, "eps": 0.4, "epsdiluted": 0.39, "weightedAverageShsOut": 1338000000, "weightedAverageShsOutDil": 1351000000, "link": "https://www.sec.gov/Archives/edgar/data/316709/000031670917000034/0000316709-17-000034-index.htm", "finalLink": "https://www.sec.gov/Archives/edgar/data/316709/000031670917000034/schw-06302017x10q.htm"}, {"date": "2017-03-31", "symbol": "SCHW", "reportedCurrency": "USD", "cik": "0000316709", "fillingDate": "2017-05-08", "acceptedDate": "2017-05-08 16:55:25", "calendarYear": "2017", "period": "Q1", "revenue": 2081000000, "costOfRevenue": 0, "grossProfit": 2081000000, "grossProfitRatio": 1, "researchAndDevelopmentExpenses": 0, "generalAndAdministrativeExpenses": 802000000, "sellingAndMarketingExpenses": 71000000, "sellingGeneralAndAdministrativeExpenses": 873000000, "otherExpenses": 1208000000, "operatingExpenses": 2081000000, "costAndExpenses": 2081000000, "interestIncome": 1055000000, "interestExpense": 55000000, "depreciationAndAmortization": 65000000, "ebitda": 0, "ebitdaratio": 0, "operatingIncome": 0, "operatingIncomeRatio": 0, "totalOtherIncomeExpensesNet": 843000000, "incomeBeforeTax": 843000000, "incomeBeforeTaxRatio": 0.4050937049, "incomeTaxExpense": 279000000, "netIncome": 564000000, "netIncomeRatio": 0.2710235464, "eps": 0.39, "epsdiluted": 0.39, "weightedAverageShsOut": 1336000000, "weightedAverageShsOutDil": 1351000000, "link": "https://www.sec.gov/Archives/edgar/data/316709/000031670917000020/0000316709-17-000020-index.htm", "finalLink": "https://www.sec.gov/Archives/edgar/data/316709/000031670917000020/schw-03312017x10q.htm"}, {"date": "2016-12-31", "symbol": "SCHW", "reportedCurrency": "USD", "cik": "0000316709", "fillingDate": "2017-02-23", "acceptedDate": "2017-02-23 17:22:58", "calendarYear": "2016", "period": "Q4", "revenue": 1972000000, "costOfRevenue": 0, "grossProfit": 1972000000, "grossProfitRatio": 1, "researchAndDevelopmentExpenses": 0, "generalAndAdministrativeExpenses": 687000000, "sellingAndMarketingExpenses": 61000000, "sellingGeneralAndAdministrativeExpenses": 748000000, "otherExpenses": 1224000000, "operatingExpenses": 1972000000, "costAndExpenses": 1972000000, "interestIncome": 952000000, "interestExpense": 45000000, "depreciationAndAmortization": 61000000, "ebitda": 0, "ebitdaratio": 0, "operatingIncome": 0, "operatingIncomeRatio": 0, "totalOtherIncomeExpensesNet": 824000000, "incomeBeforeTax": 824000000, "incomeBeforeTaxRatio": 0.4178498986, "incomeTaxExpense": 302000000, "netIncome": 522000000, "netIncomeRatio": 0.2647058824, "eps": 0.36, "epsdiluted": 0.36, "weightedAverageShsOut": 1329000000, "weightedAverageShsOutDil": 1341000000, "link": "https://www.sec.gov/Archives/edgar/data/316709/000031670917000010/0000316709-17-000010-index.htm", "finalLink": "https://www.sec.gov/Archives/edgar/data/316709/000031670917000010/schw-20161231x10k.htm"}, {"date": "2016-09-30", "symbol": "SCHW", "reportedCurrency": "USD", "cik": "0000316709", "fillingDate": "2016-11-07", "acceptedDate": "2016-11-07 16:25:08", "calendarYear": "2016", "period": "Q3", "revenue": 1909000000, "costOfRevenue": 0, "grossProfit": 1909000000, "grossProfitRatio": 1, "researchAndDevelopmentExpenses": 0, "generalAndAdministrativeExpenses": 666000000, "sellingAndMarketingExpenses": 64000000, "sellingGeneralAndAdministrativeExpenses": 730000000, "otherExpenses": 1179000000, "operatingExpenses": 1909000000, "costAndExpenses": 1909000000, "interestIncome": 891000000, "interestExpense": 46000000, "depreciationAndAmortization": 60000000, "ebitda": 0, "ebitdaratio": 0, "operatingIncome": 0, "operatingIncomeRatio": 0, "totalOtherIncomeExpensesNet": 794000000, "incomeBeforeTax": 794000000, "incomeBeforeTaxRatio": 0.4159245678, "incomeTaxExpense": 291000000, "netIncome": 503000000, "netIncomeRatio": 0.2634887376, "eps": 0.36, "epsdiluted": 0.35, "weightedAverageShsOut": 1324000000, "weightedAverageShsOutDil": 1334000000, "link": "https://www.sec.gov/Archives/edgar/data/316709/000031670916000101/0000316709-16-000101-index.htm", "finalLink": "https://www.sec.gov/Archives/edgar/data/316709/000031670916000101/schw-20160930x10q.htm"}, {"date": "2016-06-30", "symbol": "SCHW", "reportedCurrency": "USD", "cik": "0000316709", "fillingDate": "2016-08-05", "acceptedDate": "2016-08-05 16:08:50", "calendarYear": "2016", "period": "Q2", "revenue": 1826000000, "costOfRevenue": 0, "grossProfit": 1826000000, "grossProfitRatio": 1, "researchAndDevelopmentExpenses": 0, "generalAndAdministrativeExpenses": 664000000, "sellingAndMarketingExpenses": 70000000, "sellingGeneralAndAdministrativeExpenses": 734000000, "otherExpenses": 1092000000, "operatingExpenses": 1826000000, "costAndExpenses": 1826000000, "interestIncome": 840000000, "interestExpense": 42000000, "depreciationAndAmortization": 57000000, "ebitda": 0, "ebitdaratio": 0, "operatingIncome": 0, "operatingIncomeRatio": 0, "totalOtherIncomeExpensesNet": 720000000, "incomeBeforeTax": 720000000, "incomeBeforeTaxRatio": 0.3943044907, "incomeTaxExpense": 268000000, "netIncome": 452000000, "netIncomeRatio": 0.2475355969, "eps": 0.31, "epsdiluted": 0.3, "weightedAverageShsOut": 1322000000, "weightedAverageShsOutDil": 1333000000, "link": "https://www.sec.gov/Archives/edgar/data/316709/000031670916000093/0000316709-16-000093-index.htm", "finalLink": "https://www.sec.gov/Archives/edgar/data/316709/000031670916000093/schw-20160630x10q.htm"}, {"date": "2016-03-31", "symbol": "SCHW", "reportedCurrency": "USD", "cik": "0000316709", "fillingDate": "2016-05-06", "acceptedDate": "2016-05-06 16:36:45", "calendarYear": "2016", "period": "Q1", "revenue": 1766000000, "costOfRevenue": 0, "grossProfit": 1766000000, "grossProfitRatio": 1, "researchAndDevelopmentExpenses": 0, "generalAndAdministrativeExpenses": 686000000, "sellingAndMarketingExpenses": 0, "sellingGeneralAndAdministrativeExpenses": 756000000, "otherExpenses": 1010000000, "operatingExpenses": 1766000000, "costAndExpenses": 1766000000, "interestIncome": 810000000, "interestExpense": 38000000, "depreciationAndAmortization": 56000000, "ebitda": 0, "ebitdaratio": 0, "operatingIncome": 0, "operatingIncomeRatio": 0, "totalOtherIncomeExpensesNet": 655000000, "incomeBeforeTax": 655000000, "incomeBeforeTaxRatio": 0.3708946772, "incomeTaxExpense": 243000000, "netIncome": 412000000, "netIncomeRatio": 0.2332955832, "eps": 0.3, "epsdiluted": 0.29, "weightedAverageShsOut": 1321000000, "weightedAverageShsOutDil": 1330000000, "link": "https://www.sec.gov/Archives/edgar/data/316709/000031670916000078/0000316709-16-000078-index.htm", "finalLink": "https://www.sec.gov/Archives/edgar/data/316709/000031670916000078/schw-20160331x10q.htm"}, {"date": "2015-12-31", "symbol": "SCHW", "reportedCurrency": "USD", "cik": "0000316709", "fillingDate": "2016-02-24", "acceptedDate": "2016-02-24 17:17:09", "calendarYear": "2015", "period": "Q4", "revenue": 1691000000, "costOfRevenue": 0, "grossProfit": 1691000000, "grossProfitRatio": 1, "researchAndDevelopmentExpenses": 0, "generalAndAdministrativeExpenses": 630000000, "sellingAndMarketingExpenses": 60000000, "sellingGeneralAndAdministrativeExpenses": 690000000, "otherExpenses": 1001000000, "operatingExpenses": 1691000000, "costAndExpenses": 1691000000, "interestIncome": 726000000, "interestExpense": 36000000, "depreciationAndAmortization": 58000000, "ebitda": 0, "ebitdaratio": 0, "operatingIncome": 0, "operatingIncomeRatio": 0, "totalOtherIncomeExpensesNet": 645000000, "incomeBeforeTax": 645000000, "incomeBeforeTaxRatio": 0.3814311059, "incomeTaxExpense": 229000000, "netIncome": 416000000, "netIncomeRatio": 0.2460082791, "eps": 0.29, "epsdiluted": 0.28, "weightedAverageShsOut": 1319000000, "weightedAverageShsOutDil": 1330000000, "link": "https://www.sec.gov/Archives/edgar/data/316709/000031670916000067/0000316709-16-000067-index.htm", "finalLink": "https://www.sec.gov/Archives/edgar/data/316709/000031670916000067/schw-20151231x10k.htm"}, {"date": "2015-09-30", "symbol": "SCHW", "reportedCurrency": "USD", "cik": "0000316709", "fillingDate": "2015-11-05", "acceptedDate": "2015-11-05 16:28:22", "calendarYear": "2015", "period": "Q3", "revenue": 1592000000, "costOfRevenue": 0, "grossProfit": 1592000000, "grossProfitRatio": 1, "researchAndDevelopmentExpenses": 0, "generalAndAdministrativeExpenses": 606000000, "sellingAndMarketingExpenses": 58000000, "sellingGeneralAndAdministrativeExpenses": 664000000, "otherExpenses": 928000000, "operatingExpenses": 1592000000, "costAndExpenses": 1592000000, "interestIncome": 669000000, "interestExpense": 34000000, "depreciationAndAmortization": 57000000, "ebitda": 0, "ebitdaratio": 0, "operatingIncome": 0, "operatingIncomeRatio": 0, "totalOtherIncomeExpensesNet": 583000000, "incomeBeforeTax": 583000000, "incomeBeforeTaxRatio": 0.3662060302, "incomeTaxExpense": 207000000, "netIncome": 376000000, "netIncomeRatio": 0.2361809045, "eps": 0.28, "epsdiluted": 0.28, "weightedAverageShsOut": 1316000000, "weightedAverageShsOutDil": 1328000000, "link": "https://www.sec.gov/Archives/edgar/data/316709/000031670915000056/0000316709-15-000056-index.htm", "finalLink": "https://www.sec.gov/Archives/edgar/data/316709/000031670915000056/schw-20150930x10q.htm"}, {"date": "2015-06-30", "symbol": "SCHW", "reportedCurrency": "USD", "cik": "0000316709", "fillingDate": "2015-08-06", "acceptedDate": "2015-08-06 16:24:05", "calendarYear": "2015", "period": "Q2", "revenue": 1564000000, "costOfRevenue": 0, "grossProfit": 1564000000, "grossProfitRatio": 1, "researchAndDevelopmentExpenses": 0, "generalAndAdministrativeExpenses": 599000000, "sellingAndMarketingExpenses": 0, "sellingGeneralAndAdministrativeExpenses": 661000000, "otherExpenses": 903000000, "operatingExpenses": 1564000000, "costAndExpenses": 1564000000, "interestIncome": 645000000, "interestExpense": 33000000, "depreciationAndAmortization": 55000000, "ebitda": 0, "ebitdaratio": 0, "operatingIncome": 0, "operatingIncomeRatio": 0, "totalOtherIncomeExpensesNet": 567000000, "incomeBeforeTax": 567000000, "incomeBeforeTaxRatio": 0.3625319693, "incomeTaxExpense": 214000000, "netIncome": 353000000, "netIncomeRatio": 0.2257033248, "eps": 0.25, "epsdiluted": 0.25, "weightedAverageShsOut": 1314000000, "weightedAverageShsOutDil": 1326000000, "link": "https://www.sec.gov/Archives/edgar/data/316709/000031670915000043/0000316709-15-000043-index.htm", "finalLink": "https://www.sec.gov/Archives/edgar/data/316709/000031670915000043/schw-20150630x10q.htm"}, {"date": "2015-03-31", "symbol": "SCHW", "reportedCurrency": "USD", "cik": "0000316709", "fillingDate": "2015-05-07", "acceptedDate": "2015-05-07 16:25:48", "calendarYear": "2015", "period": "Q1", "revenue": 1522000000, "costOfRevenue": 0, "grossProfit": 1522000000, "grossProfitRatio": 1, "researchAndDevelopmentExpenses": 0, "generalAndAdministrativeExpenses": 639000000, "sellingAndMarketingExpenses": 0, "sellingGeneralAndAdministrativeExpenses": 708000000, "otherExpenses": 814000000, "operatingExpenses": 1522000000, "costAndExpenses": 1522000000, "interestIncome": 617000000, "interestExpense": 29000000, "depreciationAndAmortization": 54000000, "ebitda": 0, "ebitdaratio": 0, "operatingIncome": 0, "operatingIncomeRatio": 0, "totalOtherIncomeExpensesNet": 484000000, "incomeBeforeTax": 484000000, "incomeBeforeTaxRatio": 0.3180026281, "incomeTaxExpense": 182000000, "netIncome": 302000000, "netIncomeRatio": 0.1984231275, "eps": 0.22, "epsdiluted": 0.22, "weightedAverageShsOut": 1312000000, "weightedAverageShsOutDil": 1323000000, "link": "https://www.sec.gov/Archives/edgar/data/316709/000031670915000023/0000316709-15-000023-index.htm", "finalLink": "https://www.sec.gov/Archives/edgar/data/316709/000031670915000023/schw-20150331x10q.htm"}, {"date": "2014-12-31", "symbol": "SCHW", "reportedCurrency": "USD", "cik": "0000316709", "fillingDate": "2015-02-23", "acceptedDate": "2015-02-23 16:35:14", "calendarYear": "2014", "period": "Q4", "revenue": 1554000000, "costOfRevenue": 0, "grossProfit": 1554000000, "grossProfitRatio": 1, "researchAndDevelopmentExpenses": 0, "generalAndAdministrativeExpenses": 598000000, "sellingAndMarketingExpenses": 58000000, "sellingGeneralAndAdministrativeExpenses": 656000000, "otherExpenses": 898000000, "operatingExpenses": 1554000000, "costAndExpenses": 1554000000, "interestIncome": 607000000, "interestExpense": 23000000, "depreciationAndAmortization": 54000000, "ebitda": 0, "ebitdaratio": 0, "operatingIncome": 0, "operatingIncomeRatio": 0, "totalOtherIncomeExpensesNet": 554000000, "incomeBeforeTax": 554000000, "incomeBeforeTaxRatio": 0.3564993565, "incomeTaxExpense": 204000000, "netIncome": 350000000, "netIncomeRatio": 0.2252252252, "eps": 0.25, "epsdiluted": 0.25, "weightedAverageShsOut": 1316000000, "weightedAverageShsOutDil": 1320000000, "link": "https://www.sec.gov/Archives/edgar/data/316709/000031670915000014/0000316709-15-000014-index.htm", "finalLink": "https://www.sec.gov/Archives/edgar/data/316709/000031670915000014/schw-20141231x10k.htm"}, {"date": "2014-09-30", "symbol": "SCHW", "reportedCurrency": "USD", "cik": "0000316709", "fillingDate": "2014-11-06", "acceptedDate": "2014-11-06 15:13:57", "calendarYear": "2014", "period": "Q3", "revenue": 1550000000, "costOfRevenue": 0, "grossProfit": 1550000000, "grossProfitRatio": 1, "researchAndDevelopmentExpenses": 0, "generalAndAdministrativeExpenses": 648000000, "sellingAndMarketingExpenses": 0, "sellingGeneralAndAdministrativeExpenses": 707000000, "otherExpenses": 843000000, "operatingExpenses": 1550000000, "costAndExpenses": 1550000000, "interestIncome": 600000000, "interestExpense": 27000000, "depreciationAndAmortization": 49000000, "ebitda": 0, "ebitdaratio": 0, "operatingIncome": 0, "operatingIncomeRatio": 0, "totalOtherIncomeExpensesNet": 518000000, "incomeBeforeTax": 518000000, "incomeBeforeTaxRatio": 0.3341935484, "incomeTaxExpense": 197000000, "netIncome": 321000000, "netIncomeRatio": 0.2070967742, "eps": 0.24, "epsdiluted": 0.24, "weightedAverageShsOut": 1304000000, "weightedAverageShsOutDil": 1316000000, "link": "https://www.sec.gov/Archives/edgar/data/316709/000031670914000039/0000316709-14-000039-index.htm", "finalLink": "https://www.sec.gov/Archives/edgar/data/316709/000031670914000039/schw-20140930x10q.htm"}, {"date": "2014-06-30", "symbol": "SCHW", "reportedCurrency": "USD", "cik": "0000316709", "fillingDate": "2014-08-07", "acceptedDate": "2014-08-07 14:22:29", "calendarYear": "2014", "period": "Q2", "revenue": 1471000000, "costOfRevenue": 0, "grossProfit": 1471000000, "grossProfitRatio": 1, "researchAndDevelopmentExpenses": 0, "generalAndAdministrativeExpenses": 577000000, "sellingAndMarketingExpenses": 0, "sellingGeneralAndAdministrativeExpenses": 642000000, "otherExpenses": 829000000, "operatingExpenses": 1471000000, "costAndExpenses": 1471000000, "interestIncome": 588000000, "interestExpense": 26000000, "depreciationAndAmortization": 48000000, "ebitda": 0, "ebitdaratio": 0, "operatingIncome": 0, "operatingIncomeRatio": 0, "totalOtherIncomeExpensesNet": 521000000, "incomeBeforeTax": 521000000, "incomeBeforeTaxRatio": 0.3541808294, "incomeTaxExpense": 197000000, "netIncome": 324000000, "netIncomeRatio": 0.2202583277, "eps": 0.23, "epsdiluted": 0.23, "weightedAverageShsOut": 1302000000, "weightedAverageShsOutDil": 1313000000, "link": "https://www.sec.gov/Archives/edgar/data/316709/000031670914000024/0000316709-14-000024-index.htm", "finalLink": "https://www.sec.gov/Archives/edgar/data/316709/000031670914000024/schw-20140630x10q.htm"}, {"date": "2014-03-31", "symbol": "SCHW", "reportedCurrency": "USD", "cik": "0000316709", "fillingDate": "2014-05-07", "acceptedDate": "2014-05-07 14:45:34", "calendarYear": "2014", "period": "Q1", "revenue": 1479000000, "costOfRevenue": 0, "grossProfit": 1479000000, "grossProfitRatio": 1, "researchAndDevelopmentExpenses": 0, "generalAndAdministrativeExpenses": 584000000, "sellingAndMarketingExpenses": 0, "sellingGeneralAndAdministrativeExpenses": 647000000, "otherExpenses": 832000000, "operatingExpenses": 1479000000, "costAndExpenses": 1479000000, "interestIncome": 579000000, "interestExpense": 26000000, "depreciationAndAmortization": 48000000, "ebitda": 0, "ebitdaratio": 0, "operatingIncome": 0, "operatingIncomeRatio": 0, "totalOtherIncomeExpensesNet": 522000000, "incomeBeforeTax": 522000000, "incomeBeforeTaxRatio": 0.3529411765, "incomeTaxExpense": 196000000, "netIncome": 326000000, "netIncomeRatio": 0.2204192022, "eps": 0.24, "epsdiluted": 0.24, "weightedAverageShsOut": 1299000000, "weightedAverageShsOutDil": 1311000000, "link": "https://www.sec.gov/Archives/edgar/data/316709/000031670914000012/0000316709-14-000012-index.htm", "finalLink": "https://www.sec.gov/Archives/edgar/data/316709/000031670914000012/schw-20140331x10q.htm"}, {"date": "2013-12-31", "symbol": "SCHW", "reportedCurrency": "USD", "cik": "0000316709", "fillingDate": "2014-02-24", "acceptedDate": "2014-02-24 15:26:41", "calendarYear": "2013", "period": "Q4", "revenue": 1433000000, "costOfRevenue": 0, "grossProfit": 1433000000, "grossProfitRatio": 1, "researchAndDevelopmentExpenses": 0, "generalAndAdministrativeExpenses": 570000000, "sellingAndMarketingExpenses": 0, "sellingGeneralAndAdministrativeExpenses": 629000000, "otherExpenses": 804000000, "operatingExpenses": 1433000000, "costAndExpenses": 1433000000, "interestIncome": 558000000, "interestExpense": 26000000, "depreciationAndAmortization": 49000000, "ebitda": 0, "ebitdaratio": 0, "operatingIncome": 0, "operatingIncomeRatio": 0, "totalOtherIncomeExpensesNet": 498000000, "incomeBeforeTax": 498000000, "incomeBeforeTaxRatio": 0.3475226797, "incomeTaxExpense": 179000000, "netIncome": 319000000, "netIncomeRatio": 0.2226099093, "eps": 0.23, "epsdiluted": 0.23, "weightedAverageShsOut": 1291304348, "weightedAverageShsOutDil": 1304000000, "link": "https://www.sec.gov/Archives/edgar/data/316709/000031670914000005/0000316709-14-000005-index.htm", "finalLink": "https://www.sec.gov/Archives/edgar/data/316709/000031670914000005/schw-20131231x10k.htm"}, {"date": "2013-09-30", "symbol": "SCHW", "reportedCurrency": "USD", "cik": "0000316709", "fillingDate": "2013-11-06", "acceptedDate": "2013-11-06 15:53:10", "calendarYear": "2013", "period": "Q3", "revenue": 1369000000, "costOfRevenue": 0, "grossProfit": 1369000000, "grossProfitRatio": 1, "researchAndDevelopmentExpenses": 0, "generalAndAdministrativeExpenses": 537000000, "sellingAndMarketingExpenses": 0, "sellingGeneralAndAdministrativeExpenses": 594000000, "otherExpenses": 775000000, "operatingExpenses": 1369000000, "costAndExpenses": 1369000000, "interestIncome": 531000000, "interestExpense": 25000000, "depreciationAndAmortization": 51000000, "ebitda": 0, "ebitdaratio": 0, "operatingIncome": 0, "operatingIncomeRatio": 0, "totalOtherIncomeExpensesNet": 464000000, "incomeBeforeTax": 464000000, "incomeBeforeTaxRatio": 0.3389335281, "incomeTaxExpense": 174000000, "netIncome": 290000000, "netIncomeRatio": 0.2118334551, "eps": 0.22, "epsdiluted": 0.22, "weightedAverageShsOut": 1287000000, "weightedAverageShsOutDil": 1296000000, "link": "https://www.sec.gov/Archives/edgar/data/316709/000031670913000020/0000316709-13-000020-index.htm", "finalLink": "https://www.sec.gov/Archives/edgar/data/316709/000031670913000020/schw-20130930x10q.htm"}, {"date": "2013-06-30", "symbol": "SCHW", "reportedCurrency": "USD", "cik": "0000316709", "fillingDate": "2013-08-06", "acceptedDate": "2013-08-06 16:22:46", "calendarYear": "2013", "period": "Q2", "revenue": 1336000000, "costOfRevenue": 0, "grossProfit": 1336000000, "grossProfitRatio": 1, "researchAndDevelopmentExpenses": 0, "generalAndAdministrativeExpenses": 550000000, "sellingAndMarketingExpenses": 67000000, "sellingGeneralAndAdministrativeExpenses": 617000000, "otherExpenses": 719000000, "operatingExpenses": 1336000000, "costAndExpenses": 1336000000, "interestIncome": 499000000, "interestExpense": 26000000, "depreciationAndAmortization": 51000000, "ebitda": 0, "ebitdaratio": 0, "operatingIncome": 0, "operatingIncomeRatio": 0, "totalOtherIncomeExpensesNet": 412000000, "incomeBeforeTax": 412000000, "incomeBeforeTaxRatio": 0.3083832335, "incomeTaxExpense": 156000000, "netIncome": 256000000, "netIncomeRatio": 0.1916167665, "eps": 0.18, "epsdiluted": 0.18, "weightedAverageShsOut": 1282000000, "weightedAverageShsOutDil": 1288000000, "link": "https://www.sec.gov/Archives/edgar/data/316709/000031670913000013/0000316709-13-000013-index.htm", "finalLink": "https://www.sec.gov/Archives/edgar/data/316709/000031670913000013/schw-20130630x10q.htm"}, {"date": "2013-03-31", "symbol": "SCHW", "reportedCurrency": "USD", "cik": "0000316709", "fillingDate": "2013-05-07", "acceptedDate": "2013-05-07 13:24:34", "calendarYear": "2013", "period": "Q1", "revenue": 1296000000, "costOfRevenue": 0, "grossProfit": 1296000000, "grossProfitRatio": 1, "researchAndDevelopmentExpenses": 0, "generalAndAdministrativeExpenses": 590000000, "sellingAndMarketingExpenses": 0, "sellingGeneralAndAdministrativeExpenses": 664000000, "otherExpenses": 632000000, "operatingExpenses": 1296000000, "costAndExpenses": 1296000000, "interestIncome": 497000000, "interestExpense": 28000000, "depreciationAndAmortization": 51000000, "ebitda": 0, "ebitdaratio": 0, "operatingIncome": 0, "operatingIncomeRatio": 0, "totalOtherIncomeExpensesNet": 331000000, "incomeBeforeTax": 331000000, "incomeBeforeTaxRatio": 0.2554012346, "incomeTaxExpense": 125000000, "netIncome": 206000000, "netIncomeRatio": 0.1589506173, "eps": 0.15, "epsdiluted": 0.15, "weightedAverageShsOut": 1279000000, "weightedAverageShsOutDil": 1282000000, "link": "https://www.sec.gov/Archives/edgar/data/316709/000119312513203772/0001193125-13-203772-index.htm", "finalLink": "https://www.sec.gov/Archives/edgar/data/316709/000119312513203772/d511136d10q.htm"}, {"date": "2012-12-31", "symbol": "SCHW", "reportedCurrency": "USD", "cik": "0000316709", "fillingDate": "2013-02-22", "acceptedDate": "2013-02-22 16:58:36", "calendarYear": "2012", "period": "Q4", "revenue": 1189000000, "costOfRevenue": 0, "grossProfit": 1189000000, "grossProfitRatio": 1, "researchAndDevelopmentExpenses": 0, "generalAndAdministrativeExpenses": 504000000, "sellingAndMarketingExpenses": 68000000, "sellingGeneralAndAdministrativeExpenses": 572000000, "otherExpenses": 617000000, "operatingExpenses": 1189000000, "costAndExpenses": 1189000000, "interestIncome": 467000000, "interestExpense": 34000000, "depreciationAndAmortization": 50000000, "ebitda": 0, "ebitdaratio": 0, "operatingIncome": 0, "operatingIncomeRatio": 0, "totalOtherIncomeExpensesNet": 344000000, "incomeBeforeTax": 344000000, "incomeBeforeTaxRatio": 0.2893187553, "incomeTaxExpense": 133000000, "netIncome": 211000000, "netIncomeRatio": 0.1774600505, "eps": 0.15, "epsdiluted": 0.15, "weightedAverageShsOut": 1260000000, "weightedAverageShsOutDil": 1278000000, "link": "https://www.sec.gov/Archives/edgar/data/316709/000119312513071646/0001193125-13-071646-index.htm", "finalLink": "https://www.sec.gov/Archives/edgar/data/316709/000119312513071646/d455860d10k.htm"}, {"date": "2012-09-30", "symbol": "SCHW", "reportedCurrency": "USD", "cik": "0000316709", "fillingDate": "2012-11-06", "acceptedDate": "2012-11-06 12:50:30", "calendarYear": "2012", "period": "Q3", "revenue": 1206000000, "costOfRevenue": 0, "grossProfit": 1206000000, "grossProfitRatio": 1, "researchAndDevelopmentExpenses": 0, "generalAndAdministrativeExpenses": 495000000, "sellingAndMarketingExpenses": 0, "sellingGeneralAndAdministrativeExpenses": 544000000, "otherExpenses": 662000000, "operatingExpenses": 1206000000, "costAndExpenses": 1206000000, "interestIncome": 478000000, "interestExpense": 39000000, "depreciationAndAmortization": 50000000, "ebitda": 0, "ebitdaratio": 0, "operatingIncome": 0, "operatingIncomeRatio": 0, "totalOtherIncomeExpensesNet": 361000000, "incomeBeforeTax": 361000000, "incomeBeforeTaxRatio": 0.2993366501, "incomeTaxExpense": 114000000, "netIncome": 247000000, "netIncomeRatio": 0.2048092869, "eps": 0.19, "epsdiluted": 0.19, "weightedAverageShsOut": 1274000000, "weightedAverageShsOutDil": 1275000000, "link": "https://www.sec.gov/Archives/edgar/data/316709/000119312512453877/0001193125-12-453877-index.htm", "finalLink": "https://www.sec.gov/Archives/edgar/data/316709/000119312512453877/d406155d10q.htm"}, {"date": "2012-06-30", "symbol": "SCHW", "reportedCurrency": "USD", "cik": "0000316709", "fillingDate": "2012-08-06", "acceptedDate": "2012-08-06 14:39:32", "calendarYear": "2012", "period": "Q2", "revenue": 1287000000, "costOfRevenue": 0, "grossProfit": 1287000000, "grossProfitRatio": 1, "researchAndDevelopmentExpenses": 0, "generalAndAdministrativeExpenses": 501000000, "sellingAndMarketingExpenses": 57000000, "sellingGeneralAndAdministrativeExpenses": 558000000, "otherExpenses": 729000000, "operatingExpenses": 1287000000, "costAndExpenses": 1287000000, "interestIncome": 497000000, "interestExpense": 39000000, "depreciationAndAmortization": 48000000, "ebitda": 0, "ebitdaratio": 0, "operatingIncome": 0, "operatingIncomeRatio": 0, "totalOtherIncomeExpensesNet": 432000000, "incomeBeforeTax": 432000000, "incomeBeforeTaxRatio": 0.3356643357, "incomeTaxExpense": 157000000, "netIncome": 275000000, "netIncomeRatio": 0.2136752137, "eps": 0.2, "epsdiluted": 0.2, "weightedAverageShsOut": 1273000000, "weightedAverageShsOutDil": 1274000000, "link": "https://www.sec.gov/Archives/edgar/data/316709/000119312512337436/0001193125-12-337436-index.htm", "finalLink": "https://www.sec.gov/Archives/edgar/data/316709/000119312512337436/d362055d10q.htm"}, {"date": "2012-03-31", "symbol": "SCHW", "reportedCurrency": "USD", "cik": "0000316709", "fillingDate": "2012-05-07", "acceptedDate": "2012-05-07 14:31:23", "calendarYear": "2012", "period": "Q1", "revenue": 1189000000, "costOfRevenue": 0, "grossProfit": 1189000000, "grossProfitRatio": 1, "researchAndDevelopmentExpenses": 0, "generalAndAdministrativeExpenses": 523000000, "sellingAndMarketingExpenses": 67000000, "sellingGeneralAndAdministrativeExpenses": 590000000, "otherExpenses": 599000000, "operatingExpenses": 1189000000, "costAndExpenses": 1189000000, "interestIncome": 472000000, "interestExpense": 38000000, "depreciationAndAmortization": 48000000, "ebitda": 0, "ebitdaratio": 0, "operatingIncome": 0, "operatingIncomeRatio": 0, "totalOtherIncomeExpensesNet": 313000000, "incomeBeforeTax": 313000000, "incomeBeforeTaxRatio": 0.2632464256, "incomeTaxExpense": 118000000, "netIncome": 195000000, "netIncomeRatio": 0.1640033642, "eps": 0.15, "epsdiluted": 0.15, "weightedAverageShsOut": 1272000000, "weightedAverageShsOutDil": 1273000000, "link": "https://www.sec.gov/Archives/edgar/data/316709/000119312512214602/0001193125-12-214602-index.htm", "finalLink": "https://www.sec.gov/Archives/edgar/data/316709/000119312512214602/d319384d10q.htm"}, {"date": "2011-12-31", "symbol": "SCHW", "reportedCurrency": "USD", "cik": "0000316709", "fillingDate": "2012-02-24", "acceptedDate": "2012-02-24 15:33:46", "calendarYear": "2011", "period": "Q4", "revenue": 1127000000, "costOfRevenue": 0, "grossProfit": 1127000000, "grossProfitRatio": 1, "researchAndDevelopmentExpenses": 0, "generalAndAdministrativeExpenses": 496000000, "sellingAndMarketingExpenses": 69000000, "sellingGeneralAndAdministrativeExpenses": 565000000, "otherExpenses": 562000000, "operatingExpenses": 1127000000, "costAndExpenses": 1127000000, "interestIncome": 436000000, "interestExpense": 41000000, "depreciationAndAmortization": 48000000, "ebitda": 0, "ebitdaratio": 0, "operatingIncome": 0, "operatingIncomeRatio": 0, "totalOtherIncomeExpensesNet": 252000000, "incomeBeforeTax": 252000000, "incomeBeforeTaxRatio": 0.2236024845, "incomeTaxExpense": 89000000, "netIncome": 163000000, "netIncomeRatio": 0.1446317657, "eps": 0.13, "epsdiluted": 0, "weightedAverageShsOut": 0, "weightedAverageShsOutDil": 0, "link": "https://www.sec.gov/Archives/edgar/data/316709/000119312512077926/0001193125-12-077926-index.htm", "finalLink": "https://www.sec.gov/Archives/edgar/data/316709/000119312512077926/d264447d10k.htm"}, {"date": "2011-09-30", "symbol": "SCHW", "reportedCurrency": "USD", "cik": "0000316709", "fillingDate": "2011-11-07", "acceptedDate": "2011-11-07 15:50:47", "calendarYear": "2011", "period": "Q3", "revenue": 1202000000, "costOfRevenue": 0, "grossProfit": 1202000000, "grossProfitRatio": 1, "researchAndDevelopmentExpenses": 0, "generalAndAdministrativeExpenses": 479000000, "sellingAndMarketingExpenses": 48000000, "sellingGeneralAndAdministrativeExpenses": 527000000, "otherExpenses": 675000000, "operatingExpenses": 1202000000, "costAndExpenses": 1202000000, "interestIncome": 487000000, "interestExpense": 44000000, "depreciationAndAmortization": 39000000, "ebitda": 0, "ebitdaratio": 0, "operatingIncome": 0, "operatingIncomeRatio": 0, "totalOtherIncomeExpensesNet": 360000000, "incomeBeforeTax": 360000000, "incomeBeforeTaxRatio": 0.2995008319, "incomeTaxExpense": 140000000, "netIncome": 220000000, "netIncomeRatio": 0.1830282862, "eps": 0.18, "epsdiluted": 0.18, "weightedAverageShsOut": 1228000000, "weightedAverageShsOutDil": 1229000000, "link": "https://www.sec.gov/Archives/edgar/data/316709/000119312511299704/0001193125-11-299704-index.htm", "finalLink": "https://www.sec.gov/Archives/edgar/data/316709/000119312511299704/d232754d10q.htm"}, {"date": "2011-06-30", "symbol": "SCHW", "reportedCurrency": "USD", "cik": "0000316709", "fillingDate": "2011-08-05", "acceptedDate": "2011-08-05 13:56:45", "calendarYear": "2011", "period": "Q2", "revenue": 1193000000, "costOfRevenue": 0, "grossProfit": 1193000000, "grossProfitRatio": 1, "researchAndDevelopmentExpenses": 0, "generalAndAdministrativeExpenses": 484000000, "sellingAndMarketingExpenses": 0, "sellingGeneralAndAdministrativeExpenses": 535000000, "otherExpenses": 658000000, "operatingExpenses": 1193000000, "costAndExpenses": 1193000000, "interestIncome": 496000000, "interestExpense": 45000000, "depreciationAndAmortization": 33000000, "ebitda": 0, "ebitdaratio": 0, "operatingIncome": 0, "operatingIncomeRatio": 0, "totalOtherIncomeExpensesNet": 386000000, "incomeBeforeTax": 386000000, "incomeBeforeTaxRatio": 0.3235540654, "incomeTaxExpense": 148000000, "netIncome": 238000000, "netIncomeRatio": 0.1994970662, "eps": 0.2, "epsdiluted": 0.2, "weightedAverageShsOut": 1207000000, "weightedAverageShsOutDil": 1210000000, "link": "https://www.sec.gov/Archives/edgar/data/316709/000119312511211971/0001193125-11-211971-index.htm", "finalLink": "https://www.sec.gov/Archives/edgar/data/316709/000119312511211971/d10q.htm"}, {"date": "2011-03-31", "symbol": "SCHW", "reportedCurrency": "USD", "cik": "0000316709", "fillingDate": "2011-05-06", "acceptedDate": "2011-05-06 13:12:05", "calendarYear": "2011", "period": "Q1", "revenue": 1218000000, "costOfRevenue": 0, "grossProfit": 1218000000, "grossProfitRatio": 1, "researchAndDevelopmentExpenses": 0, "generalAndAdministrativeExpenses": 493000000, "sellingAndMarketingExpenses": 0, "sellingGeneralAndAdministrativeExpenses": 553000000, "otherExpenses": 665000000, "operatingExpenses": 1218000000, "costAndExpenses": 1218000000, "interestIncome": 481000000, "interestExpense": 45000000, "depreciationAndAmortization": 35000000, "ebitda": 0, "ebitdaratio": 0, "operatingIncome": 0, "operatingIncomeRatio": 0, "totalOtherIncomeExpensesNet": 394000000, "incomeBeforeTax": 394000000, "incomeBeforeTaxRatio": 0.3234811166, "incomeTaxExpense": 151000000, "netIncome": 243000000, "netIncomeRatio": 0.1995073892, "eps": 0.2, "epsdiluted": 0.2, "weightedAverageShsOut": 1203000000, "weightedAverageShsOutDil": 1207000000, "link": "https://www.sec.gov/Archives/edgar/data/316709/000119312511130249/0001193125-11-130249-index.htm", "finalLink": "https://www.sec.gov/Archives/edgar/data/316709/000119312511130249/d10q.htm"}, {"date": "2010-12-31", "symbol": "SCHW", "reportedCurrency": "USD", "cik": "0000316709", "fillingDate": "2011-02-25", "acceptedDate": "2011-02-25 13:03:00", "calendarYear": "2010", "period": "Q4", "revenue": 972000000, "costOfRevenue": 0, "grossProfit": 972000000, "grossProfitRatio": 1, "researchAndDevelopmentExpenses": 0, "generalAndAdministrativeExpenses": 770000000, "sellingAndMarketingExpenses": 57000000, "sellingGeneralAndAdministrativeExpenses": 827000000, "otherExpenses": 145000000, "operatingExpenses": 972000000, "costAndExpenses": 972000000, "interestIncome": 462000000, "interestExpense": 229000000, "depreciationAndAmortization": 38000000, "ebitda": 0, "ebitdaratio": 0, "operatingIncome": 0, "operatingIncomeRatio": 0, "totalOtherIncomeExpensesNet": 229000000, "incomeBeforeTax": 229000000, "incomeBeforeTaxRatio": 0.2355967078, "incomeTaxExpense": 110000000, "netIncome": 119000000, "netIncomeRatio": 0.1224279835, "eps": 0.0979, "epsdiluted": 0, "weightedAverageShsOut": 0, "weightedAverageShsOutDil": 0, "link": "https://www.sec.gov/Archives/edgar/data/316709/000119312511046932/0001193125-11-046932-index.htm", "finalLink": "https://www.sec.gov/Archives/edgar/data/316709/000119312511046932/d10k.htm"}, {"date": "2010-09-30", "symbol": "SCHW", "reportedCurrency": "USD", "cik": "0000316709", "fillingDate": "2010-11-08", "acceptedDate": "2010-11-08 15:45:36", "calendarYear": "2010", "period": "Q3", "revenue": 1069000000, "costOfRevenue": 0, "grossProfit": 1069000000, "grossProfitRatio": 1, "researchAndDevelopmentExpenses": 0, "generalAndAdministrativeExpenses": 430000000, "sellingAndMarketingExpenses": 34000000, "sellingGeneralAndAdministrativeExpenses": 464000000, "otherExpenses": 605000000, "operatingExpenses": 1069000000, "costAndExpenses": 1069000000, "interestIncome": 442000000, "interestExpense": 55000000, "depreciationAndAmortization": 35000000, "ebitda": 0, "ebitdaratio": 0, "operatingIncome": 0, "operatingIncomeRatio": 0, "totalOtherIncomeExpensesNet": 199000000, "incomeBeforeTax": 199000000, "incomeBeforeTaxRatio": 0.1861552853, "incomeTaxExpense": 75000000, "netIncome": 124000000, "netIncomeRatio": 0.1159962582, "eps": 0.1, "epsdiluted": 0.1, "weightedAverageShsOut": 1192000000, "weightedAverageShsOutDil": 1194000000, "link": "https://www.sec.gov/Archives/edgar/data/316709/000119312510252000/0001193125-10-252000-index.htm", "finalLink": "https://www.sec.gov/Archives/edgar/data/316709/000119312510252000/d10q.htm"}]