[{"date": "2025-06-28", "symbol": "CVCO", "reportedCurrency": "USD", "cik": "0000278166", "fillingDate": "2025-07-31", "acceptedDate": "2025-07-31 16:17:58", "calendarYear": "2026", "period": "Q1", "revenue": 556857000, "costOfRevenue": 427351000, "grossProfit": 129506000, "grossProfitRatio": 0.2325659909, "researchAndDevelopmentExpenses": 0, "generalAndAdministrativeExpenses": 0, "sellingAndMarketingExpenses": 0, "sellingGeneralAndAdministrativeExpenses": 69148000, "otherExpenses": 0, "operatingExpenses": 69148000, "costAndExpenses": 496499000, "interestIncome": 5103000, "interestExpense": 164000, "depreciationAndAmortization": 5169000, "ebitda": 70630000, "ebitdaratio": 0.1268368719, "operatingIncome": 60358000, "operatingIncomeRatio": 0.1083904845, "totalOtherIncomeExpensesNet": 4939000, "incomeBeforeTax": 65297000, "incomeBeforeTaxRatio": 0.1172599069, "incomeTaxExpense": 13655000, "netIncome": 51642000, "netIncomeRatio": 0.0927383511, "eps": 6.4928, "epsdiluted": 6.42, "weightedAverageShsOut": 7953720, "weightedAverageShsOutDil": 8041008, "link": "https://www.sec.gov/Archives/edgar/data/278166/000027816625000120/0000278166-25-000120-index.htm", "finalLink": "https://www.sec.gov/Archives/edgar/data/278166/000027816625000120/cvco-20250628xex991.htm"}, {"date": "2025-03-29", "symbol": "CVCO", "reportedCurrency": "USD", "cik": "0000278166", "fillingDate": "2025-05-23", "acceptedDate": "2025-05-23 16:25:48", "calendarYear": "2025", "period": "Q4", "revenue": 508358000, "costOfRevenue": 392241000, "grossProfit": 116117000, "grossProfitRatio": 0.2284158015, "researchAndDevelopmentExpenses": 0, "generalAndAdministrativeExpenses": 0, "sellingAndMarketingExpenses": 0, "sellingGeneralAndAdministrativeExpenses": 77487000, "otherExpenses": 0, "operatingExpenses": 77487000, "costAndExpenses": 469728000, "interestIncome": 4533000, "interestExpense": 147000, "depreciationAndAmortization": 4955000, "ebitda": 48025000, "ebitdaratio": 0.0944708257, "operatingIncome": 38630000, "operatingIncomeRatio": 0.0759897553, "totalOtherIncomeExpensesNet": 42923000, "incomeBeforeTax": 42923000, "incomeBeforeTaxRatio": 0.0844345914, "incomeTaxExpense": 6593000, "netIncome": 36330000, "netIncomeRatio": 0.0714653846, "eps": 4.53, "epsdiluted": 4.47, "weightedAverageShsOut": 8121653, "weightedAverageShsOutDil": 8120407, "link": "https://www.sec.gov/Archives/edgar/data/278166/000027816625000057/0000278166-25-000057-index.htm", "finalLink": "https://www.sec.gov/Archives/edgar/data/278166/000027816625000057/cvco-20250329.htm"}, {"date": "2024-12-28", "symbol": "CVCO", "reportedCurrency": "USD", "cik": "0000278166", "fillingDate": "2025-01-31", "acceptedDate": "2025-01-31 16:08:19", "calendarYear": "2025", "period": "Q3", "revenue": 522040000, "costOfRevenue": 392090000, "grossProfit": 129950000, "grossProfitRatio": 0.2489272853, "researchAndDevelopmentExpenses": 0, "generalAndAdministrativeExpenses": 0, "sellingAndMarketingExpenses": 0, "sellingGeneralAndAdministrativeExpenses": 65980000, "otherExpenses": 0, "operatingExpenses": 65980000, "costAndExpenses": 458070000, "interestIncome": 5353000, "interestExpense": 155000, "depreciationAndAmortization": 4784000, "ebitda": 74275000, "ebitdaratio": 0.1422783695, "operatingIncome": 63970000, "operatingIncomeRatio": 0.1225385028, "totalOtherIncomeExpensesNet": 5366000, "incomeBeforeTax": 69336000, "incomeBeforeTaxRatio": 0.1328174086, "incomeTaxExpense": 12874000, "netIncome": 56462000, "netIncomeRatio": 0.1081564631, "eps": 6.97, "epsdiluted": 6.9, "weightedAverageShsOut": 8097000, "weightedAverageShsOutDil": 8187000, "link": "https://www.sec.gov/Archives/edgar/data/278166/000027816625000007/0000278166-25-000007-index.htm", "finalLink": "https://www.sec.gov/Archives/edgar/data/278166/000027816625000007/cvco-20241228.htm"}, {"date": "2024-09-28", "symbol": "CVCO", "reportedCurrency": "USD", "cik": "0000278166", "fillingDate": "2024-11-01", "acceptedDate": "2024-11-01 17:27:59", "calendarYear": "2025", "period": "Q2", "revenue": 507461000, "costOfRevenue": 391339000, "grossProfit": 116122000, "grossProfitRatio": 0.2288294076, "researchAndDevelopmentExpenses": 0, "generalAndAdministrativeExpenses": 0, "sellingAndMarketingExpenses": 0, "sellingGeneralAndAdministrativeExpenses": 66997000, "otherExpenses": 0, "operatingExpenses": 66997000, "costAndExpenses": 458336000, "interestIncome": 5692000, "interestExpense": 125000, "depreciationAndAmortization": 4759000, "ebitda": 59834000, "ebitdaratio": 0.1179085683, "operatingIncome": 49125000, "operatingIncomeRatio": 0.0968054688, "totalOtherIncomeExpensesNet": 5825000, "incomeBeforeTax": 54950000, "incomeBeforeTaxRatio": 0.1082841834, "incomeTaxExpense": 11135000, "netIncome": 43815000, "netIncomeRatio": 0.0863416105, "eps": 5.33, "epsdiluted": 5.28, "weightedAverageShsOut": 8226000, "weightedAverageShsOutDil": 8305000, "link": "https://www.sec.gov/Archives/edgar/data/278166/000027816624000152/0000278166-24-000152-index.htm", "finalLink": "https://www.sec.gov/Archives/edgar/data/278166/000027816624000152/cvco-20240928.htm"}, {"date": "2024-06-29", "symbol": "CVCO", "reportedCurrency": "USD", "cik": "0000278166", "fillingDate": "2024-08-02", "acceptedDate": "2024-08-02 16:37:06", "calendarYear": "2025", "period": "Q1", "revenue": 477599000, "costOfRevenue": 374197000, "grossProfit": 103402000, "grossProfitRatio": 0.2165038034, "researchAndDevelopmentExpenses": 0, "generalAndAdministrativeExpenses": 0, "sellingAndMarketingExpenses": 0, "sellingGeneralAndAdministrativeExpenses": 64851000, "otherExpenses": -111000, "operatingExpenses": 64851000, "costAndExpenses": 439048000, "interestIncome": 5511000, "interestExpense": 90000, "depreciationAndAmortization": 4761000, "ebitda": 43222000, "ebitdaratio": 0.0904985144, "operatingIncome": 38551000, "operatingIncomeRatio": 0.0807183432, "totalOtherIncomeExpensesNet": 5310000, "incomeBeforeTax": 43861000, "incomeBeforeTaxRatio": 0.0918364569, "incomeTaxExpense": 9432000, "netIncome": 34429000, "netIncomeRatio": 0.0720876719, "eps": 4.15, "epsdiluted": 4.11, "weightedAverageShsOut": 8286000, "weightedAverageShsOutDil": 8372000, "link": "https://www.sec.gov/Archives/edgar/data/278166/000027816624000122/0000278166-24-000122-index.htm", "finalLink": "https://www.sec.gov/Archives/edgar/data/278166/000027816624000122/cvco-20240629.htm"}, {"date": "2024-03-30", "symbol": "CVCO", "reportedCurrency": "USD", "cik": "0000278166", "fillingDate": "2024-05-24", "acceptedDate": "2024-05-24 16:51:00", "calendarYear": "2024", "period": "Q4", "revenue": 419218000, "costOfRevenue": 321103000, "grossProfit": 98115000, "grossProfitRatio": 0.2340429085, "researchAndDevelopmentExpenses": 0, "generalAndAdministrativeExpenses": 0, "sellingAndMarketingExpenses": 0, "sellingGeneralAndAdministrativeExpenses": 61422000, "otherExpenses": 292000, "operatingExpenses": 61422000, "costAndExpenses": 382525000, "interestIncome": 5334000, "interestExpense": 284000, "depreciationAndAmortization": 4671000, "ebitda": 41980000, "ebitdaratio": 0.1001388299, "operatingIncome": 36693000, "operatingIncomeRatio": 0.0875272531, "totalOtherIncomeExpensesNet": 5342000, "incomeBeforeTax": 42935000, "incomeBeforeTaxRatio": 0.102416881, "incomeTaxExpense": 9001000, "netIncome": 33934000, "netIncomeRatio": 0.0809459517, "eps": 4.07, "epsdiluted": 4.03, "weightedAverageShsOut": 8338595, "weightedAverageShsOutDil": 8428613, "link": "https://www.sec.gov/Archives/edgar/data/278166/000027816624000059/0000278166-24-000059-index.htm", "finalLink": "https://www.sec.gov/Archives/edgar/data/278166/000027816624000059/cvco-20240330.htm"}, {"date": "2023-12-30", "symbol": "CVCO", "reportedCurrency": "USD", "cik": "0000278166", "fillingDate": "2024-02-02", "acceptedDate": "2024-02-02 14:30:54", "calendarYear": "2024", "period": "Q3", "revenue": 446769000, "costOfRevenue": 343718000, "grossProfit": 103051000, "grossProfitRatio": 0.2306583492, "researchAndDevelopmentExpenses": 0, "generalAndAdministrativeExpenses": 0, "sellingAndMarketingExpenses": 0, "sellingGeneralAndAdministrativeExpenses": 63312000, "otherExpenses": -224000, "operatingExpenses": 63312000, "costAndExpenses": 407030000, "interestIncome": 5234000, "interestExpense": 842000, "depreciationAndAmortization": 4600000, "ebitda": 49349000, "ebitdaratio": 0.1104575295, "operatingIncome": 39739000, "operatingIncomeRatio": 0.0889475322, "totalOtherIncomeExpensesNet": 4168000, "incomeBeforeTax": 43907000, "incomeBeforeTaxRatio": 0.0982767381, "incomeTaxExpense": 7920000, "netIncome": 35987000, "netIncomeRatio": 0.0805494562, "eps": 4.31, "epsdiluted": 4.27, "weightedAverageShsOut": 8358389, "weightedAverageShsOutDil": 8432471, "link": "https://www.sec.gov/Archives/edgar/data/278166/000027816624000007/0000278166-24-000007-index.htm", "finalLink": "https://www.sec.gov/Archives/edgar/data/278166/000027816624000007/cvco-20231230.htm"}, {"date": "2023-09-30", "symbol": "CVCO", "reportedCurrency": "USD", "cik": "0000278166", "fillingDate": "2023-11-03", "acceptedDate": "2023-11-03 16:41:43", "calendarYear": "2024", "period": "Q2", "revenue": 452030000, "costOfRevenue": 345073000, "grossProfit": 106957000, "grossProfitRatio": 0.2366148264, "researchAndDevelopmentExpenses": 0, "generalAndAdministrativeExpenses": 0, "sellingAndMarketingExpenses": 0, "sellingGeneralAndAdministrativeExpenses": 61506000, "otherExpenses": 0, "operatingExpenses": 61506000, "costAndExpenses": 406579000, "interestIncome": 5812000, "interestExpense": 257000, "depreciationAndAmortization": 6467000, "ebitda": 49862000, "ebitdaratio": 0.110306838, "operatingIncome": 45451000, "operatingIncomeRatio": 0.1005486362, "totalOtherIncomeExpensesNet": 6210000, "incomeBeforeTax": 51661000, "incomeBeforeTaxRatio": 0.1142866624, "incomeTaxExpense": 10088000, "netIncome": 41539000, "netIncomeRatio": 0.0918943433, "eps": 4.8, "epsdiluted": 4.76, "weightedAverageShsOut": 8656537, "weightedAverageShsOutDil": 8731419, "link": "https://www.sec.gov/Archives/edgar/data/278166/000027816623000083/0000278166-23-000083-index.htm", "finalLink": "https://www.sec.gov/Archives/edgar/data/278166/000027816623000083/cvco-20230930.htm"}, {"date": "2023-07-01", "symbol": "CVCO", "reportedCurrency": "USD", "cik": "0000278166", "fillingDate": "2023-08-04", "acceptedDate": "2023-08-04 16:14:11", "calendarYear": "2024", "period": "Q1", "revenue": 475875000, "costOfRevenue": 357996000, "grossProfit": 117879000, "grossProfitRatio": 0.2477100079, "researchAndDevelopmentExpenses": 0, "generalAndAdministrativeExpenses": 0, "sellingAndMarketingExpenses": 0, "sellingGeneralAndAdministrativeExpenses": 61680000, "otherExpenses": 126000, "operatingExpenses": 61680000, "costAndExpenses": 419676000, "interestIncome": 4618000, "interestExpense": 266000, "depreciationAndAmortization": 4566000, "ebitda": 60499000, "ebitdaratio": 0.127132125, "operatingIncome": 56199000, "operatingIncomeRatio": 0.1180961387, "totalOtherIncomeExpensesNet": 4478000, "incomeBeforeTax": 60677000, "incomeBeforeTaxRatio": 0.1275061728, "incomeTaxExpense": 14266000, "netIncome": 46357000, "netIncomeRatio": 0.0974142369, "eps": 5.35, "epsdiluted": 5.29, "weightedAverageShsOut": 8670434, "weightedAverageShsOutDil": 8758080, "link": "https://www.sec.gov/Archives/edgar/data/278166/000027816623000068/0000278166-23-000068-index.htm", "finalLink": "https://www.sec.gov/Archives/edgar/data/278166/000027816623000068/cvco-20230701.htm"}, {"date": "2023-04-01", "symbol": "CVCO", "reportedCurrency": "USD", "cik": "0000278166", "fillingDate": "2023-05-19", "acceptedDate": "2023-05-19 16:23:51", "calendarYear": "2023", "period": "Q4", "revenue": 476380000, "costOfRevenue": 355739000, "grossProfit": 120641000, "grossProfitRatio": 0.2532453084, "researchAndDevelopmentExpenses": 0, "generalAndAdministrativeExpenses": 0, "sellingAndMarketingExpenses": 0, "sellingGeneralAndAdministrativeExpenses": 66389000, "otherExpenses": 0, "operatingExpenses": 66389000, "costAndExpenses": 422128000, "interestIncome": 3933000, "interestExpense": 300000, "depreciationAndAmortization": 4729000, "ebitda": 61081000, "ebitdaratio": 0.1282190688, "operatingIncome": 54252000, "operatingIncomeRatio": 0.1138838742, "totalOtherIncomeExpensesNet": 4309000, "incomeBeforeTax": 58561000, "incomeBeforeTaxRatio": 0.1229291742, "incomeTaxExpense": 11201000, "netIncome": 47312000, "netIncomeRatio": 0.0993156724, "eps": 5.45, "epsdiluted": 5.39, "weightedAverageShsOut": 8683376, "weightedAverageShsOutDil": 8781079, "link": "https://www.sec.gov/Archives/edgar/data/278166/000027816623000032/0000278166-23-000032-index.htm", "finalLink": "https://www.sec.gov/Archives/edgar/data/278166/000027816623000032/cvco-20230401.htm"}, {"date": "2022-12-31", "symbol": "CVCO", "reportedCurrency": "USD", "cik": "0000278166", "fillingDate": "2023-02-03", "acceptedDate": "2023-02-03 16:06:15", "calendarYear": "2023", "period": "Q3", "revenue": 500603000, "costOfRevenue": 368635000, "grossProfit": 131968000, "grossProfitRatio": 0.2636180766, "researchAndDevelopmentExpenses": 0, "generalAndAdministrativeExpenses": 0, "sellingAndMarketingExpenses": 0, "sellingGeneralAndAdministrativeExpenses": 58904000, "otherExpenses": 0, "operatingExpenses": 58904000, "costAndExpenses": 427539000, "interestIncome": 3581000, "interestExpense": 216000, "depreciationAndAmortization": 3890000, "ebitda": 76738000, "ebitdaratio": 0.1532911309, "operatingIncome": 73064000, "operatingIncomeRatio": 0.1459519819, "totalOtherIncomeExpensesNet": 3017000, "incomeBeforeTax": 76081000, "incomeBeforeTaxRatio": 0.1519787137, "incomeTaxExpense": 16492000, "netIncome": 59524000, "netIncomeRatio": 0.1189046011, "eps": 6.71, "epsdiluted": 6.66, "weightedAverageShsOut": 8870565, "weightedAverageShsOutDil": 8936075, "link": "https://www.sec.gov/Archives/edgar/data/278166/000027816623000009/0000278166-23-000009-index.htm", "finalLink": "https://www.sec.gov/Archives/edgar/data/278166/000027816623000009/cvco-20221231.htm"}, {"date": "2022-10-01", "symbol": "CVCO", "reportedCurrency": "USD", "cik": "0000278166", "fillingDate": "2022-11-04", "acceptedDate": "2022-11-04 16:06:56", "calendarYear": "2023", "period": "Q2", "revenue": 577392000, "costOfRevenue": 419793000, "grossProfit": 157599000, "grossProfitRatio": 0.2729497464, "researchAndDevelopmentExpenses": 0, "generalAndAdministrativeExpenses": 0, "sellingAndMarketingExpenses": 0, "sellingGeneralAndAdministrativeExpenses": 66894000, "otherExpenses": 0, "operatingExpenses": 66894000, "costAndExpenses": 486687000, "interestIncome": 1851000, "interestExpense": 233000, "depreciationAndAmortization": 4338000, "ebitda": 94810000, "ebitdaratio": 0.1642038684, "operatingIncome": 90705000, "operatingIncomeRatio": 0.1570943137, "totalOtherIncomeExpensesNet": 2106000, "incomeBeforeTax": 92811000, "incomeBeforeTaxRatio": 0.1607417491, "incomeTaxExpense": 18613000, "netIncome": 74116000, "netIncomeRatio": 0.1283633996, "eps": 8.32, "epsdiluted": 8.25, "weightedAverageShsOut": 8903703, "weightedAverageShsOutDil": 8978997, "link": "https://www.sec.gov/Archives/edgar/data/278166/000027816622000068/0000278166-22-000068-index.htm", "finalLink": "https://www.sec.gov/Archives/edgar/data/278166/000027816622000068/cvco-20221001.htm"}, {"date": "2022-07-02", "symbol": "CVCO", "reportedCurrency": "USD", "cik": "0000278166", "fillingDate": "2022-08-05", "acceptedDate": "2022-08-05 16:06:17", "calendarYear": "2023", "period": "Q1", "revenue": 588338000, "costOfRevenue": 443614000, "grossProfit": 144724000, "grossProfitRatio": 0.2459878505, "researchAndDevelopmentExpenses": 0, "generalAndAdministrativeExpenses": 0, "sellingAndMarketingExpenses": 0, "sellingGeneralAndAdministrativeExpenses": 66136000, "otherExpenses": 0, "operatingExpenses": 66136000, "costAndExpenses": 509750000, "interestIncome": 1314000, "interestExpense": 161000, "depreciationAndAmortization": 3946000, "ebitda": 82373000, "ebitdaratio": 0.1400096543, "operatingIncome": 78588000, "operatingIncomeRatio": 0.1335762776, "totalOtherIncomeExpensesNet": 722000, "incomeBeforeTax": 79310000, "incomeBeforeTaxRatio": 0.1348034633, "incomeTaxExpense": 19616000, "netIncome": 59602000, "netIncomeRatio": 0.101305712, "eps": 6.68, "epsdiluted": 6.63, "weightedAverageShsOut": 8918280, "weightedAverageShsOutDil": 8988929, "link": "https://www.sec.gov/Archives/edgar/data/278166/000027816622000053/0000278166-22-000053-index.htm", "finalLink": "https://www.sec.gov/Archives/edgar/data/278166/000027816622000053/cvco-20220702.htm"}, {"date": "2022-04-02", "symbol": "CVCO", "reportedCurrency": "USD", "cik": "0000278166", "fillingDate": "2022-05-31", "acceptedDate": "2022-05-31 16:57:45", "calendarYear": "2022", "period": "Q4", "revenue": 505479000, "costOfRevenue": 375879000, "grossProfit": 129600000, "grossProfitRatio": 0.2563904732, "researchAndDevelopmentExpenses": 0, "generalAndAdministrativeExpenses": 0, "sellingAndMarketingExpenses": 0, "sellingGeneralAndAdministrativeExpenses": 59727000, "otherExpenses": 0, "operatingExpenses": 59727000, "costAndExpenses": 435606000, "interestIncome": 0, "interestExpense": 126000, "depreciationAndAmortization": 4267000, "ebitda": 74014000, "ebitdaratio": 0.1464234914, "operatingIncome": 69873000, "operatingIncomeRatio": 0.1382312618, "totalOtherIncomeExpensesNet": -1318000, "incomeBeforeTax": 68555000, "incomeBeforeTaxRatio": 0.135623834, "incomeTaxExpense": 15157000, "netIncome": 53624000, "netIncomeRatio": 0.1060855149, "eps": 5.86, "epsdiluted": 5.8, "weightedAverageShsOut": 9150741, "weightedAverageShsOutDil": 9243121, "link": "https://www.sec.gov/Archives/edgar/data/278166/000027816622000031/0000278166-22-000031-index.htm", "finalLink": "https://www.sec.gov/Archives/edgar/data/278166/000027816622000031/cvco-20220402.htm"}, {"date": "2022-01-01", "symbol": "CVCO", "reportedCurrency": "USD", "cik": "0000278166", "fillingDate": "2022-02-07", "acceptedDate": "2022-02-07 13:48:53", "calendarYear": "2022", "period": "Q3", "revenue": 431714000, "costOfRevenue": 316506000, "grossProfit": 115208000, "grossProfitRatio": 0.2668618576, "researchAndDevelopmentExpenses": 0, "generalAndAdministrativeExpenses": 0, "sellingAndMarketingExpenses": 0, "sellingGeneralAndAdministrativeExpenses": 60322000, "otherExpenses": 0, "operatingExpenses": 60322000, "costAndExpenses": 376828000, "interestIncome": 0, "interestExpense": 209000, "depreciationAndAmortization": 3560000, "ebitda": 58237000, "ebitdaratio": 0.1348971773, "operatingIncome": 54886000, "operatingIncomeRatio": 0.1271350941, "totalOtherIncomeExpensesNet": 4049000, "incomeBeforeTax": 58935000, "incomeBeforeTaxRatio": 0.1365139884, "incomeTaxExpense": -20680000, "netIncome": 79419000, "netIncomeRatio": 0.1839620675, "eps": 8.66, "epsdiluted": 8.57, "weightedAverageShsOut": 9174224, "weightedAverageShsOutDil": 9270438, "link": "https://www.sec.gov/Archives/edgar/data/278166/000027816622000006/0000278166-22-000006-index.htm", "finalLink": "https://www.sec.gov/Archives/edgar/data/278166/000027816622000006/cvco-20220101.htm"}, {"date": "2021-10-02", "symbol": "CVCO", "reportedCurrency": "USD", "cik": "0000278166", "fillingDate": "2021-11-05", "acceptedDate": "2021-11-05 16:15:48", "calendarYear": "2022", "period": "Q2", "revenue": 359543000, "costOfRevenue": 269615000, "grossProfit": 89928000, "grossProfitRatio": 0.2501175103, "researchAndDevelopmentExpenses": 0, "generalAndAdministrativeExpenses": 0, "sellingAndMarketingExpenses": 0, "sellingGeneralAndAdministrativeExpenses": 45372000, "otherExpenses": 0, "operatingExpenses": 45372000, "costAndExpenses": 314987000, "interestIncome": 0, "interestExpense": 203000, "depreciationAndAmortization": 1614000, "ebitda": 45967000, "ebitdaratio": 0.1278484076, "operatingIncome": 44556000, "operatingIncomeRatio": 0.1239239813, "totalOtherIncomeExpensesNet": 4465000, "incomeBeforeTax": 49021000, "incomeBeforeTaxRatio": 0.1363425237, "incomeTaxExpense": 11338000, "netIncome": 37610000, "netIncomeRatio": 0.1046050125, "eps": 4.09, "epsdiluted": 4.06, "weightedAverageShsOut": 9190866, "weightedAverageShsOutDil": 9273136, "link": "https://www.sec.gov/Archives/edgar/data/278166/000027816621000073/0000278166-21-000073-index.htm", "finalLink": "https://www.sec.gov/Archives/edgar/data/278166/000027816621000073/cvco-20211002.htm"}, {"date": "2021-07-03", "symbol": "CVCO", "reportedCurrency": "USD", "cik": "0000278166", "fillingDate": "2021-08-06", "acceptedDate": "2021-08-06 17:21:28", "calendarYear": "2022", "period": "Q1", "revenue": 330422000, "costOfRevenue": 256409000, "grossProfit": 74013000, "grossProfitRatio": 0.2239953756, "researchAndDevelopmentExpenses": 0, "generalAndAdministrativeExpenses": 0, "sellingAndMarketingExpenses": 0, "sellingGeneralAndAdministrativeExpenses": 40832000, "otherExpenses": 0, "operatingExpenses": 40832000, "costAndExpenses": 297241000, "interestIncome": 0, "interestExpense": 164000, "depreciationAndAmortization": 1576000, "ebitda": 34593000, "ebitdaratio": 0.1046933921, "operatingIncome": 33181000, "operatingIncomeRatio": 0.1004200689, "totalOtherIncomeExpensesNet": 2297000, "incomeBeforeTax": 35478000, "incomeBeforeTaxRatio": 0.1073717852, "incomeTaxExpense": 8432000, "netIncome": 27046000, "netIncomeRatio": 0.0818529033, "eps": 2.94, "epsdiluted": 2.92, "weightedAverageShsOut": 9198229, "weightedAverageShsOutDil": 9276529, "link": "https://www.sec.gov/Archives/edgar/data/278166/000027816621000056/0000278166-21-000056-index.htm", "finalLink": "https://www.sec.gov/Archives/edgar/data/278166/000027816621000056/cvco-20210703.htm"}, {"date": "2021-04-03", "symbol": "CVCO", "reportedCurrency": "USD", "cik": "0000278166", "fillingDate": "2021-05-28", "acceptedDate": "2021-05-27 21:35:30", "calendarYear": "2021", "period": "Q4", "revenue": 306502000, "costOfRevenue": 235627000, "grossProfit": 70875000, "grossProfitRatio": 0.2312382953, "researchAndDevelopmentExpenses": 0, "generalAndAdministrativeExpenses": 106090000, "sellingAndMarketingExpenses": -62128000, "sellingGeneralAndAdministrativeExpenses": 43962000, "otherExpenses": 0, "operatingExpenses": 43962000, "costAndExpenses": 279589000, "interestIncome": 0, "interestExpense": 171000, "depreciationAndAmortization": 1589000, "ebitda": 28331000, "ebitdaratio": 0.0924333283, "operatingIncome": 26913000, "operatingIncomeRatio": 0.0878069311, "totalOtherIncomeExpensesNet": 2833000, "incomeBeforeTax": 29746000, "incomeBeforeTaxRatio": 0.0970499377, "incomeTaxExpense": 4524000, "netIncome": 25222000, "netIncomeRatio": 0.0822898382, "eps": 2.74, "epsdiluted": 2.71, "weightedAverageShsOut": 9207842, "weightedAverageShsOutDil": 9315930, "link": "https://www.sec.gov/Archives/edgar/data/278166/000027816621000029/0000278166-21-000029-index.htm", "finalLink": "https://www.sec.gov/Archives/edgar/data/278166/000027816621000029/cvco-20210403.htm"}, {"date": "2020-12-26", "symbol": "CVCO", "reportedCurrency": "USD", "cik": "0000278166", "fillingDate": "2021-01-29", "acceptedDate": "2021-01-29 17:25:29", "calendarYear": "2021", "period": "Q3", "revenue": 288772000, "costOfRevenue": 229534000, "grossProfit": 59238000, "grossProfitRatio": 0.2051376172, "researchAndDevelopmentExpenses": 0, "generalAndAdministrativeExpenses": 35414000, "sellingAndMarketingExpenses": 0, "sellingGeneralAndAdministrativeExpenses": 35414000, "otherExpenses": 0, "operatingExpenses": 35414000, "costAndExpenses": 264948000, "interestIncome": 0, "interestExpense": 177000, "depreciationAndAmortization": 1553000, "ebitda": 25200000, "ebitdaratio": 0.0872660784, "operatingIncome": 23824000, "operatingIncomeRatio": 0.0825010735, "totalOtherIncomeExpensesNet": 2066000, "incomeBeforeTax": 25890000, "incomeBeforeTaxRatio": 0.0896555068, "incomeTaxExpense": 6189000, "netIncome": 19701000, "netIncomeRatio": 0.0682233735, "eps": 2.14, "epsdiluted": 2.12, "weightedAverageShsOut": 9190254, "weightedAverageShsOutDil": 9295553, "link": "https://www.sec.gov/Archives/edgar/data/278166/000027816621000004/0000278166-21-000004-index.htm", "finalLink": "https://www.sec.gov/Archives/edgar/data/278166/000027816621000004/cvco-20201226.htm"}, {"date": "2020-09-26", "symbol": "CVCO", "reportedCurrency": "USD", "cik": "0000278166", "fillingDate": "2020-10-30", "acceptedDate": "2020-10-30 15:47:21", "calendarYear": "2021", "period": "Q2", "revenue": 257976000, "costOfRevenue": 204435000, "grossProfit": 53541000, "grossProfitRatio": 0.2075425621, "researchAndDevelopmentExpenses": 0, "generalAndAdministrativeExpenses": 35453000, "sellingAndMarketingExpenses": 0, "sellingGeneralAndAdministrativeExpenses": 35453000, "otherExpenses": 0, "operatingExpenses": 35453000, "costAndExpenses": 239888000, "interestIncome": 0, "interestExpense": 194000, "depreciationAndAmortization": 1569000, "ebitda": 19463000, "ebitdaratio": 0.0754450026, "operatingIncome": 18088000, "operatingIncomeRatio": 0.0701150495, "totalOtherIncomeExpensesNet": 1508000, "incomeBeforeTax": 19596000, "incomeBeforeTaxRatio": 0.0759605545, "incomeTaxExpense": 4547000, "netIncome": 15049000, "netIncomeRatio": 0.0583348839, "eps": 1.64, "epsdiluted": 1.62, "weightedAverageShsOut": 9182945, "weightedAverageShsOutDil": 9295409, "link": "https://www.sec.gov/Archives/edgar/data/278166/000027816620000071/0000278166-20-000071-index.htm", "finalLink": "https://www.sec.gov/Archives/edgar/data/278166/000027816620000071/cvco-20200926.htm"}, {"date": "2020-06-27", "symbol": "CVCO", "reportedCurrency": "USD", "cik": "0000278166", "fillingDate": "2020-08-03", "acceptedDate": "2020-07-31 20:06:32", "calendarYear": "2021", "period": "Q1", "revenue": 254801000, "costOfRevenue": 199478000, "grossProfit": 55323000, "grossProfitRatio": 0.2171223818, "researchAndDevelopmentExpenses": 0, "generalAndAdministrativeExpenses": 35223000, "sellingAndMarketingExpenses": 100000, "sellingGeneralAndAdministrativeExpenses": 35323000, "otherExpenses": 0, "operatingExpenses": 35323000, "costAndExpenses": 234801000, "interestIncome": 0, "interestExpense": 196000, "depreciationAndAmortization": 1613000, "ebitda": 21417000, "ebitdaratio": 0.0840538302, "operatingIncome": 20000000, "operatingIncomeRatio": 0.0784926276, "totalOtherIncomeExpensesNet": 1680000, "incomeBeforeTax": 21680000, "incomeBeforeTaxRatio": 0.0850860083, "incomeTaxExpense": 5006000, "netIncome": 16674000, "netIncomeRatio": 0.0654393036, "eps": 1.82, "epsdiluted": 1.8, "weightedAverageShsOut": 9174182, "weightedAverageShsOutDil": 9264661, "link": "https://www.sec.gov/Archives/edgar/data/278166/000027816620000061/0000278166-20-000061-index.htm", "finalLink": "https://www.sec.gov/Archives/edgar/data/278166/000027816620000061/cvco-20200627.htm"}, {"date": "2020-03-28", "symbol": "CVCO", "reportedCurrency": "USD", "cik": "0000278166", "fillingDate": "2020-05-27", "acceptedDate": "2020-05-26 19:47:10", "calendarYear": "2020", "period": "Q4", "revenue": 255335000, "costOfRevenue": 203437000, "grossProfit": 51898000, "grossProfitRatio": 0.2032545479, "researchAndDevelopmentExpenses": 0, "generalAndAdministrativeExpenses": 37020000, "sellingAndMarketingExpenses": 400000, "sellingGeneralAndAdministrativeExpenses": 37420000, "otherExpenses": 0, "operatingExpenses": 37420000, "costAndExpenses": 240857000, "interestIncome": 0, "interestExpense": 217000, "depreciationAndAmortization": 1575000, "ebitda": 15836000, "ebitdaratio": 0.0620204829, "operatingIncome": 14478000, "operatingIncomeRatio": 0.0567019798, "totalOtherIncomeExpensesNet": -848000, "incomeBeforeTax": 13630000, "incomeBeforeTaxRatio": 0.0533808526, "incomeTaxExpense": 1629000, "netIncome": 12001000, "netIncomeRatio": 0.0470009987, "eps": 1.31, "epsdiluted": 1.29, "weightedAverageShsOut": 9158287, "weightedAverageShsOutDil": 9297964, "link": "https://www.sec.gov/Archives/edgar/data/278166/000027816620000028/0000278166-20-000028-index.htm", "finalLink": "https://www.sec.gov/Archives/edgar/data/278166/000027816620000028/cvco-2020328x10k.htm"}, {"date": "2019-12-28", "symbol": "CVCO", "reportedCurrency": "USD", "cik": "0000278166", "fillingDate": "2020-01-31", "acceptedDate": "2020-01-31 16:21:17", "calendarYear": "2020", "period": "Q3", "revenue": 273722000, "costOfRevenue": 213867000, "grossProfit": 59855000, "grossProfitRatio": 0.2186707682, "researchAndDevelopmentExpenses": 0, "generalAndAdministrativeExpenses": 35944000, "sellingAndMarketingExpenses": 900000, "sellingGeneralAndAdministrativeExpenses": 36844000, "otherExpenses": 0, "operatingExpenses": 36844000, "costAndExpenses": 250711000, "interestIncome": 0, "interestExpense": 490000, "depreciationAndAmortization": 1560000, "ebitda": 24081000, "ebitdaratio": 0.0879761218, "operatingIncome": 23011000, "operatingIncomeRatio": 0.0840670461, "totalOtherIncomeExpensesNet": 1721000, "incomeBeforeTax": 24732000, "incomeBeforeTaxRatio": 0.0903544472, "incomeTaxExpense": 3834000, "netIncome": 20898000, "netIncomeRatio": 0.0763475351, "eps": 2.29, "epsdiluted": 2.25, "weightedAverageShsOut": 9138202, "weightedAverageShsOutDil": 9293941, "link": "https://www.sec.gov/Archives/edgar/data/278166/000027816620000013/0000278166-20-000013-index.htm", "finalLink": "https://www.sec.gov/Archives/edgar/data/278166/000027816620000013/cvco-20191228x10q.htm"}, {"date": "2019-09-28", "symbol": "CVCO", "reportedCurrency": "USD", "cik": "0000278166", "fillingDate": "2019-10-30", "acceptedDate": "2019-10-29 21:15:10", "calendarYear": "2020", "period": "Q2", "revenue": 268675000, "costOfRevenue": 210208000, "grossProfit": 58467000, "grossProfitRatio": 0.2176123569, "researchAndDevelopmentExpenses": 0, "generalAndAdministrativeExpenses": 35283000, "sellingAndMarketingExpenses": 800000, "sellingGeneralAndAdministrativeExpenses": 36083000, "otherExpenses": 0, "operatingExpenses": 36083000, "costAndExpenses": 246291000, "interestIncome": 0, "interestExpense": 302000, "depreciationAndAmortization": 1408000, "ebitda": 23490000, "ebitdaratio": 0.08742905, "operatingIncome": 22384000, "operatingIncomeRatio": 0.0833125523, "totalOtherIncomeExpensesNet": 4871000, "incomeBeforeTax": 27255000, "incomeBeforeTaxRatio": 0.101442263, "incomeTaxExpense": 6370000, "netIncome": 20885000, "netIncomeRatio": 0.0777333209, "eps": 2.29, "epsdiluted": 2.25, "weightedAverageShsOut": 9119835, "weightedAverageShsOutDil": 9266085, "link": "https://www.sec.gov/Archives/edgar/data/278166/000027816619000105/0000278166-19-000105-index.htm", "finalLink": "https://www.sec.gov/Archives/edgar/data/278166/000027816619000105/cvco-2019928x10q.htm"}, {"date": "2019-06-29", "symbol": "CVCO", "reportedCurrency": "USD", "cik": "0000278166", "fillingDate": "2019-07-30", "acceptedDate": "2019-07-30 16:16:48", "calendarYear": "2020", "period": "Q1", "revenue": 264042000, "costOfRevenue": 203744000, "grossProfit": 60298000, "grossProfitRatio": 0.2283651843, "researchAndDevelopmentExpenses": 0, "generalAndAdministrativeExpenses": 34464000, "sellingAndMarketingExpenses": 800000, "sellingGeneralAndAdministrativeExpenses": 35264000, "otherExpenses": 0, "operatingExpenses": 35264000, "costAndExpenses": 239008000, "interestIncome": 0, "interestExpense": 486000, "depreciationAndAmortization": 1240000, "ebitda": 25788000, "ebitdaratio": 0.0976662804, "operatingIncome": 25034000, "operatingIncomeRatio": 0.0948106741, "totalOtherIncomeExpensesNet": 2328000, "incomeBeforeTax": 27362000, "incomeBeforeTaxRatio": 0.1036274532, "incomeTaxExpense": 6080000, "netIncome": 21282000, "netIncomeRatio": 0.0806008135, "eps": 2.34, "epsdiluted": 2.31, "weightedAverageShsOut": 9102685, "weightedAverageShsOutDil": 9217599, "link": "https://www.sec.gov/Archives/edgar/data/278166/000027816619000099/0000278166-19-000099-index.htm", "finalLink": "https://www.sec.gov/Archives/edgar/data/278166/000027816619000099/cvco-2019629x10q.htm"}, {"date": "2019-03-30", "symbol": "CVCO", "reportedCurrency": "USD", "cik": "0000278166", "fillingDate": "2019-05-29", "acceptedDate": "2019-05-28 17:48:39", "calendarYear": "2019", "period": "Q4", "revenue": 241113000, "costOfRevenue": 185320000, "grossProfit": 55793000, "grossProfitRatio": 0.2313977264, "researchAndDevelopmentExpenses": 0, "generalAndAdministrativeExpenses": 30687000, "sellingAndMarketingExpenses": 800000, "sellingGeneralAndAdministrativeExpenses": 31487000, "otherExpenses": 0, "operatingExpenses": 31487000, "costAndExpenses": 216807000, "interestIncome": 0, "interestExpense": 608000, "depreciationAndAmortization": 1230000, "ebitda": 24928000, "ebitdaratio": 0.1033872085, "operatingIncome": 24306000, "operatingIncomeRatio": 0.1008075052, "totalOtherIncomeExpensesNet": 1770000, "incomeBeforeTax": 26076000, "incomeBeforeTaxRatio": 0.1081484615, "incomeTaxExpense": 6105000, "netIncome": 19971000, "netIncomeRatio": 0.0828283834, "eps": 2.2, "epsdiluted": 2.17, "weightedAverageShsOut": 9098320, "weightedAverageShsOutDil": 9219015, "link": "https://www.sec.gov/Archives/edgar/data/278166/000027816619000053/0000278166-19-000053-index.htm", "finalLink": "https://www.sec.gov/Archives/edgar/data/278166/000027816619000053/cvco-2019330x10k.htm"}, {"date": "2018-12-29", "symbol": "CVCO", "reportedCurrency": "USD", "cik": "0000278166", "fillingDate": "2019-02-05", "acceptedDate": "2019-02-05 16:13:38", "calendarYear": "2019", "period": "Q3", "revenue": 233700000, "costOfRevenue": 184679000, "grossProfit": 49021000, "grossProfitRatio": 0.2097603766, "researchAndDevelopmentExpenses": 0, "generalAndAdministrativeExpenses": 29533000, "sellingAndMarketingExpenses": 1300000, "sellingGeneralAndAdministrativeExpenses": 30833000, "otherExpenses": 0, "operatingExpenses": 30833000, "costAndExpenses": 215512000, "interestIncome": 0, "interestExpense": 923000, "depreciationAndAmortization": 1194000, "ebitda": 19064000, "ebitdaratio": 0.0815746684, "operatingIncome": 18188000, "operatingIncomeRatio": 0.077826273, "totalOtherIncomeExpensesNet": -1241000, "incomeBeforeTax": 16947000, "incomeBeforeTaxRatio": 0.0725160462, "incomeTaxExpense": 3563000, "netIncome": 13384000, "netIncomeRatio": 0.0572700043, "eps": 1.47, "epsdiluted": 1.44, "weightedAverageShsOut": 9097993, "weightedAverageShsOutDil": 9270220, "link": "https://www.sec.gov/Archives/edgar/data/278166/000027816619000011/0000278166-19-000011-index.htm", "finalLink": "https://www.sec.gov/Archives/edgar/data/278166/000027816619000011/cvco-20181229x10q.htm"}, {"date": "2018-09-29", "symbol": "CVCO", "reportedCurrency": "USD", "cik": "0000278166", "fillingDate": "2018-11-08", "acceptedDate": "2018-11-08 17:18:09", "calendarYear": "2019", "period": "Q2", "revenue": 241530000, "costOfRevenue": 192114000, "grossProfit": 49416000, "grossProfitRatio": 0.2045957024, "researchAndDevelopmentExpenses": 0, "generalAndAdministrativeExpenses": 30000000, "sellingAndMarketingExpenses": 35000, "sellingGeneralAndAdministrativeExpenses": 30035000, "otherExpenses": 0, "operatingExpenses": 30035000, "costAndExpenses": 222149000, "interestIncome": 0, "interestExpense": 941000, "depreciationAndAmortization": 1170000, "ebitda": 19610000, "ebitdaratio": 0.0811907424, "operatingIncome": 19381000, "operatingIncomeRatio": 0.08024262, "totalOtherIncomeExpensesNet": 136000, "incomeBeforeTax": 19517000, "incomeBeforeTaxRatio": 0.080805697, "incomeTaxExpense": 3941000, "netIncome": 15576000, "netIncomeRatio": 0.0644888834, "eps": 1.72, "epsdiluted": 1.67, "weightedAverageShsOut": 9079679, "weightedAverageShsOutDil": 9304188, "link": "https://www.sec.gov/Archives/edgar/data/278166/000027816618000063/0000278166-18-000063-index.htm", "finalLink": "https://www.sec.gov/Archives/edgar/data/278166/000027816618000063/cvco-2018929x10q.htm"}, {"date": "2018-06-30", "symbol": "CVCO", "reportedCurrency": "USD", "cik": "0000278166", "fillingDate": "2018-08-08", "acceptedDate": "2018-08-07 18:18:28", "calendarYear": "2019", "period": "Q1", "revenue": 246403000, "costOfRevenue": 194927000, "grossProfit": 51476000, "grossProfitRatio": 0.2089097941, "researchAndDevelopmentExpenses": 0, "generalAndAdministrativeExpenses": 29213000, "sellingAndMarketingExpenses": 0, "sellingGeneralAndAdministrativeExpenses": 29213000, "otherExpenses": 0, "operatingExpenses": 29213000, "costAndExpenses": 224140000, "interestIncome": 0, "interestExpense": 972000, "depreciationAndAmortization": 1104000, "ebitda": 22395000, "ebitdaratio": 0.0908876921, "operatingIncome": 22263000, "operatingIncomeRatio": 0.0903519844, "totalOtherIncomeExpensesNet": 1873000, "incomeBeforeTax": 24136000, "incomeBeforeTaxRatio": 0.0979533528, "incomeTaxExpense": 4445000, "netIncome": 19691000, "netIncomeRatio": 0.0799137998, "eps": 2.18, "epsdiluted": 2.12, "weightedAverageShsOut": 9048579, "weightedAverageShsOutDil": 9267048, "link": "https://www.sec.gov/Archives/edgar/data/278166/000027816618000042/0000278166-18-000042-index.htm", "finalLink": "https://www.sec.gov/Archives/edgar/data/278166/000027816618000042/cvco-2018630x10q.htm"}, {"date": "2018-03-31", "symbol": "CVCO", "reportedCurrency": "USD", "cik": "0000278166", "fillingDate": "2018-05-30", "acceptedDate": "2018-05-30 16:51:01", "calendarYear": "2018", "period": "Q4", "revenue": 242529000, "costOfRevenue": 188225000, "grossProfit": 54304000, "grossProfitRatio": 0.2239072441, "researchAndDevelopmentExpenses": 0, "generalAndAdministrativeExpenses": 28404000, "sellingAndMarketingExpenses": 0, "sellingGeneralAndAdministrativeExpenses": 28404000, "otherExpenses": 0, "operatingExpenses": 28404000, "costAndExpenses": 216629000, "interestIncome": 0, "interestExpense": 1092000, "depreciationAndAmortization": 1051000, "ebitda": 25859000, "ebitdaratio": 0.1066223008, "operatingIncome": 25900000, "operatingIncomeRatio": 0.1067913528, "totalOtherIncomeExpensesNet": 4804000, "incomeBeforeTax": 30704000, "incomeBeforeTaxRatio": 0.1265992933, "incomeTaxExpense": 8564000, "netIncome": 22140000, "netIncomeRatio": 0.0912880522, "eps": 2.45, "epsdiluted": 2.4, "weightedAverageShsOut": 9039815, "weightedAverageShsOutDil": 9240296, "link": "https://www.sec.gov/Archives/edgar/data/278166/000027816618000019/0000278166-18-000019-index.htm", "finalLink": "https://www.sec.gov/Archives/edgar/data/278166/000027816618000019/cvco-2018331x10k.htm"}, {"date": "2017-12-30", "symbol": "CVCO", "reportedCurrency": "USD", "cik": "0000278166", "fillingDate": "2018-02-07", "acceptedDate": "2018-02-07 16:07:22", "calendarYear": "2018", "period": "Q3", "revenue": 221383000, "costOfRevenue": 171527000, "grossProfit": 49856000, "grossProfitRatio": 0.2252024772, "researchAndDevelopmentExpenses": 0, "generalAndAdministrativeExpenses": 26000000, "sellingAndMarketingExpenses": 45000, "sellingGeneralAndAdministrativeExpenses": 26045000, "otherExpenses": 0, "operatingExpenses": 26045000, "costAndExpenses": 197572000, "interestIncome": 0, "interestExpense": 1236000, "depreciationAndAmortization": 1025000, "ebitda": 23600000, "ebitdaratio": 0.1066025847, "operatingIncome": 23811000, "operatingIncomeRatio": 0.107555684, "totalOtherIncomeExpensesNet": -142000, "incomeBeforeTax": 23669000, "incomeBeforeTaxRatio": 0.1069142617, "incomeTaxExpense": 2242000, "netIncome": 21427000, "netIncomeRatio": 0.0967870162, "eps": 2.37, "epsdiluted": 2.33, "weightedAverageShsOut": 9030100, "weightedAverageShsOutDil": 9214898, "link": "https://www.sec.gov/Archives/edgar/data/278166/000027816618000004/0000278166-18-000004-index.htm", "finalLink": "https://www.sec.gov/Archives/edgar/data/278166/000027816618000004/cvco-20171230x10q.htm"}, {"date": "2017-09-30", "symbol": "CVCO", "reportedCurrency": "USD", "cik": "0000278166", "fillingDate": "2017-11-08", "acceptedDate": "2017-11-08 16:08:24", "calendarYear": "2018", "period": "Q2", "revenue": 200507000, "costOfRevenue": 165953000, "grossProfit": 34554000, "grossProfitRatio": 0.1723331355, "researchAndDevelopmentExpenses": 0, "generalAndAdministrativeExpenses": 26153000, "sellingAndMarketingExpenses": 0, "sellingGeneralAndAdministrativeExpenses": 26153000, "otherExpenses": 0, "operatingExpenses": 26153000, "costAndExpenses": 192106000, "interestIncome": 0, "interestExpense": 1021000, "depreciationAndAmortization": 976000, "ebitda": 8356000, "ebitdaratio": 0.0416743555, "operatingIncome": 8401000, "operatingIncomeRatio": 0.0418987866, "totalOtherIncomeExpensesNet": 98000, "incomeBeforeTax": 8499000, "incomeBeforeTaxRatio": 0.0423875476, "incomeTaxExpense": 2317000, "netIncome": 6182000, "netIncomeRatio": 0.0308318413, "eps": 0.69, "epsdiluted": 0.67, "weightedAverageShsOut": 9020834, "weightedAverageShsOutDil": 9181899, "link": "https://www.sec.gov/Archives/edgar/data/278166/000027816617000056/0000278166-17-000056-index.htm", "finalLink": "https://www.sec.gov/Archives/edgar/data/278166/000027816617000056/cvco-2017930x10q.htm"}, {"date": "2017-07-01", "symbol": "CVCO", "reportedCurrency": "USD", "cik": "0000278166", "fillingDate": "2017-08-08", "acceptedDate": "2017-08-08 12:13:47", "calendarYear": "2018", "period": "Q1", "revenue": 206816000, "costOfRevenue": 164850000, "grossProfit": 41966000, "grossProfitRatio": 0.2029146681, "researchAndDevelopmentExpenses": 0, "generalAndAdministrativeExpenses": 26300000, "sellingAndMarketingExpenses": 5000, "sellingGeneralAndAdministrativeExpenses": 26305000, "otherExpenses": 0, "operatingExpenses": 26305000, "costAndExpenses": 191155000, "interestIncome": 0, "interestExpense": 1048000, "depreciationAndAmortization": 974000, "ebitda": 15587000, "ebitdaratio": 0.0753665094, "operatingIncome": 15661000, "operatingIncomeRatio": 0.0757243153, "totalOtherIncomeExpensesNet": -10000, "incomeBeforeTax": 15651000, "incomeBeforeTaxRatio": 0.0756759632, "incomeTaxExpense": 3898000, "netIncome": 11753000, "netIncomeRatio": 0.0568282918, "eps": 1.3, "epsdiluted": 1.28, "weightedAverageShsOut": 9006999, "weightedAverageShsOutDil": 9162491, "link": "https://www.sec.gov/Archives/edgar/data/278166/000027816617000042/0000278166-17-000042-index.htm", "finalLink": "https://www.sec.gov/Archives/edgar/data/278166/000027816617000042/cvco-201771x10q.htm"}, {"date": "2017-04-01", "symbol": "CVCO", "reportedCurrency": "USD", "cik": "0000278166", "fillingDate": "2017-06-13", "acceptedDate": "2017-06-13 16:27:12", "calendarYear": "2017", "period": "Q4", "revenue": 197998000, "costOfRevenue": 155864000, "grossProfit": 42134000, "grossProfitRatio": 0.2128001293, "researchAndDevelopmentExpenses": 0, "generalAndAdministrativeExpenses": 25100000, "sellingAndMarketingExpenses": 12000, "sellingGeneralAndAdministrativeExpenses": 25112000, "otherExpenses": 0, "operatingExpenses": 25112000, "costAndExpenses": 180976000, "interestIncome": 0, "interestExpense": 1059000, "depreciationAndAmortization": 925000, "ebitda": 16888000, "ebitdaratio": 0.0852937908, "operatingIncome": 17022000, "operatingIncomeRatio": 0.0859705654, "totalOtherIncomeExpensesNet": -548000, "incomeBeforeTax": 16474000, "incomeBeforeTaxRatio": 0.0832028606, "incomeTaxExpense": 5586000, "netIncome": 10888000, "netIncomeRatio": 0.0549904544, "eps": 1.21, "epsdiluted": 1.19, "weightedAverageShsOut": 8994233, "weightedAverageShsOutDil": 9122235, "link": "https://www.sec.gov/Archives/edgar/data/278166/000027816617000024/0000278166-17-000024-index.htm", "finalLink": "https://www.sec.gov/Archives/edgar/data/278166/000027816617000024/cvco-201741x10k.htm"}, {"date": "2016-12-31", "symbol": "CVCO", "reportedCurrency": "USD", "cik": "0000278166", "fillingDate": "2017-02-07", "acceptedDate": "2017-02-07 16:10:27", "calendarYear": "2017", "period": "Q3", "revenue": 202310000, "costOfRevenue": 158766000, "grossProfit": 43544000, "grossProfitRatio": 0.2152340468, "researchAndDevelopmentExpenses": 0, "generalAndAdministrativeExpenses": 26003000, "sellingAndMarketingExpenses": 0, "sellingGeneralAndAdministrativeExpenses": 26003000, "otherExpenses": 0, "operatingExpenses": 26003000, "costAndExpenses": 184769000, "interestIncome": 0, "interestExpense": 1091000, "depreciationAndAmortization": 910000, "ebitda": 17360000, "ebitdaratio": 0.0858089071, "operatingIncome": 17541000, "operatingIncomeRatio": 0.0867035737, "totalOtherIncomeExpensesNet": -262000, "incomeBeforeTax": 17279000, "incomeBeforeTaxRatio": 0.0854085315, "incomeTaxExpense": 4996000, "netIncome": 12283000, "netIncomeRatio": 0.0607137561, "eps": 1.37, "epsdiluted": 1.35, "weightedAverageShsOut": 8992456, "weightedAverageShsOutDil": 9102562, "link": "https://www.sec.gov/Archives/edgar/data/278166/000027816617000004/0000278166-17-000004-index.htm", "finalLink": "https://www.sec.gov/Archives/edgar/data/278166/000027816617000004/cvco-20161231x10q.htm"}, {"date": "2016-10-01", "symbol": "CVCO", "reportedCurrency": "USD", "cik": "0000278166", "fillingDate": "2016-11-09", "acceptedDate": "2016-11-09 16:07:50", "calendarYear": "2017", "period": "Q2", "revenue": 188348000, "costOfRevenue": 149241000, "grossProfit": 39107000, "grossProfitRatio": 0.2076316181, "researchAndDevelopmentExpenses": 0, "generalAndAdministrativeExpenses": 25400000, "sellingAndMarketingExpenses": 29000, "sellingGeneralAndAdministrativeExpenses": 25429000, "otherExpenses": 0, "operatingExpenses": 25429000, "costAndExpenses": 174670000, "interestIncome": 0, "interestExpense": 1132000, "depreciationAndAmortization": 906000, "ebitda": 13452000, "ebitdaratio": 0.0714209867, "operatingIncome": 13678000, "operatingIncomeRatio": 0.0726208932, "totalOtherIncomeExpensesNet": -580000, "incomeBeforeTax": 13098000, "incomeBeforeTaxRatio": 0.069541487, "incomeTaxExpense": 3757000, "netIncome": 9341000, "netIncomeRatio": 0.0495943679, "eps": 1.04, "epsdiluted": 1.03, "weightedAverageShsOut": 8980303, "weightedAverageShsOutDil": 9100833, "link": "https://www.sec.gov/Archives/edgar/data/278166/000027816616000138/0000278166-16-000138-index.htm", "finalLink": "https://www.sec.gov/Archives/edgar/data/278166/000027816616000138/cvco-20161001x10q.htm"}, {"date": "2016-07-02", "symbol": "CVCO", "reportedCurrency": "USD", "cik": "0000278166", "fillingDate": "2016-08-10", "acceptedDate": "2016-08-10 16:06:47", "calendarYear": "2017", "period": "Q1", "revenue": 185141000, "costOfRevenue": 151889000, "grossProfit": 33252000, "grossProfitRatio": 0.1796036534, "researchAndDevelopmentExpenses": 0, "generalAndAdministrativeExpenses": 24700000, "sellingAndMarketingExpenses": -13000, "sellingGeneralAndAdministrativeExpenses": 24687000, "otherExpenses": 0, "operatingExpenses": 24687000, "costAndExpenses": 176576000, "interestIncome": 0, "interestExpense": 1161000, "depreciationAndAmortization": 946000, "ebitda": 8350000, "ebitdaratio": 0.045100761, "operatingIncome": 8565000, "operatingIncomeRatio": 0.0462620381, "totalOtherIncomeExpensesNet": -135000, "incomeBeforeTax": 8430000, "incomeBeforeTaxRatio": 0.0455328641, "incomeTaxExpense": 2987000, "netIncome": 5443000, "netIncomeRatio": 0.0293992147, "eps": 0.61, "epsdiluted": 0.6, "weightedAverageShsOut": 8937265, "weightedAverageShsOutDil": 9085042, "link": "https://www.sec.gov/Archives/edgar/data/278166/000027816616000124/0000278166-16-000124-index.htm", "finalLink": "https://www.sec.gov/Archives/edgar/data/278166/000027816616000124/cvco-20160702x10q.htm"}, {"date": "2016-04-02", "symbol": "CVCO", "reportedCurrency": "USD", "cik": "0000278166", "fillingDate": "2016-06-21", "acceptedDate": "2016-06-21 13:59:10", "calendarYear": "2016", "period": "Q4", "revenue": 177293000, "costOfRevenue": 140627000, "grossProfit": 36666000, "grossProfitRatio": 0.2068101956, "researchAndDevelopmentExpenses": 0, "generalAndAdministrativeExpenses": 25100000, "sellingAndMarketingExpenses": 45000, "sellingGeneralAndAdministrativeExpenses": 25145000, "otherExpenses": 0, "operatingExpenses": 25145000, "costAndExpenses": 165772000, "interestIncome": 0, "interestExpense": 1139000, "depreciationAndAmortization": 1005000, "ebitda": 11387000, "ebitdaratio": 0.064227014, "operatingIncome": 11521000, "operatingIncomeRatio": 0.064982825, "totalOtherIncomeExpensesNet": -620000, "incomeBeforeTax": 10901000, "incomeBeforeTaxRatio": 0.0614857891, "incomeTaxExpense": 3913000, "netIncome": 6988000, "netIncomeRatio": 0.0394149797, "eps": 0.78, "epsdiluted": 0.77, "weightedAverageShsOut": 8913460, "weightedAverageShsOutDil": 9066220, "link": "https://www.sec.gov/Archives/edgar/data/278166/000027816616000106/0000278166-16-000106-index.htm", "finalLink": "https://www.sec.gov/Archives/edgar/data/278166/000027816616000106/cvco-201642x10k.htm"}, {"date": "2015-12-26", "symbol": "CVCO", "reportedCurrency": "USD", "cik": "0000278166", "fillingDate": "2016-02-04", "acceptedDate": "2016-02-03 17:43:14", "calendarYear": "2016", "period": "Q3", "revenue": 181427000, "costOfRevenue": 145037000, "grossProfit": 36390000, "grossProfitRatio": 0.2005765404, "researchAndDevelopmentExpenses": 0, "generalAndAdministrativeExpenses": 23700000, "sellingAndMarketingExpenses": 28000, "sellingGeneralAndAdministrativeExpenses": 23728000, "otherExpenses": 0, "operatingExpenses": 23728000, "costAndExpenses": 168765000, "interestIncome": 0, "interestExpense": 1244000, "depreciationAndAmortization": 1039000, "ebitda": 12457000, "ebitdaratio": 0.0686612246, "operatingIncome": 12662000, "operatingIncomeRatio": 0.0697911557, "totalOtherIncomeExpensesNet": -657000, "incomeBeforeTax": 12005000, "incomeBeforeTaxRatio": 0.0661698645, "incomeTaxExpense": 3907000, "netIncome": 8098000, "netIncomeRatio": 0.0446350323, "eps": 0.91, "epsdiluted": 0.89, "weightedAverageShsOut": 8903742, "weightedAverageShsOutDil": 9064900, "link": "https://www.sec.gov/Archives/edgar/data/278166/000027816616000084/0000278166-16-000084-index.htm", "finalLink": "https://www.sec.gov/Archives/edgar/data/278166/000027816616000084/cvco-20151226x10q.htm"}, {"date": "2015-09-26", "symbol": "CVCO", "reportedCurrency": "USD", "cik": "0000278166", "fillingDate": "2015-11-05", "acceptedDate": "2015-11-05 15:31:45", "calendarYear": "2016", "period": "Q2", "revenue": 191964000, "costOfRevenue": 152409000, "grossProfit": 39555000, "grossProfitRatio": 0.2060542602, "researchAndDevelopmentExpenses": 0, "generalAndAdministrativeExpenses": 26600000, "sellingAndMarketingExpenses": -29000, "sellingGeneralAndAdministrativeExpenses": 26571000, "otherExpenses": 0, "operatingExpenses": 26571000, "costAndExpenses": 178980000, "interestIncome": 0, "interestExpense": 965000, "depreciationAndAmortization": 944000, "ebitda": 12963000, "ebitdaratio": 0.0675282866, "operatingIncome": 12984000, "operatingIncomeRatio": 0.0676376821, "totalOtherIncomeExpensesNet": -494000, "incomeBeforeTax": 12490000, "incomeBeforeTaxRatio": 0.0650642829, "incomeTaxExpense": 4420000, "netIncome": 8070000, "netIncomeRatio": 0.0420391323, "eps": 0.91, "epsdiluted": 0.89, "weightedAverageShsOut": 8878075, "weightedAverageShsOutDil": 9032652, "link": "https://www.sec.gov/Archives/edgar/data/278166/000027816615000071/0000278166-15-000071-index.htm", "finalLink": "https://www.sec.gov/Archives/edgar/data/278166/000027816615000071/cvco-20150926x10q.htm"}, {"date": "2015-06-27", "symbol": "CVCO", "reportedCurrency": "USD", "cik": "0000278166", "fillingDate": "2015-08-06", "acceptedDate": "2015-08-06 17:05:39", "calendarYear": "2016", "period": "Q1", "revenue": 161668000, "costOfRevenue": 129834000, "grossProfit": 31834000, "grossProfitRatio": 0.1969097162, "researchAndDevelopmentExpenses": 0, "generalAndAdministrativeExpenses": 22700000, "sellingAndMarketingExpenses": -41000, "sellingGeneralAndAdministrativeExpenses": 22659000, "otherExpenses": 0, "operatingExpenses": 22659000, "costAndExpenses": 152493000, "interestIncome": 0, "interestExpense": 1015000, "depreciationAndAmortization": 934000, "ebitda": 9094000, "ebitdaratio": 0.0562510825, "operatingIncome": 9175000, "operatingIncomeRatio": 0.0567521093, "totalOtherIncomeExpensesNet": -543000, "incomeBeforeTax": 8632000, "incomeBeforeTaxRatio": 0.0533933741, "incomeTaxExpense": 3247000, "netIncome": 5385000, "netIncomeRatio": 0.0333090036, "eps": 0.61, "epsdiluted": 0.6, "weightedAverageShsOut": 8863648, "weightedAverageShsOutDil": 9020261, "link": "https://www.sec.gov/Archives/edgar/data/278166/000027816615000049/0000278166-15-000049-index.htm", "finalLink": "https://www.sec.gov/Archives/edgar/data/278166/000027816615000049/cvco-20150627x10q.htm"}, {"date": "2015-03-28", "symbol": "CVCO", "reportedCurrency": "USD", "cik": "0000278166", "fillingDate": "2015-06-10", "acceptedDate": "2015-06-10 17:30:35", "calendarYear": "2015", "period": "Q4", "revenue": 141248000, "costOfRevenue": 110228000, "grossProfit": 31020000, "grossProfitRatio": 0.219613729, "researchAndDevelopmentExpenses": 0, "generalAndAdministrativeExpenses": 21200000, "sellingAndMarketingExpenses": -16000, "sellingGeneralAndAdministrativeExpenses": 21184000, "otherExpenses": 0, "operatingExpenses": 21184000, "costAndExpenses": 131412000, "interestIncome": 0, "interestExpense": 1155000, "depreciationAndAmortization": 927000, "ebitda": 9608000, "ebitdaratio": 0.0680222021, "operatingIncome": 9836000, "operatingIncomeRatio": 0.0696363842, "totalOtherIncomeExpensesNet": -703000, "incomeBeforeTax": 9133000, "incomeBeforeTaxRatio": 0.0646593226, "incomeTaxExpense": 3180000, "netIncome": 5953000, "netIncomeRatio": 0.0421457295, "eps": 0.67, "epsdiluted": 0.66, "weightedAverageShsOut": 8859042, "weightedAverageShsOutDil": 9020318, "link": "https://www.sec.gov/Archives/edgar/data/278166/000027816615000026/0000278166-15-000026-index.htm", "finalLink": "https://www.sec.gov/Archives/edgar/data/278166/000027816615000026/cvco-2015328x10k.htm"}, {"date": "2014-12-27", "symbol": "CVCO", "reportedCurrency": "USD", "cik": "0000278166", "fillingDate": "2015-02-03", "acceptedDate": "2015-02-03 17:01:21", "calendarYear": "2015", "period": "Q3", "revenue": 146932000, "costOfRevenue": 115131000, "grossProfit": 31801000, "grossProfitRatio": 0.2164334522, "researchAndDevelopmentExpenses": 0, "generalAndAdministrativeExpenses": 22000000, "sellingAndMarketingExpenses": -3000, "sellingGeneralAndAdministrativeExpenses": 21997000, "otherExpenses": 0, "operatingExpenses": 21997000, "costAndExpenses": 137128000, "interestIncome": 0, "interestExpense": 1095000, "depreciationAndAmortization": 909000, "ebitda": 9618000, "ebitdaratio": 0.0654588517, "operatingIncome": 9804000, "operatingIncomeRatio": 0.0667247434, "totalOtherIncomeExpensesNet": 748000, "incomeBeforeTax": 10552000, "incomeBeforeTaxRatio": 0.0718155337, "incomeTaxExpense": 3914000, "netIncome": 6638000, "netIncomeRatio": 0.045177361, "eps": 0.75, "epsdiluted": 0.74, "weightedAverageShsOut": 8857449, "weightedAverageShsOutDil": 9016585, "link": "https://www.sec.gov/Archives/edgar/data/278166/000027816615000006/0000278166-15-000006-index.htm", "finalLink": "https://www.sec.gov/Archives/edgar/data/278166/000027816615000006/cvco-20141227x10q.htm"}, {"date": "2014-09-27", "symbol": "CVCO", "reportedCurrency": "USD", "cik": "0000278166", "fillingDate": "2014-11-05", "acceptedDate": "2014-11-05 17:21:14", "calendarYear": "2015", "period": "Q2", "revenue": 139315000, "costOfRevenue": 107718000, "grossProfit": 31597000, "grossProfitRatio": 0.2268025697, "researchAndDevelopmentExpenses": 0, "generalAndAdministrativeExpenses": 22300000, "sellingAndMarketingExpenses": -30000, "sellingGeneralAndAdministrativeExpenses": 22270000, "otherExpenses": 0, "operatingExpenses": 22270000, "costAndExpenses": 129988000, "interestIncome": 0, "interestExpense": 1161000, "depreciationAndAmortization": 937000, "ebitda": 9103000, "ebitdaratio": 0.0653411334, "operatingIncome": 9327000, "operatingIncomeRatio": 0.0669490005, "totalOtherIncomeExpensesNet": -627000, "incomeBeforeTax": 8700000, "incomeBeforeTaxRatio": 0.0624484083, "incomeTaxExpense": 3233000, "netIncome": 5467000, "netIncomeRatio": 0.0392420055, "eps": 0.62, "epsdiluted": 0.61, "weightedAverageShsOut": 8852860, "weightedAverageShsOutDil": 9014523, "link": "https://www.sec.gov/Archives/edgar/data/278166/000027816614000050/0000278166-14-000050-index.htm", "finalLink": "https://www.sec.gov/Archives/edgar/data/278166/000027816614000050/cvco-2014927x10q.htm"}, {"date": "2014-06-28", "symbol": "CVCO", "reportedCurrency": "USD", "cik": "0000278166", "fillingDate": "2014-08-06", "acceptedDate": "2014-08-06 17:26:58", "calendarYear": "2015", "period": "Q1", "revenue": 139164000, "costOfRevenue": 107446000, "grossProfit": 31718000, "grossProfitRatio": 0.2279181397, "researchAndDevelopmentExpenses": 0, "generalAndAdministrativeExpenses": 22200000, "sellingAndMarketingExpenses": 8000, "sellingGeneralAndAdministrativeExpenses": 22208000, "otherExpenses": 0, "operatingExpenses": 22208000, "costAndExpenses": 129654000, "interestIncome": 0, "interestExpense": 1176000, "depreciationAndAmortization": 984000, "ebitda": 9318000, "ebitdaratio": 0.0669569716, "operatingIncome": 9510000, "operatingIncomeRatio": 0.0683366388, "totalOtherIncomeExpensesNet": -568000, "incomeBeforeTax": 8942000, "incomeBeforeTaxRatio": 0.0642551235, "incomeTaxExpense": 3183000, "netIncome": 5759000, "netIncomeRatio": 0.0413828289, "eps": 0.65, "epsdiluted": 0.64, "weightedAverageShsOut": 8848157, "weightedAverageShsOutDil": 9012296, "link": "https://www.sec.gov/Archives/edgar/data/278166/000027816614000036/0000278166-14-000036-index.htm", "finalLink": "https://www.sec.gov/Archives/edgar/data/278166/000027816614000036/cvco-2014628x10q.htm"}, {"date": "2014-03-29", "symbol": "CVCO", "reportedCurrency": "USD", "cik": "0000278166", "fillingDate": "2014-06-11", "acceptedDate": "2014-06-11 17:24:26", "calendarYear": "2014", "period": "Q4", "revenue": 131209000, "costOfRevenue": 102577000, "grossProfit": 28632000, "grossProfitRatio": 0.2182167382, "researchAndDevelopmentExpenses": 0, "generalAndAdministrativeExpenses": 21400000, "sellingAndMarketingExpenses": -43000, "sellingGeneralAndAdministrativeExpenses": 21357000, "otherExpenses": 0, "operatingExpenses": 21357000, "costAndExpenses": 123934000, "interestIncome": 0, "interestExpense": 1174000, "depreciationAndAmortization": 1036000, "ebitda": 7137000, "ebitdaratio": 0.0543941345, "operatingIncome": 7275000, "operatingIncomeRatio": 0.0554458917, "totalOtherIncomeExpensesNet": -742000, "incomeBeforeTax": 6533000, "incomeBeforeTaxRatio": 0.0497907918, "incomeTaxExpense": 2323000, "netIncome": 4210000, "netIncomeRatio": 0.0320862136, "eps": 0.48, "epsdiluted": 0.47, "weightedAverageShsOut": 8841943, "weightedAverageShsOutDil": 9019603, "link": "https://www.sec.gov/Archives/edgar/data/278166/000027816614000019/0000278166-14-000019-index.htm", "finalLink": "https://www.sec.gov/Archives/edgar/data/278166/000027816614000019/cvco-2014329x10k.htm"}, {"date": "2013-12-28", "symbol": "CVCO", "reportedCurrency": "USD", "cik": "0000278166", "fillingDate": "2014-02-06", "acceptedDate": "2014-02-05 19:59:33", "calendarYear": "2014", "period": "Q3", "revenue": 138317000, "costOfRevenue": 106748000, "grossProfit": 31569000, "grossProfitRatio": 0.228236587, "researchAndDevelopmentExpenses": 0, "generalAndAdministrativeExpenses": 22000000, "sellingAndMarketingExpenses": 19000, "sellingGeneralAndAdministrativeExpenses": 22019000, "otherExpenses": 173000, "operatingExpenses": 22019000, "costAndExpenses": 128767000, "interestIncome": 0, "interestExpense": 1219000, "depreciationAndAmortization": 986000, "ebitda": 9723000, "ebitdaratio": 0.0702950469, "operatingIncome": 9550000, "operatingIncomeRatio": 0.0690442968, "totalOtherIncomeExpensesNet": -1046000, "incomeBeforeTax": 8504000, "incomeBeforeTaxRatio": 0.0614819581, "incomeTaxExpense": 2612000, "netIncome": 5892000, "netIncomeRatio": 0.0425978007, "eps": 0.67, "epsdiluted": 0.66, "weightedAverageShsOut": 8838832, "weightedAverageShsOutDil": 8991672, "link": "https://www.sec.gov/Archives/edgar/data/278166/000027816614000005/0000278166-14-000005-index.htm", "finalLink": "https://www.sec.gov/Archives/edgar/data/278166/000027816614000005/cvco-20131228x10q.htm"}, {"date": "2013-09-28", "symbol": "CVCO", "reportedCurrency": "USD", "cik": "0000278166", "fillingDate": "2013-11-06", "acceptedDate": "2013-11-06 17:20:12", "calendarYear": "2014", "period": "Q2", "revenue": 129826000, "costOfRevenue": 99942000, "grossProfit": 29884000, "grossProfitRatio": 0.2301850169, "researchAndDevelopmentExpenses": 0, "generalAndAdministrativeExpenses": 22100000, "sellingAndMarketingExpenses": -18000, "sellingGeneralAndAdministrativeExpenses": 22082000, "otherExpenses": 125000, "operatingExpenses": 22082000, "costAndExpenses": 122024000, "interestIncome": 0, "interestExpense": 1198000, "depreciationAndAmortization": 1017000, "ebitda": 7621000, "ebitdaratio": 0.0587016468, "operatingIncome": 7802000, "operatingIncomeRatio": 0.0600958206, "totalOtherIncomeExpensesNet": -1073000, "incomeBeforeTax": 6729000, "incomeBeforeTaxRatio": 0.0518309121, "incomeTaxExpense": 1986000, "netIncome": 4310000, "netIncomeRatio": 0.0331982808, "eps": 0.51, "epsdiluted": 0.5, "weightedAverageShsOut": 8422353, "weightedAverageShsOutDil": 8547026, "link": "https://www.sec.gov/Archives/edgar/data/278166/000027816613000014/0000278166-13-000014-index.htm", "finalLink": "https://www.sec.gov/Archives/edgar/data/278166/000027816613000014/cvco-2013928x10q.htm"}, {"date": "2013-06-29", "symbol": "CVCO", "reportedCurrency": "USD", "cik": "0000278166", "fillingDate": "2013-08-06", "acceptedDate": "2013-08-06 16:56:03", "calendarYear": "2014", "period": "Q1", "revenue": 133987000, "costOfRevenue": 104589000, "grossProfit": 29398000, "grossProfitRatio": 0.2194093457, "researchAndDevelopmentExpenses": 0, "generalAndAdministrativeExpenses": 22500000, "sellingAndMarketingExpenses": -20000, "sellingGeneralAndAdministrativeExpenses": 22480000, "otherExpenses": 0, "operatingExpenses": 22480000, "costAndExpenses": 127069000, "interestIncome": 0, "interestExpense": 1254000, "depreciationAndAmortization": 961000, "ebitda": 7293000, "ebitdaratio": 0.0544306537, "operatingIncome": 6918000, "operatingIncomeRatio": 0.0516318747, "totalOtherIncomeExpensesNet": -879000, "incomeBeforeTax": 6039000, "incomeBeforeTaxRatio": 0.0450715368, "incomeTaxExpense": 2178000, "netIncome": 1826000, "netIncomeRatio": 0.0136281878, "eps": 0.26, "epsdiluted": 0.26, "weightedAverageShsOut": 6968173, "weightedAverageShsOutDil": 7049234, "link": "https://www.sec.gov/Archives/edgar/data/278166/000144530513001926/0001445305-13-001926-index.htm", "finalLink": "https://www.sec.gov/Archives/edgar/data/278166/000144530513001926/cvco-2013629x10q.htm"}, {"date": "2013-03-30", "symbol": "CVCO", "reportedCurrency": "USD", "cik": "0000278166", "fillingDate": "2013-06-11", "acceptedDate": "2013-06-11 17:09:55", "calendarYear": "2013", "period": "Q4", "revenue": 108832000, "costOfRevenue": 84814000, "grossProfit": 24018000, "grossProfitRatio": 0.220688768, "researchAndDevelopmentExpenses": 0, "generalAndAdministrativeExpenses": 18900000, "sellingAndMarketingExpenses": 13000, "sellingGeneralAndAdministrativeExpenses": 18913000, "otherExpenses": 0, "operatingExpenses": 18913000, "costAndExpenses": 103727000, "interestIncome": 0, "interestExpense": 1317000, "depreciationAndAmortization": 966000, "ebitda": 5485000, "ebitdaratio": 0.0503987798, "operatingIncome": 5105000, "operatingIncomeRatio": 0.0469071597, "totalOtherIncomeExpensesNet": -937000, "incomeBeforeTax": 4168000, "incomeBeforeTaxRatio": 0.0382975595, "incomeTaxExpense": 1191000, "netIncome": 1392000, "netIncomeRatio": 0.0127903558, "eps": 0.2, "epsdiluted": 0.2, "weightedAverageShsOut": 6967954, "weightedAverageShsOutDil": 7040916, "link": "https://www.sec.gov/Archives/edgar/data/278166/000144530513001462/0001445305-13-001462-index.htm", "finalLink": "https://www.sec.gov/Archives/edgar/data/278166/000144530513001462/cvco-2013330x10k.htm"}, {"date": "2012-12-29", "symbol": "CVCO", "reportedCurrency": "USD", "cik": "0000278166", "fillingDate": "2013-02-06", "acceptedDate": "2013-02-06 17:23:30", "calendarYear": "2013", "period": "Q3", "revenue": 114603000, "costOfRevenue": 88028000, "grossProfit": 26575000, "grossProfitRatio": 0.2318874724, "researchAndDevelopmentExpenses": 0, "generalAndAdministrativeExpenses": 20300000, "sellingAndMarketingExpenses": 7000, "sellingGeneralAndAdministrativeExpenses": 20307000, "otherExpenses": 0, "operatingExpenses": 20307000, "costAndExpenses": 108335000, "interestIncome": 0, "interestExpense": 1403000, "depreciationAndAmortization": 986000, "ebitda": 6684000, "ebitdaratio": 0.0583230805, "operatingIncome": 6268000, "operatingIncomeRatio": 0.0546931581, "totalOtherIncomeExpensesNet": -987000, "incomeBeforeTax": 5281000, "incomeBeforeTaxRatio": 0.0460808181, "incomeTaxExpense": 2260000, "netIncome": 1457000, "netIncomeRatio": 0.0127134543, "eps": 0.21, "epsdiluted": 0.21, "weightedAverageShsOut": 6967954, "weightedAverageShsOutDil": 7037333, "link": "https://www.sec.gov/Archives/edgar/data/278166/000119312513041410/0001193125-13-041410-index.htm", "finalLink": "https://www.sec.gov/Archives/edgar/data/278166/000119312513041410/d450062d10q.htm"}, {"date": "2012-09-30", "symbol": "CVCO", "reportedCurrency": "USD", "cik": "0000278166", "fillingDate": "2012-11-07", "acceptedDate": "2012-11-07 17:03:25", "calendarYear": "2013", "period": "Q2", "revenue": 110084000, "costOfRevenue": 84377000, "grossProfit": 25707000, "grossProfitRatio": 0.2335216744, "researchAndDevelopmentExpenses": 0, "generalAndAdministrativeExpenses": 20118000, "sellingAndMarketingExpenses": 0, "sellingGeneralAndAdministrativeExpenses": 20118000, "otherExpenses": 0, "operatingExpenses": 20118000, "costAndExpenses": 104495000, "interestIncome": 0, "interestExpense": 1570000, "depreciationAndAmortization": 967000, "ebitda": 6944000, "ebitdaratio": 0.0630791032, "operatingIncome": 5589000, "operatingIncomeRatio": 0.0507703208, "totalOtherIncomeExpensesNet": -1182000, "incomeBeforeTax": 4407000, "incomeBeforeTaxRatio": 0.0400330657, "incomeTaxExpense": 1726000, "netIncome": 1254000, "netIncomeRatio": 0.0113913012, "eps": 0.18, "epsdiluted": 0.18, "weightedAverageShsOut": 6967954, "weightedAverageShsOutDil": 7041755, "link": "https://www.sec.gov/Archives/edgar/data/278166/000119312512457692/0001193125-12-457692-index.htm", "finalLink": "https://www.sec.gov/Archives/edgar/data/278166/000119312512457692/d407817d10q.htm"}, {"date": "2012-06-30", "symbol": "CVCO", "reportedCurrency": "USD", "cik": "0000278166", "fillingDate": "2012-08-09", "acceptedDate": "2012-08-09 16:35:40", "calendarYear": "2013", "period": "Q1", "revenue": 118781000, "costOfRevenue": 94726000, "grossProfit": 24055000, "grossProfitRatio": 0.2025155538, "researchAndDevelopmentExpenses": 0, "generalAndAdministrativeExpenses": 19975000, "sellingAndMarketingExpenses": 0, "sellingGeneralAndAdministrativeExpenses": 19975000, "otherExpenses": 0, "operatingExpenses": 19975000, "costAndExpenses": 114701000, "interestIncome": 0, "interestExpense": 1683000, "depreciationAndAmortization": 1091000, "ebitda": 4080000, "ebitdaratio": 0.0343489279, "operatingIncome": 4080000, "operatingIncomeRatio": 0.0343489279, "totalOtherIncomeExpensesNet": -1288000, "incomeBeforeTax": 2792000, "incomeBeforeTaxRatio": 0.0235054428, "incomeTaxExpense": 1174000, "netIncome": 860000, "netIncomeRatio": 0.0072402152, "eps": 0.12, "epsdiluted": 0.12, "weightedAverageShsOut": 6923676, "weightedAverageShsOutDil": 6995771, "link": "https://www.sec.gov/Archives/edgar/data/278166/000119312512347706/0001193125-12-347706-index.htm", "finalLink": "https://www.sec.gov/Archives/edgar/data/278166/000119312512347706/d393536d10q.htm"}, {"date": "2012-03-31", "symbol": "CVCO", "reportedCurrency": "USD", "cik": "0000278166", "fillingDate": "2012-06-12", "acceptedDate": "2012-06-11 17:32:09", "calendarYear": "2012", "period": "Q4", "revenue": 99513000, "costOfRevenue": 74878000, "grossProfit": 24635000, "grossProfitRatio": 0.2475555958, "researchAndDevelopmentExpenses": 0, "generalAndAdministrativeExpenses": 20687000, "sellingAndMarketingExpenses": 0, "sellingGeneralAndAdministrativeExpenses": 20687000, "otherExpenses": 0, "operatingExpenses": 20687000, "costAndExpenses": 95565000, "interestIncome": 0, "interestExpense": 1845000, "depreciationAndAmortization": 1323000, "ebitda": 5554000, "ebitdaratio": 0.0558118035, "operatingIncome": 3948000, "operatingIncomeRatio": 0.0396732085, "totalOtherIncomeExpensesNet": -1562000, "incomeBeforeTax": 2386000, "incomeBeforeTaxRatio": 0.0239767669, "incomeTaxExpense": -502000, "netIncome": 1653000, "netIncomeRatio": 0.0166108951, "eps": 0.24, "epsdiluted": 0.24, "weightedAverageShsOut": 6890514, "weightedAverageShsOutDil": 6923676, "link": "https://www.sec.gov/Archives/edgar/data/278166/000119312512266959/0001193125-12-266959-index.htm", "finalLink": "https://www.sec.gov/Archives/edgar/data/278166/000119312512266959/d359236d10k.htm"}, {"date": "2011-12-31", "symbol": "CVCO", "reportedCurrency": "USD", "cik": "0000278166", "fillingDate": "2012-02-08", "acceptedDate": "2012-02-07 20:42:01", "calendarYear": "2012", "period": "Q3", "revenue": 114564000, "costOfRevenue": 87642000, "grossProfit": 26922000, "grossProfitRatio": 0.2349952865, "researchAndDevelopmentExpenses": 0, "generalAndAdministrativeExpenses": 20535000, "sellingAndMarketingExpenses": 0, "sellingGeneralAndAdministrativeExpenses": 20535000, "otherExpenses": 0, "operatingExpenses": 20535000, "costAndExpenses": 108177000, "interestIncome": 0, "interestExpense": 2043000, "depreciationAndAmortization": 1482000, "ebitda": 8309000, "ebitdaratio": 0.0725271464, "operatingIncome": 6387000, "operatingIncomeRatio": 0.0557504975, "totalOtherIncomeExpensesNet": -1603000, "incomeBeforeTax": 4784000, "incomeBeforeTaxRatio": 0.0417583185, "incomeTaxExpense": 1804000, "netIncome": 1677000, "netIncomeRatio": 0.0146381062, "eps": 0.24, "epsdiluted": 0.24, "weightedAverageShsOut": 6890517, "weightedAverageShsOutDil": 6951958, "link": "https://www.sec.gov/Archives/edgar/data/278166/000119312512044428/0001193125-12-044428-index.htm", "finalLink": "https://www.sec.gov/Archives/edgar/data/278166/000119312512044428/d291218d10q.htm"}, {"date": "2011-09-30", "symbol": "CVCO", "reportedCurrency": "USD", "cik": "0000278166", "fillingDate": "2011-11-09", "acceptedDate": "2011-11-08 21:41:14", "calendarYear": "2012", "period": "Q2", "revenue": 130008000, "costOfRevenue": 101780000, "grossProfit": 28228000, "grossProfitRatio": 0.2171251, "researchAndDevelopmentExpenses": 0, "generalAndAdministrativeExpenses": 21588000, "sellingAndMarketingExpenses": 0, "sellingGeneralAndAdministrativeExpenses": 21588000, "otherExpenses": 0, "operatingExpenses": 21588000, "costAndExpenses": 123368000, "interestIncome": 0, "interestExpense": 1916000, "depreciationAndAmortization": 1884000, "ebitda": 8779000, "ebitdaratio": 0.0675266137, "operatingIncome": 6640000, "operatingIncomeRatio": 0.0510737801, "totalOtherIncomeExpensesNet": -1661000, "incomeBeforeTax": 4979000, "incomeBeforeTaxRatio": 0.0382976432, "incomeTaxExpense": 1807000, "netIncome": 1685000, "netIncomeRatio": 0.0129607409, "eps": 0.24, "epsdiluted": 0.24, "weightedAverageShsOut": 6890122, "weightedAverageShsOutDil": 6937807, "link": "https://www.sec.gov/Archives/edgar/data/278166/000095012311096679/0000950123-11-096679-index.htm", "finalLink": "https://www.sec.gov/Archives/edgar/data/278166/000095012311096679/c24093e10vq.htm"}, {"date": "2011-06-30", "symbol": "CVCO", "reportedCurrency": "USD", "cik": "0000278166", "fillingDate": "2011-08-09", "acceptedDate": "2011-08-09 17:16:54", "calendarYear": "2012", "period": "Q1", "revenue": 98981000, "costOfRevenue": 82821000, "grossProfit": 16160000, "grossProfitRatio": 0.1632636567, "researchAndDevelopmentExpenses": 0, "generalAndAdministrativeExpenses": 16990000, "sellingAndMarketingExpenses": 0, "sellingGeneralAndAdministrativeExpenses": 16990000, "otherExpenses": 0, "operatingExpenses": 16990000, "costAndExpenses": 99811000, "interestIncome": 0, "interestExpense": 1461000, "depreciationAndAmortization": 867000, "ebitda": 22406000, "ebitdaratio": 0.2263666764, "operatingIncome": -830000, "operatingIncomeRatio": -0.0083854477, "totalOtherIncomeExpensesNet": 20908000, "incomeBeforeTax": 16849000, "incomeBeforeTaxRatio": 0.1702245886, "incomeTaxExpense": -610000, "netIncome": 10222000, "netIncomeRatio": 0.1032723452, "eps": 1.49, "epsdiluted": 1.48, "weightedAverageShsOut": 6838324, "weightedAverageShsOutDil": 6894380, "link": "https://www.sec.gov/Archives/edgar/data/278166/000095012311075187/0000950123-11-075187-index.htm", "finalLink": "https://www.sec.gov/Archives/edgar/data/278166/000095012311075187/c21097e10vq.htm"}, {"date": "2011-03-31", "symbol": "CVCO", "reportedCurrency": "USD", "cik": "0000278166", "fillingDate": "2011-06-03", "acceptedDate": "2011-06-03 17:27:44", "calendarYear": "2011", "period": "Q4", "revenue": 38822000, "costOfRevenue": 33507000, "grossProfit": 5315000, "grossProfitRatio": 0.1369069085, "researchAndDevelopmentExpenses": 0, "generalAndAdministrativeExpenses": 5345000, "sellingAndMarketingExpenses": 0, "sellingGeneralAndAdministrativeExpenses": 5345000, "otherExpenses": 0, "operatingExpenses": 5345000, "costAndExpenses": 38852000, "interestIncome": 1071000, "interestExpense": 0, "depreciationAndAmortization": 333000, "ebitda": 303000, "ebitdaratio": 0.0078048529, "operatingIncome": -30000, "operatingIncomeRatio": -0.0007727577, "totalOtherIncomeExpensesNet": 1071000, "incomeBeforeTax": 1041000, "incomeBeforeTaxRatio": 0.0268146927, "incomeTaxExpense": -692000, "netIncome": 1609000, "netIncomeRatio": 0.0414455721, "eps": 0.24, "epsdiluted": 0.24, "weightedAverageShsOut": 6812884, "weightedAverageShsOutDil": 6838324, "link": "https://www.sec.gov/Archives/edgar/data/278166/000095012311056537/0000950123-11-056537-index.htm", "finalLink": "https://www.sec.gov/Archives/edgar/data/278166/000095012311056537/c18375e10vk.htm"}, {"date": "2010-12-31", "symbol": "CVCO", "reportedCurrency": "USD", "cik": "0000278166", "fillingDate": "2011-02-09", "acceptedDate": "2011-02-09 14:07:59", "calendarYear": "2011", "period": "Q3", "revenue": 39612000, "costOfRevenue": 34269000, "grossProfit": 5343000, "grossProfitRatio": 0.1348833687, "researchAndDevelopmentExpenses": 0, "generalAndAdministrativeExpenses": 5275000, "sellingAndMarketingExpenses": 0, "sellingGeneralAndAdministrativeExpenses": 5275000, "otherExpenses": 0, "operatingExpenses": 5275000, "costAndExpenses": 39544000, "interestIncome": 511000, "interestExpense": 0, "depreciationAndAmortization": 345000, "ebitda": 68000, "ebitdaratio": 0.0017166515, "operatingIncome": 68000, "operatingIncomeRatio": 0.0017166515, "totalOtherIncomeExpensesNet": 511000, "incomeBeforeTax": 579000, "incomeBeforeTaxRatio": 0.0146167828, "incomeTaxExpense": 289000, "netIncome": 24000, "netIncomeRatio": 0.000605877, "eps": 0.0036, "epsdiluted": 0.0035, "weightedAverageShsOut": 6651928, "weightedAverageShsOutDil": 6841802, "link": "https://www.sec.gov/Archives/edgar/data/278166/000095012311010900/0000950123-11-010900-index.htm", "finalLink": "https://www.sec.gov/Archives/edgar/data/278166/000095012311010900/c11941e10vq.htm"}, {"date": "2010-09-30", "symbol": "CVCO", "reportedCurrency": "USD", "cik": "0000278166", "fillingDate": "2010-11-05", "acceptedDate": "2010-11-05 16:16:06", "calendarYear": "2011", "period": "Q2", "revenue": 45888000, "costOfRevenue": 38709000, "grossProfit": 7179000, "grossProfitRatio": 0.1564461297, "researchAndDevelopmentExpenses": 0, "generalAndAdministrativeExpenses": 5489000, "sellingAndMarketingExpenses": 0, "sellingGeneralAndAdministrativeExpenses": 5489000, "otherExpenses": 0, "operatingExpenses": 5489000, "costAndExpenses": 44198000, "interestIncome": 266000, "interestExpense": 0, "depreciationAndAmortization": 341000, "ebitda": 1690000, "ebitdaratio": 0.0368288006, "operatingIncome": 1690000, "operatingIncomeRatio": 0.0368288006, "totalOtherIncomeExpensesNet": 266000, "incomeBeforeTax": 1956000, "incomeBeforeTaxRatio": 0.042625523, "incomeTaxExpense": 757000, "netIncome": 680000, "netIncomeRatio": 0.014818689, "eps": 0.1, "epsdiluted": 0.1, "weightedAverageShsOut": 6541951, "weightedAverageShsOutDil": 6747116, "link": "https://www.sec.gov/Archives/edgar/data/278166/000095012310101703/0000950123-10-101703-index.htm", "finalLink": "https://www.sec.gov/Archives/edgar/data/278166/000095012310101703/c07938e10vq.htm"}]