[{"date": "2025-06-30", "symbol": "TROW", "reportedCurrency": "USD", "cik": "0001113169", "fillingDate": "2025-08-01", "acceptedDate": "2025-08-01 07:05:28", "calendarYear": "2025", "period": "Q2", "revenue": 1723300000, "costOfRevenue": 895000000, "grossProfit": 828300000, "grossProfitRatio": 0.4806475947, "researchAndDevelopmentExpenses": 0, "generalAndAdministrativeExpenses": 288900000, "sellingAndMarketingExpenses": 29900000, "sellingGeneralAndAdministrativeExpenses": 318800000, "otherExpenses": 31200000, "operatingExpenses": 350000000, "costAndExpenses": 1245000000, "interestIncome": 0, "interestExpense": 0, "depreciationAndAmortization": 185700000, "ebitda": 695200000, "ebitdaratio": 0.4034120583, "operatingIncome": 478300000, "operatingIncomeRatio": 0.2775488888, "totalOtherIncomeExpensesNet": 235500000, "incomeBeforeTax": 713800000, "incomeBeforeTaxRatio": 0.4142053038, "incomeTaxExpense": 157700000, "netIncome": 505200000, "netIncomeRatio": 0.293158475, "eps": 2.24, "epsdiluted": 2.32, "weightedAverageShsOut": 220200000, "weightedAverageShsOutDil": 220400000, "link": "https://www.sec.gov/Archives/edgar/data/1113169/000111316925000021/0001113169-25-000021-index.htm", "finalLink": "https://www.sec.gov/Archives/edgar/data/1113169/000111316925000021/earningsreleaseq22025.htm"}, {"date": "2025-03-31", "symbol": "TROW", "reportedCurrency": "USD", "cik": "0001113169", "fillingDate": "2025-05-02", "acceptedDate": "2025-05-02 11:44:44", "calendarYear": "2025", "period": "Q1", "revenue": 1763900000, "costOfRevenue": 841900000, "grossProfit": 922000000, "grossProfitRatio": 0.5227053688, "researchAndDevelopmentExpenses": 0, "generalAndAdministrativeExpenses": 270900000, "sellingAndMarketingExpenses": 26100000, "sellingGeneralAndAdministrativeExpenses": 297000000, "otherExpenses": 28700000, "operatingExpenses": 325700000, "costAndExpenses": 1167600000, "interestIncome": 0, "interestExpense": 0, "depreciationAndAmortization": 63600000, "ebitda": 688600000, "ebitdaratio": 0.3903849425, "operatingIncome": 596300000, "operatingIncomeRatio": 0.338057713, "totalOtherIncomeExpensesNet": 70700000, "incomeBeforeTax": 667000000, "incomeBeforeTaxRatio": 0.3781393503, "incomeTaxExpense": 161900000, "netIncome": 490500000, "netIncomeRatio": 0.2780769885, "eps": 2.15, "epsdiluted": 2.15, "weightedAverageShsOut": 222300000, "weightedAverageShsOutDil": 222600000, "link": "https://www.sec.gov/Archives/edgar/data/1113169/000111316925000015/0001113169-25-000015-index.htm", "finalLink": "https://www.sec.gov/Archives/edgar/data/1113169/000111316925000015/trow-20250331.htm"}, {"date": "2024-12-31", "symbol": "TROW", "reportedCurrency": "USD", "cik": "0001113169", "fillingDate": "2025-02-14", "acceptedDate": "2025-02-14 14:01:03", "calendarYear": "2024", "period": "Q4", "revenue": 1824500000, "costOfRevenue": 876900000, "grossProfit": 947600000, "grossProfitRatio": 0.5193751713, "researchAndDevelopmentExpenses": 0, "generalAndAdministrativeExpenses": 297600000, "sellingAndMarketingExpenses": 50200000, "sellingGeneralAndAdministrativeExpenses": 347800000, "otherExpenses": 31400000, "operatingExpenses": 379200000, "costAndExpenses": 1256100000, "interestIncome": 0, "interestExpense": 0, "depreciationAndAmortization": 315800000, "ebitda": 915600000, "ebitdaratio": 0.5018361195, "operatingIncome": 568400000, "operatingIncomeRatio": 0.3115374075, "totalOtherIncomeExpensesNet": 4600000, "incomeBeforeTax": 573000000, "incomeBeforeTaxRatio": 0.3140586462, "incomeTaxExpense": 156300000, "netIncome": 439900000, "netIncomeRatio": 0.2411071526, "eps": 1.93, "epsdiluted": 1.92, "weightedAverageShsOut": 222400000, "weightedAverageShsOutDil": 222800000, "link": "https://www.sec.gov/Archives/edgar/data/1113169/000111316925000007/0001113169-25-000007-index.htm", "finalLink": "https://www.sec.gov/Archives/edgar/data/1113169/000111316925000007/trow-20241231.htm"}, {"date": "2024-09-30", "symbol": "TROW", "reportedCurrency": "USD", "cik": "0001113169", "fillingDate": "2024-11-01", "acceptedDate": "2024-11-01 12:03:56", "calendarYear": "2024", "period": "Q3", "revenue": 1785600000, "costOfRevenue": 844900000, "grossProfit": 940700000, "grossProfitRatio": 0.5268257168, "researchAndDevelopmentExpenses": 0, "generalAndAdministrativeExpenses": 268200000, "sellingAndMarketingExpenses": 20800000, "sellingGeneralAndAdministrativeExpenses": 289000000, "otherExpenses": 38100000, "operatingExpenses": 327100000, "costAndExpenses": 1172000000, "interestIncome": 0, "interestExpense": 0, "depreciationAndAmortization": -62000000, "ebitda": 651700000, "ebitdaratio": 0.3649753584, "operatingIncome": 613600000, "operatingIncomeRatio": 0.3436379928, "totalOtherIncomeExpensesNet": 212500000, "incomeBeforeTax": 826100000, "incomeBeforeTaxRatio": 0.4626456093, "incomeTaxExpense": 185700000, "netIncome": 603000000, "netIncomeRatio": 0.3377016129, "eps": 2.64, "epsdiluted": 2.64, "weightedAverageShsOut": 222300000, "weightedAverageShsOutDil": 222800000, "link": "https://www.sec.gov/Archives/edgar/data/1113169/000111316924000030/0001113169-24-000030-index.htm", "finalLink": "https://www.sec.gov/Archives/edgar/data/1113169/000111316924000030/trow-20240930.htm"}, {"date": "2024-06-30", "symbol": "TROW", "reportedCurrency": "USD", "cik": "0001113169", "fillingDate": "2024-07-26", "acceptedDate": "2024-07-26 11:40:55", "calendarYear": "2024", "period": "Q2", "revenue": 1733300000, "costOfRevenue": 821800000, "grossProfit": 911500000, "grossProfitRatio": 0.5258754976, "researchAndDevelopmentExpenses": 0, "generalAndAdministrativeExpenses": 269600000, "sellingAndMarketingExpenses": 33300000, "sellingGeneralAndAdministrativeExpenses": 302900000, "otherExpenses": 43900000, "operatingExpenses": 346800000, "costAndExpenses": 1168600000, "interestIncome": 0, "interestExpense": 0, "depreciationAndAmortization": 187800000, "ebitda": 796400000, "ebitdaratio": 0.4594703744, "operatingIncome": 564700000, "operatingIncomeRatio": 0.3257947268, "totalOtherIncomeExpensesNet": 80300000, "incomeBeforeTax": 645000000, "incomeBeforeTaxRatio": 0.3721225408, "incomeTaxExpense": 159700000, "netIncome": 483400000, "netIncomeRatio": 0.2788899787, "eps": 2.11, "epsdiluted": 2.11, "weightedAverageShsOut": 223000000, "weightedAverageShsOutDil": 223500000, "link": "https://www.sec.gov/Archives/edgar/data/1113169/000111316924000019/0001113169-24-000019-index.htm", "finalLink": "https://www.sec.gov/Archives/edgar/data/1113169/000111316924000019/trow-20240630.htm"}, {"date": "2024-03-31", "symbol": "TROW", "reportedCurrency": "USD", "cik": "0001113169", "fillingDate": "2024-04-26", "acceptedDate": "2024-04-26 11:20:57", "calendarYear": "2024", "period": "Q1", "revenue": 1750200000, "costOfRevenue": 865900000, "grossProfit": 884300000, "grossProfitRatio": 0.5052565421, "researchAndDevelopmentExpenses": 0, "generalAndAdministrativeExpenses": 242500000, "sellingAndMarketingExpenses": 25300000, "sellingGeneralAndAdministrativeExpenses": 267800000, "otherExpenses": 29900000, "operatingExpenses": 297700000, "costAndExpenses": 1163600000, "interestIncome": 0, "interestExpense": 0, "depreciationAndAmortization": 62600000, "ebitda": 679100000, "ebitdaratio": 0.3880127985, "operatingIncome": 586600000, "operatingIncomeRatio": 0.3351616958, "totalOtherIncomeExpensesNet": 188900000, "incomeBeforeTax": 775500000, "incomeBeforeTaxRatio": 0.443092218, "incomeTaxExpense": 182100000, "netIncome": 573800000, "netIncomeRatio": 0.3278482459, "eps": 2.5, "epsdiluted": 2.49, "weightedAverageShsOut": 223600000, "weightedAverageShsOutDil": 224200000, "link": "https://www.sec.gov/Archives/edgar/data/1113169/000111316924000013/0001113169-24-000013-index.htm", "finalLink": "https://www.sec.gov/Archives/edgar/data/1113169/000111316924000013/trow-20240331.htm"}, {"date": "2023-12-31", "symbol": "TROW", "reportedCurrency": "USD", "cik": "0001113169", "fillingDate": "2024-02-16", "acceptedDate": "2024-02-16 15:42:47", "calendarYear": "2023", "period": "Q4", "revenue": 1642000000, "costOfRevenue": 879200000, "grossProfit": 762800000, "grossProfitRatio": 0.4645554202, "researchAndDevelopmentExpenses": 0, "generalAndAdministrativeExpenses": 299700000, "sellingAndMarketingExpenses": 44400000, "sellingGeneralAndAdministrativeExpenses": 344100000, "otherExpenses": 31500000, "operatingExpenses": 375600000, "costAndExpenses": 1254800000, "interestIncome": 0, "interestExpense": 0, "depreciationAndAmortization": 300000000, "ebitda": 718700000, "ebitdaratio": 0.4376979294, "operatingIncome": 387200000, "operatingIncomeRatio": 0.2358099878, "totalOtherIncomeExpensesNet": 259700000, "incomeBeforeTax": 646900000, "incomeBeforeTaxRatio": 0.3939707674, "incomeTaxExpense": 173300000, "netIncome": 437600000, "netIncomeRatio": 0.2665042631, "eps": 1.91, "epsdiluted": 1.9, "weightedAverageShsOut": 223500000, "weightedAverageShsOutDil": 224000000, "link": "https://www.sec.gov/Archives/edgar/data/1113169/000111316924000007/0001113169-24-000007-index.htm", "finalLink": "https://www.sec.gov/Archives/edgar/data/1113169/000111316924000007/trow-20231231.htm"}, {"date": "2023-09-30", "symbol": "TROW", "reportedCurrency": "USD", "cik": "0001113169", "fillingDate": "2023-10-27", "acceptedDate": "2023-10-27 12:43:02", "calendarYear": "2023", "period": "Q3", "revenue": 1670700000, "costOfRevenue": 784400000, "grossProfit": 886300000, "grossProfitRatio": 0.5304961992, "researchAndDevelopmentExpenses": 0, "generalAndAdministrativeExpenses": 245400000, "sellingAndMarketingExpenses": 21100000, "sellingGeneralAndAdministrativeExpenses": 266500000, "otherExpenses": 38500000, "operatingExpenses": 305000000, "costAndExpenses": 1089400000, "interestIncome": 0, "interestExpense": 0, "depreciationAndAmortization": -34200000, "ebitda": 619800000, "ebitdaratio": 0.370982223, "operatingIncome": 581300000, "operatingIncomeRatio": 0.3479379901, "totalOtherIncomeExpensesNet": 2800000, "incomeBeforeTax": 584100000, "incomeBeforeTaxRatio": 0.3496139343, "incomeTaxExpense": 144900000, "netIncome": 453200000, "netIncomeRatio": 0.2712635422, "eps": 1.98, "epsdiluted": 1.97, "weightedAverageShsOut": 224100000, "weightedAverageShsOutDil": 224800000, "link": "https://www.sec.gov/Archives/edgar/data/1113169/000111316923000044/0001113169-23-000044-index.htm", "finalLink": "https://www.sec.gov/Archives/edgar/data/1113169/000111316923000044/trow-20230930.htm"}, {"date": "2023-06-30", "symbol": "TROW", "reportedCurrency": "USD", "cik": "0001113169", "fillingDate": "2023-07-28", "acceptedDate": "2023-07-28 13:10:39", "calendarYear": "2023", "period": "Q2", "revenue": 1610200000, "costOfRevenue": 793700000, "grossProfit": 816500000, "grossProfitRatio": 0.5070798659, "researchAndDevelopmentExpenses": 0, "generalAndAdministrativeExpenses": 254700000, "sellingAndMarketingExpenses": 22900000, "sellingGeneralAndAdministrativeExpenses": 277600000, "otherExpenses": 5400000, "operatingExpenses": 283000000, "costAndExpenses": 1076700000, "interestIncome": 0, "interestExpense": 0, "depreciationAndAmortization": 157000000, "ebitda": 695900000, "ebitdaratio": 0.4321823376, "operatingIncome": 533500000, "operatingIncomeRatio": 0.3313253012, "totalOtherIncomeExpensesNet": 106200000, "incomeBeforeTax": 639700000, "incomeBeforeTaxRatio": 0.397279841, "incomeTaxExpense": 158500000, "netIncome": 476400000, "netIncomeRatio": 0.2958638678, "eps": 2.07, "epsdiluted": 2.06, "weightedAverageShsOut": 224400000, "weightedAverageShsOutDil": 225200000, "link": "https://www.sec.gov/Archives/edgar/data/1113169/000111316923000024/0001113169-23-000024-index.htm", "finalLink": "https://www.sec.gov/Archives/edgar/data/1113169/000111316923000024/trow-20230630.htm"}, {"date": "2023-03-31", "symbol": "TROW", "reportedCurrency": "USD", "cik": "0001113169", "fillingDate": "2023-05-02", "acceptedDate": "2023-05-02 14:48:58", "calendarYear": "2023", "period": "Q1", "revenue": 1537600000, "costOfRevenue": 797100000, "grossProfit": 740500000, "grossProfitRatio": 0.481594693, "researchAndDevelopmentExpenses": 0, "generalAndAdministrativeExpenses": 254100000, "sellingAndMarketingExpenses": 25800000, "sellingGeneralAndAdministrativeExpenses": 279900000, "otherExpenses": -23600000, "operatingExpenses": 256300000, "costAndExpenses": 1053400000, "interestIncome": 0, "interestExpense": 0, "depreciationAndAmortization": 58800000, "ebitda": 519400000, "ebitdaratio": 0.3377991675, "operatingIncome": 484200000, "operatingIncomeRatio": 0.3149063476, "totalOtherIncomeExpensesNet": 135400000, "incomeBeforeTax": 619600000, "incomeBeforeTaxRatio": 0.4029656608, "incomeTaxExpense": 177900000, "netIncome": 421500000, "netIncomeRatio": 0.274128512, "eps": 1.83, "epsdiluted": 1.83, "weightedAverageShsOut": 224400000, "weightedAverageShsOutDil": 225200000, "link": "https://www.sec.gov/Archives/edgar/data/1113169/000111316923000014/0001113169-23-000014-index.htm", "finalLink": "https://www.sec.gov/Archives/edgar/data/1113169/000111316923000014/trow-20230331.htm"}, {"date": "2022-12-31", "symbol": "TROW", "reportedCurrency": "USD", "cik": "0001113169", "fillingDate": "2023-02-15", "acceptedDate": "2023-02-15 13:25:14", "calendarYear": "2022", "period": "Q4", "revenue": 1524200000, "costOfRevenue": 825500000, "grossProfit": 698700000, "grossProfitRatio": 0.4584044089, "researchAndDevelopmentExpenses": 0, "generalAndAdministrativeExpenses": 295100000, "sellingAndMarketingExpenses": 28200000, "sellingGeneralAndAdministrativeExpenses": 323300000, "otherExpenses": 122300000, "operatingExpenses": 445600000, "costAndExpenses": 1271100000, "interestIncome": 0, "interestExpense": 0, "depreciationAndAmortization": 479800000, "ebitda": 855200000, "ebitdaratio": 0.5610812229, "operatingIncome": 253100000, "operatingIncomeRatio": 0.1660543236, "totalOtherIncomeExpensesNet": 135700000, "incomeBeforeTax": 388800000, "incomeBeforeTaxRatio": 0.2550846346, "incomeTaxExpense": 99200000, "netIncome": 266000000, "netIncomeRatio": 0.1745177798, "eps": 1.16, "epsdiluted": 1.16, "weightedAverageShsOut": 223700000, "weightedAverageShsOutDil": 224600000, "link": "https://www.sec.gov/Archives/edgar/data/1113169/000111316923000007/0001113169-23-000007-index.htm", "finalLink": "https://www.sec.gov/Archives/edgar/data/1113169/000111316923000007/trow-20221231.htm"}, {"date": "2022-09-30", "symbol": "TROW", "reportedCurrency": "USD", "cik": "0001113169", "fillingDate": "2022-10-27", "acceptedDate": "2022-10-27 13:04:52", "calendarYear": "2022", "period": "Q3", "revenue": 1588200000, "costOfRevenue": 733600000, "grossProfit": 854600000, "grossProfitRatio": 0.5380934391, "researchAndDevelopmentExpenses": 0, "generalAndAdministrativeExpenses": 258400000, "sellingAndMarketingExpenses": 24300000, "sellingGeneralAndAdministrativeExpenses": 282800000, "otherExpenses": 0, "operatingExpenses": 280000000, "costAndExpenses": 1013600000, "interestIncome": 0, "interestExpense": 0, "depreciationAndAmortization": 56800000, "ebitda": 628600000, "ebitdaratio": 0.3957939806, "operatingIncome": 574600000, "operatingIncomeRatio": 0.361793225, "totalOtherIncomeExpensesNet": -82800000, "incomeBeforeTax": 491800000, "incomeBeforeTaxRatio": 0.3096587332, "incomeTaxExpense": 134000000, "netIncome": 384400000, "netIncomeRatio": 0.2420350082, "eps": 1.67, "epsdiluted": 1.66, "weightedAverageShsOut": 225300000, "weightedAverageShsOutDil": 226300000, "link": "https://www.sec.gov/Archives/edgar/data/1113169/000111316922000025/0001113169-22-000025-index.htm", "finalLink": "https://www.sec.gov/Archives/edgar/data/1113169/000111316922000025/trow-20220930.htm"}, {"date": "2022-06-30", "symbol": "TROW", "reportedCurrency": "USD", "cik": "0001113169", "fillingDate": "2022-07-28", "acceptedDate": "2022-07-28 15:17:03", "calendarYear": "2022", "period": "Q2", "revenue": 1513000000, "costOfRevenue": 615400000, "grossProfit": 897600000, "grossProfitRatio": 0.593258427, "researchAndDevelopmentExpenses": 0, "generalAndAdministrativeExpenses": 230700000, "sellingAndMarketingExpenses": 21400000, "sellingGeneralAndAdministrativeExpenses": 252100000, "otherExpenses": -23100000, "operatingExpenses": 229000000, "costAndExpenses": 844400000, "interestIncome": 0, "interestExpense": 0, "depreciationAndAmortization": 54700000, "ebitda": 700200000, "ebitdaratio": 0.4627891606, "operatingIncome": 668600000, "operatingIncomeRatio": 0.441903503, "totalOtherIncomeExpensesNet": -279900000, "incomeBeforeTax": 388700000, "incomeBeforeTaxRatio": 0.2569068077, "incomeTaxExpense": 100900000, "netIncome": 339600000, "netIncomeRatio": 0.2244547257, "eps": 1.47, "epsdiluted": 1.46, "weightedAverageShsOut": 226700000, "weightedAverageShsOutDil": 227900000, "link": "https://www.sec.gov/Archives/edgar/data/1113169/000111316922000017/0001113169-22-000017-index.htm", "finalLink": "https://www.sec.gov/Archives/edgar/data/1113169/000111316922000017/trow-20220630.htm"}, {"date": "2022-03-31", "symbol": "TROW", "reportedCurrency": "USD", "cik": "0001113169", "fillingDate": "2022-04-28", "acceptedDate": "2022-04-28 14:55:28", "calendarYear": "2022", "period": "Q1", "revenue": 1863000000, "costOfRevenue": 747900000, "grossProfit": 1115100000, "grossProfitRatio": 0.5985507246, "researchAndDevelopmentExpenses": 0, "generalAndAdministrativeExpenses": 232000000, "sellingAndMarketingExpenses": 23400000, "sellingGeneralAndAdministrativeExpenses": 256100000, "otherExpenses": -18400000, "operatingExpenses": 237700000, "costAndExpenses": 985600000, "interestIncome": 0, "interestExpense": 0, "depreciationAndAmortization": 54500000, "ebitda": 913500000, "ebitdaratio": 0.4903381643, "operatingIncome": 877400000, "operatingIncomeRatio": 0.4709608159, "totalOtherIncomeExpensesNet": -198500000, "incomeBeforeTax": 678900000, "incomeBeforeTaxRatio": 0.3644122383, "incomeTaxExpense": 164500000, "netIncome": 567900000, "netIncomeRatio": 0.3048309179, "eps": 2.43, "epsdiluted": 2.41, "weightedAverageShsOut": 228200000, "weightedAverageShsOutDil": 229800000, "link": "https://www.sec.gov/Archives/edgar/data/1113169/000111316922000011/0001113169-22-000011-index.htm", "finalLink": "https://www.sec.gov/Archives/edgar/data/1113169/000111316922000011/trow-20220331.htm"}, {"date": "2021-12-31", "symbol": "TROW", "reportedCurrency": "USD", "cik": "0001113169", "fillingDate": "2022-02-24", "acceptedDate": "2022-02-24 16:51:18", "calendarYear": "2021", "period": "Q4", "revenue": 1961700000, "costOfRevenue": 812400000, "grossProfit": 1149300000, "grossProfitRatio": 0.585869399, "researchAndDevelopmentExpenses": 0, "generalAndAdministrativeExpenses": 248000000, "sellingAndMarketingExpenses": 38800000, "sellingGeneralAndAdministrativeExpenses": 286800000, "otherExpenses": 0, "operatingExpenses": 286800000, "costAndExpenses": 1099200000, "interestIncome": 0, "interestExpense": 0, "depreciationAndAmortization": 53700000, "ebitda": 916200000, "ebitdaratio": 0.4670438905, "operatingIncome": 862500000, "operatingIncomeRatio": 0.4396696743, "totalOtherIncomeExpensesNet": 50100000, "incomeBeforeTax": 912600000, "incomeBeforeTaxRatio": 0.4652087475, "incomeTaxExpense": 179000000, "netIncome": 740600000, "netIncomeRatio": 0.3775296936, "eps": 3.21, "epsdiluted": 3.18, "weightedAverageShsOut": 224900000, "weightedAverageShsOutDil": 226900000, "link": "https://www.sec.gov/Archives/edgar/data/1113169/000111316922000005/0001113169-22-000005-index.htm", "finalLink": "https://www.sec.gov/Archives/edgar/data/1113169/000111316922000005/trow-20211231.htm"}, {"date": "2021-09-30", "symbol": "TROW", "reportedCurrency": "USD", "cik": "0001113169", "fillingDate": "2021-10-28", "acceptedDate": "2021-10-28 14:39:45", "calendarYear": "2021", "period": "Q3", "revenue": 1954100000, "costOfRevenue": 730900000, "grossProfit": 1223200000, "grossProfitRatio": 0.6259659178, "researchAndDevelopmentExpenses": 0, "generalAndAdministrativeExpenses": 204900000, "sellingAndMarketingExpenses": 22100000, "sellingGeneralAndAdministrativeExpenses": 227000000, "otherExpenses": 0, "operatingExpenses": 227000000, "costAndExpenses": 957900000, "interestIncome": 0, "interestExpense": 0, "depreciationAndAmortization": 51700000, "ebitda": 1047900000, "ebitdaratio": 0.5362571005, "operatingIncome": 996200000, "operatingIncomeRatio": 0.5097999079, "totalOtherIncomeExpensesNet": -11500000, "incomeBeforeTax": 984700000, "incomeBeforeTaxRatio": 0.5039148457, "incomeTaxExpense": 227300000, "netIncome": 777200000, "netIncomeRatio": 0.3977278543, "eps": 3.34, "epsdiluted": 3.31, "weightedAverageShsOut": 226900000, "weightedAverageShsOutDil": 229100000, "link": "https://www.sec.gov/Archives/edgar/data/1113169/000111316921000033/0001113169-21-000033-index.htm", "finalLink": "https://www.sec.gov/Archives/edgar/data/1113169/000111316921000033/trow-20210930.htm"}, {"date": "2021-06-30", "symbol": "TROW", "reportedCurrency": "USD", "cik": "0001113169", "fillingDate": "2021-07-29", "acceptedDate": "2021-07-29 14:40:44", "calendarYear": "2021", "period": "Q2", "revenue": 1929300000, "costOfRevenue": 739800000, "grossProfit": 1189500000, "grossProfitRatio": 0.6165448608, "researchAndDevelopmentExpenses": 0, "generalAndAdministrativeExpenses": 211000000, "sellingAndMarketingExpenses": 20400000, "sellingGeneralAndAdministrativeExpenses": 231400000, "otherExpenses": 0, "operatingExpenses": 231400000, "costAndExpenses": 971200000, "interestIncome": 0, "interestExpense": 0, "depreciationAndAmortization": 50400000, "ebitda": 1008500000, "ebitdaratio": 0.5227284507, "operatingIncome": 958100000, "operatingIncomeRatio": 0.4966049863, "totalOtherIncomeExpensesNet": 143900000, "incomeBeforeTax": 1102000000, "incomeBeforeTaxRatio": 0.5711916239, "incomeTaxExpense": 259300000, "netIncome": 815700000, "netIncomeRatio": 0.4227958327, "eps": 3.5, "epsdiluted": 3.46, "weightedAverageShsOut": 226900000, "weightedAverageShsOutDil": 229200000, "link": "https://www.sec.gov/Archives/edgar/data/1113169/000111316921000028/0001113169-21-000028-index.htm", "finalLink": "https://www.sec.gov/Archives/edgar/data/1113169/000111316921000028/trow-20210630.htm"}, {"date": "2021-03-31", "symbol": "TROW", "reportedCurrency": "USD", "cik": "0001113169", "fillingDate": "2021-04-29", "acceptedDate": "2021-04-29 11:14:50", "calendarYear": "2021", "period": "Q1", "revenue": 1826800000, "costOfRevenue": 710100000, "grossProfit": 1116700000, "grossProfitRatio": 0.6112874973, "researchAndDevelopmentExpenses": 0, "generalAndAdministrativeExpenses": 204600000, "sellingAndMarketingExpenses": 18900000, "sellingGeneralAndAdministrativeExpenses": 223500000, "otherExpenses": 0, "operatingExpenses": 223500000, "costAndExpenses": 933600000, "interestIncome": 0, "interestExpense": 0, "depreciationAndAmortization": 49000000, "ebitda": 942200000, "ebitdaratio": 0.5157652726, "operatingIncome": 893200000, "operatingIncomeRatio": 0.488942413, "totalOtherIncomeExpensesNet": 102100000, "incomeBeforeTax": 995300000, "incomeBeforeTaxRatio": 0.544832494, "incomeTaxExpense": 230500000, "netIncome": 749400000, "netIncomeRatio": 0.410225531, "eps": 3.2, "epsdiluted": 3.17, "weightedAverageShsOut": 227700000, "weightedAverageShsOutDil": 230000000, "link": "https://www.sec.gov/Archives/edgar/data/1113169/000111316921000009/0001113169-21-000009-index.htm", "finalLink": "https://www.sec.gov/Archives/edgar/data/1113169/000111316921000009/trow-20210331.htm"}, {"date": "2020-12-31", "symbol": "TROW", "reportedCurrency": "USD", "cik": "0001113169", "fillingDate": "2021-02-11", "acceptedDate": "2021-02-11 13:56:00", "calendarYear": "2020", "period": "Q4", "revenue": 1732900000, "costOfRevenue": 755200000, "grossProfit": 977700000, "grossProfitRatio": 0.564198742, "researchAndDevelopmentExpenses": 0, "generalAndAdministrativeExpenses": 190600000, "sellingAndMarketingExpenses": 31200000, "sellingGeneralAndAdministrativeExpenses": 221800000, "otherExpenses": 0, "operatingExpenses": 221800000, "costAndExpenses": 977000000, "interestIncome": 0, "interestExpense": 0, "depreciationAndAmortization": 45600000, "ebitda": 801500000, "ebitdaratio": 0.462519476, "operatingIncome": 755900000, "operatingIncomeRatio": 0.4362052051, "totalOtherIncomeExpensesNet": 390100000, "incomeBeforeTax": 1146000000, "incomeBeforeTaxRatio": 0.6613191759, "incomeTaxExpense": 216400000, "netIncome": 783400000, "netIncomeRatio": 0.4520745571, "eps": 3.36, "epsdiluted": 3.33, "weightedAverageShsOut": 226800000, "weightedAverageShsOutDil": 229200000, "link": "https://www.sec.gov/Archives/edgar/data/1113169/000111316921000006/0001113169-21-000006-index.htm", "finalLink": "https://www.sec.gov/Archives/edgar/data/1113169/000111316921000006/trow-20201231.htm"}, {"date": "2020-09-30", "symbol": "TROW", "reportedCurrency": "USD", "cik": "0001113169", "fillingDate": "2020-10-29", "acceptedDate": "2020-10-29 11:49:13", "calendarYear": "2020", "period": "Q3", "revenue": 1595800000, "costOfRevenue": 662600000, "grossProfit": 933200000, "grossProfitRatio": 0.5847850608, "researchAndDevelopmentExpenses": 0, "generalAndAdministrativeExpenses": 190100000, "sellingAndMarketingExpenses": 14200000, "sellingGeneralAndAdministrativeExpenses": 204300000, "otherExpenses": 0, "operatingExpenses": 204300000, "costAndExpenses": 866900000, "interestIncome": 0, "interestExpense": 0, "depreciationAndAmortization": 49700000, "ebitda": 778600000, "ebitdaratio": 0.4879057526, "operatingIncome": 728900000, "operatingIncomeRatio": 0.4567614989, "totalOtherIncomeExpensesNet": 191600000, "incomeBeforeTax": 920500000, "incomeBeforeTaxRatio": 0.57682667, "incomeTaxExpense": 221900000, "netIncome": 643200000, "netIncomeRatio": 0.4030580273, "eps": 2.75, "epsdiluted": 2.73, "weightedAverageShsOut": 227000000, "weightedAverageShsOutDil": 229400000, "link": "https://www.sec.gov/Archives/edgar/data/1113169/000111316920000034/0001113169-20-000034-index.htm", "finalLink": "https://www.sec.gov/Archives/edgar/data/1113169/000111316920000034/trow-20200930.htm"}, {"date": "2020-06-30", "symbol": "TROW", "reportedCurrency": "USD", "cik": "0001113169", "fillingDate": "2020-07-29", "acceptedDate": "2020-07-29 10:31:52", "calendarYear": "2020", "period": "Q2", "revenue": 1415400000, "costOfRevenue": 650600000, "grossProfit": 764800000, "grossProfitRatio": 0.5403419528, "researchAndDevelopmentExpenses": 0, "generalAndAdministrativeExpenses": 197700000, "sellingAndMarketingExpenses": 13400000, "sellingGeneralAndAdministrativeExpenses": 211100000, "otherExpenses": 0, "operatingExpenses": 211100000, "costAndExpenses": 861700000, "interestIncome": 0, "interestExpense": 0, "depreciationAndAmortization": 48200000, "ebitda": 601900000, "ebitdaratio": 0.4252508125, "operatingIncome": 553700000, "operatingIncomeRatio": 0.3911968348, "totalOtherIncomeExpensesNet": 415100000, "incomeBeforeTax": 968800000, "incomeBeforeTaxRatio": 0.684470821, "incomeTaxExpense": 240300000, "netIncome": 603000000, "netIncomeRatio": 0.426027978, "eps": 2.58, "epsdiluted": 2.55, "weightedAverageShsOut": 227400000, "weightedAverageShsOutDil": 229500000, "link": "https://www.sec.gov/Archives/edgar/data/1113169/000111316920000031/0001113169-20-000031-index.htm", "finalLink": "https://www.sec.gov/Archives/edgar/data/1113169/000111316920000031/a10q-q22020.htm"}, {"date": "2020-03-31", "symbol": "TROW", "reportedCurrency": "USD", "cik": "0001113169", "fillingDate": "2020-04-28", "acceptedDate": "2020-04-28 16:24:02", "calendarYear": "2020", "period": "Q1", "revenue": 1462600000, "costOfRevenue": 548000000, "grossProfit": 914600000, "grossProfitRatio": 0.6253247641, "researchAndDevelopmentExpenses": 0, "generalAndAdministrativeExpenses": 182500000, "sellingAndMarketingExpenses": 24900000, "sellingGeneralAndAdministrativeExpenses": 207400000, "otherExpenses": 0, "operatingExpenses": 207400000, "costAndExpenses": 755400000, "interestIncome": 0, "interestExpense": 0, "depreciationAndAmortization": 46100000, "ebitda": 753300000, "ebitdaratio": 0.5150417065, "operatingIncome": 707200000, "operatingIncomeRatio": 0.4835224942, "totalOtherIncomeExpensesNet": -500300000, "incomeBeforeTax": 206900000, "incomeBeforeTaxRatio": 0.141460413, "incomeTaxExpense": 40300000, "netIncome": 343100000, "netIncomeRatio": 0.2345822508, "eps": 1.43, "epsdiluted": 1.41, "weightedAverageShsOut": 234100000, "weightedAverageShsOutDil": 236800000, "link": "https://www.sec.gov/Archives/edgar/data/1113169/000111316920000022/0001113169-20-000022-index.htm", "finalLink": "https://www.sec.gov/Archives/edgar/data/1113169/000111316920000022/a10q-q12020.htm"}, {"date": "2019-12-31", "symbol": "TROW", "reportedCurrency": "USD", "cik": "0001113169", "fillingDate": "2020-02-13", "acceptedDate": "2020-02-13 14:02:52", "calendarYear": "2019", "period": "Q4", "revenue": 1468700000, "costOfRevenue": 633000000, "grossProfit": 835700000, "grossProfitRatio": 0.5690066045, "researchAndDevelopmentExpenses": 0, "generalAndAdministrativeExpenses": 217100000, "sellingAndMarketingExpenses": 38300000, "sellingGeneralAndAdministrativeExpenses": 255400000, "otherExpenses": 0, "operatingExpenses": 255400000, "costAndExpenses": 888400000, "interestIncome": 0, "interestExpense": 0, "depreciationAndAmortization": 59100000, "ebitda": 639400000, "ebitdaratio": 0.4353509907, "operatingIncome": 580300000, "operatingIncomeRatio": 0.3951113229, "totalOtherIncomeExpensesNet": 170000000, "incomeBeforeTax": 750300000, "incomeBeforeTaxRatio": 0.5108599442, "incomeTaxExpense": 156400000, "netIncome": 545300000, "netIncomeRatio": 0.3712807245, "eps": 2.27, "epsdiluted": 2.24, "weightedAverageShsOut": 234100000, "weightedAverageShsOutDil": 237400000, "link": "https://www.sec.gov/Archives/edgar/data/1113169/000111316920000008/0001113169-20-000008-index.htm", "finalLink": "https://www.sec.gov/Archives/edgar/data/1113169/000111316920000008/a201910k.htm"}, {"date": "2019-09-30", "symbol": "TROW", "reportedCurrency": "USD", "cik": "0001113169", "fillingDate": "2019-10-24", "acceptedDate": "2019-10-24 12:14:31", "calendarYear": "2019", "period": "Q3", "revenue": 1426700000, "costOfRevenue": 568800000, "grossProfit": 857900000, "grossProfitRatio": 0.6013177262, "researchAndDevelopmentExpenses": 0, "generalAndAdministrativeExpenses": 181700000, "sellingAndMarketingExpenses": 17100000, "sellingGeneralAndAdministrativeExpenses": 198800000, "otherExpenses": 0, "operatingExpenses": 198800000, "costAndExpenses": 767600000, "interestIncome": 0, "interestExpense": 0, "depreciationAndAmortization": 45700000, "ebitda": 704800000, "ebitdaratio": 0.4940071494, "operatingIncome": 659100000, "operatingIncomeRatio": 0.4619751875, "totalOtherIncomeExpensesNet": 43000000, "incomeBeforeTax": 702100000, "incomeBeforeTaxRatio": 0.4921146702, "incomeTaxExpense": 157000000, "netIncome": 545900000, "netIncomeRatio": 0.3826312469, "eps": 2.26, "epsdiluted": 2.23, "weightedAverageShsOut": 234900000, "weightedAverageShsOutDil": 238200000, "link": "https://www.sec.gov/Archives/edgar/data/1113169/000111316919000027/0001113169-19-000027-index.htm", "finalLink": "https://www.sec.gov/Archives/edgar/data/1113169/000111316919000027/a10q-q32019.htm"}, {"date": "2019-06-30", "symbol": "TROW", "reportedCurrency": "USD", "cik": "0001113169", "fillingDate": "2019-07-24", "acceptedDate": "2019-07-24 12:21:49", "calendarYear": "2019", "period": "Q2", "revenue": 1395200000, "costOfRevenue": 581000000, "grossProfit": 814200000, "grossProfitRatio": 0.5835722477, "researchAndDevelopmentExpenses": 0, "generalAndAdministrativeExpenses": 179300000, "sellingAndMarketingExpenses": 19800000, "sellingGeneralAndAdministrativeExpenses": 199100000, "otherExpenses": 0, "operatingExpenses": 199100000, "costAndExpenses": 780100000, "interestIncome": 0, "interestExpense": 0, "depreciationAndAmortization": 44100000, "ebitda": 659200000, "ebitdaratio": 0.4724770642, "operatingIncome": 615100000, "operatingIncomeRatio": 0.4408686927, "totalOtherIncomeExpensesNet": 124500000, "incomeBeforeTax": 739600000, "incomeBeforeTaxRatio": 0.530103211, "incomeTaxExpense": 183700000, "netIncome": 527500000, "netIncomeRatio": 0.3780819954, "eps": 2.18, "epsdiluted": 2.15, "weightedAverageShsOut": 235900000, "weightedAverageShsOutDil": 239200000, "link": "https://www.sec.gov/Archives/edgar/data/1113169/000111316919000024/0001113169-19-000024-index.htm", "finalLink": "https://www.sec.gov/Archives/edgar/data/1113169/000111316919000024/a10q-q22019.htm"}, {"date": "2019-03-31", "symbol": "TROW", "reportedCurrency": "USD", "cik": "0001113169", "fillingDate": "2019-04-24", "acceptedDate": "2019-04-24 12:10:11", "calendarYear": "2019", "period": "Q1", "revenue": 1327300000, "costOfRevenue": 602100000, "grossProfit": 725200000, "grossProfitRatio": 0.5463723348, "researchAndDevelopmentExpenses": 0, "generalAndAdministrativeExpenses": 171100000, "sellingAndMarketingExpenses": 21600000, "sellingGeneralAndAdministrativeExpenses": 192700000, "otherExpenses": 0, "operatingExpenses": 192700000, "costAndExpenses": 794800000, "interestIncome": 0, "interestExpense": 0, "depreciationAndAmortization": 41900000, "ebitda": 574400000, "ebitdaratio": 0.432758231, "operatingIncome": 532500000, "operatingIncomeRatio": 0.4011903865, "totalOtherIncomeExpensesNet": 202800000, "incomeBeforeTax": 735300000, "incomeBeforeTaxRatio": 0.5539817675, "incomeTaxExpense": 181300000, "netIncome": 512600000, "netIncomeRatio": 0.3861975439, "eps": 2.11, "epsdiluted": 2.09, "weightedAverageShsOut": 236600000, "weightedAverageShsOutDil": 239600000, "link": "https://www.sec.gov/Archives/edgar/data/1113169/000111316919000016/0001113169-19-000016-index.htm", "finalLink": "https://www.sec.gov/Archives/edgar/data/1113169/000111316919000016/a10q-q12019.htm"}, {"date": "2018-12-31", "symbol": "TROW", "reportedCurrency": "USD", "cik": "0001113169", "fillingDate": "2019-02-13", "acceptedDate": "2019-02-13 14:48:37", "calendarYear": "2018", "period": "Q4", "revenue": 1305000000, "costOfRevenue": 564800000, "grossProfit": 740200000, "grossProfitRatio": 0.5672030651, "researchAndDevelopmentExpenses": 0, "generalAndAdministrativeExpenses": 177300000, "sellingAndMarketingExpenses": 35800000, "sellingGeneralAndAdministrativeExpenses": 213100000, "otherExpenses": -15200000, "operatingExpenses": 197900000, "costAndExpenses": 762700000, "interestIncome": 0, "interestExpense": 0, "depreciationAndAmortization": 44600000, "ebitda": 571700000, "ebitdaratio": 0.4380842912, "operatingIncome": 542300000, "operatingIncomeRatio": 0.4155555556, "totalOtherIncomeExpensesNet": -151900000, "incomeBeforeTax": 390400000, "incomeBeforeTaxRatio": 0.2991570881, "incomeTaxExpense": 118400000, "netIncome": 351900000, "netIncomeRatio": 0.2696551724, "eps": 1.43, "epsdiluted": 1.41, "weightedAverageShsOut": 239700000, "weightedAverageShsOutDil": 242900000, "link": "https://www.sec.gov/Archives/edgar/data/1113169/000111316919000011/0001113169-19-000011-index.htm", "finalLink": "https://www.sec.gov/Archives/edgar/data/1113169/000111316919000011/a201810k.htm"}, {"date": "2018-09-30", "symbol": "TROW", "reportedCurrency": "USD", "cik": "0001113169", "fillingDate": "2018-10-25", "acceptedDate": "2018-10-25 13:06:58", "calendarYear": "2018", "period": "Q3", "revenue": 1394600000, "costOfRevenue": 563600000, "grossProfit": 831000000, "grossProfitRatio": 0.5958697835, "researchAndDevelopmentExpenses": 0, "generalAndAdministrativeExpenses": 170200000, "sellingAndMarketingExpenses": 20200000, "sellingGeneralAndAdministrativeExpenses": 190400000, "otherExpenses": 0, "operatingExpenses": 190400000, "costAndExpenses": 754000000, "interestIncome": 0, "interestExpense": 0, "depreciationAndAmortization": 40200000, "ebitda": 680800000, "ebitdaratio": 0.4881686505, "operatingIncome": 640600000, "operatingIncomeRatio": 0.4593431808, "totalOtherIncomeExpensesNet": 124900000, "incomeBeforeTax": 765500000, "incomeBeforeTaxRatio": 0.5489029112, "incomeTaxExpense": 183900000, "netIncome": 583000000, "netIncomeRatio": 0.4180410153, "eps": 2.34, "epsdiluted": 2.3, "weightedAverageShsOut": 242800000, "weightedAverageShsOutDil": 247500000, "link": "https://www.sec.gov/Archives/edgar/data/1113169/000111316918000023/0001113169-18-000023-index.htm", "finalLink": "https://www.sec.gov/Archives/edgar/data/1113169/000111316918000023/a10q-q32018.htm"}, {"date": "2018-06-30", "symbol": "TROW", "reportedCurrency": "USD", "cik": "0001113169", "fillingDate": "2018-07-25", "acceptedDate": "2018-07-25 16:07:08", "calendarYear": "2018", "period": "Q2", "revenue": 1345000000, "costOfRevenue": 564700000, "grossProfit": 780300000, "grossProfitRatio": 0.5801486989, "researchAndDevelopmentExpenses": 0, "generalAndAdministrativeExpenses": 166600000, "sellingAndMarketingExpenses": 19000000, "sellingGeneralAndAdministrativeExpenses": 185600000, "otherExpenses": 0, "operatingExpenses": 185600000, "costAndExpenses": 750300000, "interestIncome": 0, "interestExpense": 0, "depreciationAndAmortization": 37800000, "ebitda": 632500000, "ebitdaratio": 0.470260223, "operatingIncome": 594700000, "operatingIncomeRatio": 0.4421561338, "totalOtherIncomeExpensesNet": 34100000, "incomeBeforeTax": 628800000, "incomeBeforeTaxRatio": 0.4675092937, "incomeTaxExpense": 169200000, "netIncome": 448900000, "netIncomeRatio": 0.3337546468, "eps": 1.81, "epsdiluted": 1.77, "weightedAverageShsOut": 242200000, "weightedAverageShsOutDil": 247400000, "link": "https://www.sec.gov/Archives/edgar/data/1113169/000111316918000018/0001113169-18-000018-index.htm", "finalLink": "https://www.sec.gov/Archives/edgar/data/1113169/000111316918000018/a10q-q22018.htm"}, {"date": "2018-03-31", "symbol": "TROW", "reportedCurrency": "USD", "cik": "0001113169", "fillingDate": "2018-04-25", "acceptedDate": "2018-04-25 15:23:11", "calendarYear": "2018", "period": "Q1", "revenue": 1328000000, "costOfRevenue": 553800000, "grossProfit": 774200000, "grossProfitRatio": 0.5829819277, "researchAndDevelopmentExpenses": 0, "generalAndAdministrativeExpenses": 165800000, "sellingAndMarketingExpenses": 24600000, "sellingGeneralAndAdministrativeExpenses": 190400000, "otherExpenses": 0, "operatingExpenses": 190400000, "costAndExpenses": 744200000, "interestIncome": 0, "interestExpense": 0, "depreciationAndAmortization": 36900000, "ebitda": 620700000, "ebitdaratio": 0.4673945783, "operatingIncome": 583800000, "operatingIncomeRatio": 0.4396084337, "totalOtherIncomeExpensesNet": 16100000, "incomeBeforeTax": 599900000, "incomeBeforeTaxRatio": 0.4517319277, "incomeTaxExpense": 144400000, "netIncome": 453700000, "netIncomeRatio": 0.3416415663, "eps": 1.81, "epsdiluted": 1.77, "weightedAverageShsOut": 244300000, "weightedAverageShsOutDil": 249800000, "link": "https://www.sec.gov/Archives/edgar/data/1113169/000111316918000014/0001113169-18-000014-index.htm", "finalLink": "https://www.sec.gov/Archives/edgar/data/1113169/000111316918000014/a10q-q12018.htm"}, {"date": "2017-12-31", "symbol": "TROW", "reportedCurrency": "USD", "cik": "0001113169", "fillingDate": "2018-02-16", "acceptedDate": "2018-02-16 16:47:10", "calendarYear": "2017", "period": "Q4", "revenue": 1286100000, "costOfRevenue": 484300000, "grossProfit": 801800000, "grossProfitRatio": 0.6234351917, "researchAndDevelopmentExpenses": 0, "generalAndAdministrativeExpenses": 53700000, "sellingAndMarketingExpenses": 33800000, "sellingGeneralAndAdministrativeExpenses": 87500000, "otherExpenses": 183300000, "operatingExpenses": 270800000, "costAndExpenses": 755100000, "interestIncome": 0, "interestExpense": 0, "depreciationAndAmortization": 36700000, "ebitda": 567700000, "ebitdaratio": 0.4414120208, "operatingIncome": 531000000, "operatingIncomeRatio": 0.4128761372, "totalOtherIncomeExpensesNet": 102000000, "incomeBeforeTax": 633000000, "incomeBeforeTaxRatio": 0.4921856776, "incomeTaxExpense": 246400000, "netIncome": 347100000, "netIncomeRatio": 0.269885701, "eps": 1.42, "epsdiluted": 1.39, "weightedAverageShsOut": 244300000, "weightedAverageShsOutDil": 249800000, "link": "https://www.sec.gov/Archives/edgar/data/1113169/000111316918000009/0001113169-18-000009-index.htm", "finalLink": "https://www.sec.gov/Archives/edgar/data/1113169/000111316918000009/a201710k.htm"}, {"date": "2017-09-30", "symbol": "TROW", "reportedCurrency": "USD", "cik": "0001113169", "fillingDate": "2017-10-26", "acceptedDate": "2017-10-26 11:06:39", "calendarYear": "2017", "period": "Q3", "revenue": 1238700000, "costOfRevenue": 522700000, "grossProfit": 716000000, "grossProfitRatio": 0.5780253492, "researchAndDevelopmentExpenses": 0, "generalAndAdministrativeExpenses": 153500000, "sellingAndMarketingExpenses": 14000000, "sellingGeneralAndAdministrativeExpenses": 167500000, "otherExpenses": 0, "operatingExpenses": 167500000, "costAndExpenses": 690200000, "interestIncome": 0, "interestExpense": 0, "depreciationAndAmortization": 35000000, "ebitda": 583500000, "ebitdaratio": 0.4710583676, "operatingIncome": 548500000, "operatingIncomeRatio": 0.4428029386, "totalOtherIncomeExpensesNet": 67300000, "incomeBeforeTax": 615800000, "incomeBeforeTaxRatio": 0.4971340922, "incomeTaxExpense": 211600000, "netIncome": 390900000, "netIncomeRatio": 0.3155727779, "eps": 1.59, "epsdiluted": 1.56, "weightedAverageShsOut": 240300000, "weightedAverageShsOutDil": 244400000, "link": "https://www.sec.gov/Archives/edgar/data/1113169/000111316917000044/0001113169-17-000044-index.htm", "finalLink": "https://www.sec.gov/Archives/edgar/data/1113169/000111316917000044/a10q-q32017.htm"}, {"date": "2017-06-30", "symbol": "TROW", "reportedCurrency": "USD", "cik": "0001113169", "fillingDate": "2017-07-25", "acceptedDate": "2017-07-25 11:09:31", "calendarYear": "2017", "period": "Q2", "revenue": 1186000000, "costOfRevenue": 503000000, "grossProfit": 683000000, "grossProfitRatio": 0.5758853288, "researchAndDevelopmentExpenses": 0, "generalAndAdministrativeExpenses": 156700000, "sellingAndMarketingExpenses": 18700000, "sellingGeneralAndAdministrativeExpenses": 175400000, "otherExpenses": 0, "operatingExpenses": 175400000, "costAndExpenses": 678400000, "interestIncome": 0, "interestExpense": 0, "depreciationAndAmortization": 36300000, "ebitda": 543900000, "ebitdaratio": 0.4586003373, "operatingIncome": 507600000, "operatingIncomeRatio": 0.4279932546, "totalOtherIncomeExpensesNet": 112000000, "incomeBeforeTax": 619600000, "incomeBeforeTaxRatio": 0.5224283305, "incomeTaxExpense": 229600000, "netIncome": 373900000, "netIncomeRatio": 0.3152613828, "eps": 1.52, "epsdiluted": 1.5, "weightedAverageShsOut": 239800000, "weightedAverageShsOutDil": 243000000, "link": "https://www.sec.gov/Archives/edgar/data/1113169/000111316917000040/0001113169-17-000040-index.htm", "finalLink": "https://www.sec.gov/Archives/edgar/data/1113169/000111316917000040/a10q-q22017.htm"}, {"date": "2017-03-31", "symbol": "TROW", "reportedCurrency": "USD", "cik": "0001113169", "fillingDate": "2017-04-25", "acceptedDate": "2017-04-25 12:46:12", "calendarYear": "2017", "period": "Q1", "revenue": 1132600000, "costOfRevenue": 495800000, "grossProfit": 636800000, "grossProfitRatio": 0.5622461593, "researchAndDevelopmentExpenses": 0, "generalAndAdministrativeExpenses": 139400000, "sellingAndMarketingExpenses": 25700000, "sellingGeneralAndAdministrativeExpenses": 165100000, "otherExpenses": -50000000, "operatingExpenses": 115100000, "costAndExpenses": 610900000, "interestIncome": 0, "interestExpense": 0, "depreciationAndAmortization": 35600000, "ebitda": 507300000, "ebitdaratio": 0.4479074695, "operatingIncome": 521700000, "operatingIncomeRatio": 0.4606215787, "totalOtherIncomeExpensesNet": 115000000, "incomeBeforeTax": 636700000, "incomeBeforeTaxRatio": 0.5621578669, "incomeTaxExpense": 236300000, "netIncome": 385900000, "netIncomeRatio": 0.3407204662, "eps": 1.56, "epsdiluted": 1.54, "weightedAverageShsOut": 242100000, "weightedAverageShsOutDil": 245500000, "link": "https://www.sec.gov/Archives/edgar/data/1113169/000111316917000021/0001113169-17-000021-index.htm", "finalLink": "https://www.sec.gov/Archives/edgar/data/1113169/000111316917000021/a10q-q12017.htm"}, {"date": "2016-12-31", "symbol": "TROW", "reportedCurrency": "USD", "cik": "0001113169", "fillingDate": "2017-02-07", "acceptedDate": "2017-02-07 17:12:27", "calendarYear": "2016", "period": "Q4", "revenue": 1091200000, "costOfRevenue": 417100000, "grossProfit": 674100000, "grossProfitRatio": 0.6177602639, "researchAndDevelopmentExpenses": 0, "generalAndAdministrativeExpenses": 45300000, "sellingAndMarketingExpenses": 27200000, "sellingGeneralAndAdministrativeExpenses": 72500000, "otherExpenses": 38300000, "operatingExpenses": 110800000, "costAndExpenses": 527900000, "interestIncome": 0, "interestExpense": 0, "depreciationAndAmortization": 33400000, "ebitda": 496700000, "ebitdaratio": 0.4551869501, "operatingIncome": 563300000, "operatingIncomeRatio": 0.5162206745, "totalOtherIncomeExpensesNet": 12200000, "incomeBeforeTax": 575500000, "incomeBeforeTaxRatio": 0.5274010264, "incomeTaxExpense": 208700000, "netIncome": 379800000, "netIncomeRatio": 0.3480571848, "eps": 1.57, "epsdiluted": 1.55, "weightedAverageShsOut": 242100000, "weightedAverageShsOutDil": 245500000, "link": "https://www.sec.gov/Archives/edgar/data/1113169/000111316917000014/0001113169-17-000014-index.htm", "finalLink": "https://www.sec.gov/Archives/edgar/data/1113169/000111316917000014/a201610k.htm"}, {"date": "2016-09-30", "symbol": "TROW", "reportedCurrency": "USD", "cik": "0001113169", "fillingDate": "2016-10-27", "acceptedDate": "2016-10-27 11:54:37", "calendarYear": "2016", "period": "Q3", "revenue": 1092900000, "costOfRevenue": 422900000, "grossProfit": 670000000, "grossProfitRatio": 0.6130478543, "researchAndDevelopmentExpenses": 0, "generalAndAdministrativeExpenses": 45300000, "sellingAndMarketingExpenses": 14700000, "sellingGeneralAndAdministrativeExpenses": 60000000, "otherExpenses": 134300000, "operatingExpenses": 194300000, "costAndExpenses": 617200000, "interestIncome": 0, "interestExpense": 0, "depreciationAndAmortization": 34000000, "ebitda": 509700000, "ebitdaratio": 0.4663738677, "operatingIncome": 475700000, "operatingIncomeRatio": 0.4352639766, "totalOtherIncomeExpensesNet": 88300000, "incomeBeforeTax": 564000000, "incomeBeforeTaxRatio": 0.5160581938, "incomeTaxExpense": 201300000, "netIncome": 327800000, "netIncomeRatio": 0.2999359502, "eps": 1.3, "epsdiluted": 1.28, "weightedAverageShsOut": 245600000, "weightedAverageShsOutDil": 250100000, "link": "https://www.sec.gov/Archives/edgar/data/1113169/000111316916000056/0001113169-16-000056-index.htm", "finalLink": "https://www.sec.gov/Archives/edgar/data/1113169/000111316916000056/a10q-q32016.htm"}, {"date": "2016-06-30", "symbol": "TROW", "reportedCurrency": "USD", "cik": "0001113169", "fillingDate": "2016-07-26", "acceptedDate": "2016-07-26 12:20:55", "calendarYear": "2016", "period": "Q2", "revenue": 1044700000, "costOfRevenue": 406600000, "grossProfit": 638100000, "grossProfitRatio": 0.6107973581, "researchAndDevelopmentExpenses": 0, "generalAndAdministrativeExpenses": 40800000, "sellingAndMarketingExpenses": 14900000, "sellingGeneralAndAdministrativeExpenses": 55700000, "otherExpenses": 298900000, "operatingExpenses": 354600000, "costAndExpenses": 761200000, "interestIncome": 0, "interestExpense": 0, "depreciationAndAmortization": 33800000, "ebitda": 483500000, "ebitdaratio": 0.4628122906, "operatingIncome": 283500000, "operatingIncomeRatio": 0.2713697712, "totalOtherIncomeExpensesNet": 41500000, "incomeBeforeTax": 325000000, "incomeBeforeTaxRatio": 0.311094094, "incomeTaxExpense": 113800000, "netIncome": 203300000, "netIncomeRatio": 0.194601321, "eps": 0.81, "epsdiluted": 0.79, "weightedAverageShsOut": 252600000, "weightedAverageShsOutDil": 252600000, "link": "https://www.sec.gov/Archives/edgar/data/1113169/000111316916000051/0001113169-16-000051-index.htm", "finalLink": "https://www.sec.gov/Archives/edgar/data/1113169/000111316916000051/a10q-q22016.htm"}, {"date": "2016-03-31", "symbol": "TROW", "reportedCurrency": "USD", "cik": "0001113169", "fillingDate": "2016-04-26", "acceptedDate": "2016-04-26 16:30:34", "calendarYear": "2016", "period": "Q1", "revenue": 994100000, "costOfRevenue": 389100000, "grossProfit": 605000000, "grossProfitRatio": 0.608590685, "researchAndDevelopmentExpenses": 0, "generalAndAdministrativeExpenses": 41400000, "sellingAndMarketingExpenses": 23100000, "sellingGeneralAndAdministrativeExpenses": 64500000, "otherExpenses": 129600000, "operatingExpenses": 194100000, "costAndExpenses": 583200000, "interestIncome": 0, "interestExpense": 0, "depreciationAndAmortization": 32200000, "ebitda": 443100000, "ebitdaratio": 0.4457298059, "operatingIncome": 410900000, "operatingIncomeRatio": 0.4133386983, "totalOtherIncomeExpensesNet": 85100000, "incomeBeforeTax": 496000000, "incomeBeforeTaxRatio": 0.4989437682, "incomeTaxExpense": 182700000, "netIncome": 304100000, "netIncomeRatio": 0.3059048385, "eps": 1.21, "epsdiluted": 1.18, "weightedAverageShsOut": 257711864, "weightedAverageShsOutDil": 251900000, "link": "https://www.sec.gov/Archives/edgar/data/1113169/000111316916000041/0001113169-16-000041-index.htm", "finalLink": "https://www.sec.gov/Archives/edgar/data/1113169/000111316916000041/a10q-q12016.htm"}, {"date": "2015-12-31", "symbol": "TROW", "reportedCurrency": "USD", "cik": "0001113169", "fillingDate": "2016-02-05", "acceptedDate": "2016-02-05 14:50:52", "calendarYear": "2015", "period": "Q4", "revenue": 1052200000, "costOfRevenue": 394100000, "grossProfit": 658100000, "grossProfitRatio": 0.6254514351, "researchAndDevelopmentExpenses": 0, "generalAndAdministrativeExpenses": 40700000, "sellingAndMarketingExpenses": 27000000, "sellingGeneralAndAdministrativeExpenses": 67700000, "otherExpenses": 135400000, "operatingExpenses": 203100000, "costAndExpenses": 597200000, "interestIncome": 0, "interestExpense": 0, "depreciationAndAmortization": 31900000, "ebitda": 486900000, "ebitdaratio": 0.4627447253, "operatingIncome": 455000000, "operatingIncomeRatio": 0.4324272952, "totalOtherIncomeExpensesNet": 43400000, "incomeBeforeTax": 498400000, "incomeBeforeTaxRatio": 0.4736742064, "incomeTaxExpense": 195200000, "netIncome": 303200000, "netIncomeRatio": 0.2881581448, "eps": 1.23, "epsdiluted": 1.21, "weightedAverageShsOut": 246700000, "weightedAverageShsOutDil": 251500000, "link": "https://www.sec.gov/Archives/edgar/data/1113169/000111316916000033/0001113169-16-000033-index.htm", "finalLink": "https://www.sec.gov/Archives/edgar/data/1113169/000111316916000033/a201510k.htm"}, {"date": "2015-09-30", "symbol": "TROW", "reportedCurrency": "USD", "cik": "0001113169", "fillingDate": "2015-10-22", "acceptedDate": "2015-10-22 12:42:52", "calendarYear": "2015", "period": "Q3", "revenue": 1049000000, "costOfRevenue": 417500000, "grossProfit": 631500000, "grossProfitRatio": 0.6020019066, "researchAndDevelopmentExpenses": 0, "generalAndAdministrativeExpenses": 40300000, "sellingAndMarketingExpenses": 13200000, "sellingGeneralAndAdministrativeExpenses": 53500000, "otherExpenses": 119700000, "operatingExpenses": 173200000, "costAndExpenses": 590700000, "interestIncome": 0, "interestExpense": 0, "depreciationAndAmortization": 33100000, "ebitda": 491400000, "ebitdaratio": 0.4684461392, "operatingIncome": 458300000, "operatingIncomeRatio": 0.4368922784, "totalOtherIncomeExpensesNet": 300000, "incomeBeforeTax": 458600000, "incomeBeforeTaxRatio": 0.437178265, "incomeTaxExpense": 181500000, "netIncome": 277100000, "netIncomeRatio": 0.2641563394, "eps": 1.08, "epsdiluted": 1.06, "weightedAverageShsOut": 258600000, "weightedAverageShsOutDil": 258600000, "link": "https://www.sec.gov/Archives/edgar/data/1113169/000111316915000027/0001113169-15-000027-index.htm", "finalLink": "https://www.sec.gov/Archives/edgar/data/1113169/000111316915000027/a10q-q32015.htm"}, {"date": "2015-06-30", "symbol": "TROW", "reportedCurrency": "USD", "cik": "0001113169", "fillingDate": "2015-07-23", "acceptedDate": "2015-07-23 11:15:19", "calendarYear": "2015", "period": "Q2", "revenue": 1072400000, "costOfRevenue": 399500000, "grossProfit": 672900000, "grossProfitRatio": 0.6274710929, "researchAndDevelopmentExpenses": 0, "generalAndAdministrativeExpenses": 39900000, "sellingAndMarketingExpenses": 14200000, "sellingGeneralAndAdministrativeExpenses": 54100000, "otherExpenses": 111000000, "operatingExpenses": 165100000, "costAndExpenses": 564600000, "interestIncome": 0, "interestExpense": 0, "depreciationAndAmortization": 32200000, "ebitda": 540000000, "ebitdaratio": 0.5035434539, "operatingIncome": 507800000, "operatingIncomeRatio": 0.4735173443, "totalOtherIncomeExpensesNet": 33000000, "incomeBeforeTax": 540800000, "incomeBeforeTaxRatio": 0.5042894442, "incomeTaxExpense": 207600000, "netIncome": 333200000, "netIncomeRatio": 0.3107049608, "eps": 1.28, "epsdiluted": 1.24, "weightedAverageShsOut": 264600000, "weightedAverageShsOutDil": 264600000, "link": "https://www.sec.gov/Archives/edgar/data/1113169/000111316915000022/0001113169-15-000022-index.htm", "finalLink": "https://www.sec.gov/Archives/edgar/data/1113169/000111316915000022/a10q-q22015.htm"}, {"date": "2015-03-31", "symbol": "TROW", "reportedCurrency": "USD", "cik": "0001113169", "fillingDate": "2015-04-22", "acceptedDate": "2015-04-22 10:36:46", "calendarYear": "2015", "period": "Q1", "revenue": 1027000000, "costOfRevenue": 384000000, "grossProfit": 643000000, "grossProfitRatio": 0.6260954236, "researchAndDevelopmentExpenses": 0, "generalAndAdministrativeExpenses": 38300000, "sellingAndMarketingExpenses": 25300000, "sellingGeneralAndAdministrativeExpenses": 63600000, "otherExpenses": 101600000, "operatingExpenses": 165200000, "costAndExpenses": 549200000, "interestIncome": 0, "interestExpense": 0, "depreciationAndAmortization": 29100000, "ebitda": 506900000, "ebitdaratio": 0.4935735151, "operatingIncome": 477800000, "operatingIncomeRatio": 0.4652385589, "totalOtherIncomeExpensesNet": 26800000, "incomeBeforeTax": 504600000, "incomeBeforeTaxRatio": 0.4913339825, "incomeTaxExpense": 195100000, "netIncome": 309500000, "netIncomeRatio": 0.3013631938, "eps": 1.16, "epsdiluted": 1.13, "weightedAverageShsOut": 258700000, "weightedAverageShsOutDil": 265600000, "link": "https://www.sec.gov/Archives/edgar/data/1113169/000111316915000016/0001113169-15-000016-index.htm", "finalLink": "https://www.sec.gov/Archives/edgar/data/1113169/000111316915000016/a10q-q12015.htm"}, {"date": "2014-12-31", "symbol": "TROW", "reportedCurrency": "USD", "cik": "0001113169", "fillingDate": "2015-02-05", "acceptedDate": "2015-02-05 16:22:07", "calendarYear": "2014", "period": "Q4", "revenue": 1022400000, "costOfRevenue": 375000000, "grossProfit": 647400000, "grossProfitRatio": 0.6332159624, "researchAndDevelopmentExpenses": 0, "generalAndAdministrativeExpenses": 36600000, "sellingAndMarketingExpenses": 26100000, "sellingGeneralAndAdministrativeExpenses": 62700000, "otherExpenses": 104700000, "operatingExpenses": 167400000, "costAndExpenses": 542400000, "interestIncome": 0, "interestExpense": 0, "depreciationAndAmortization": 28300000, "ebitda": 508300000, "ebitdaratio": 0.4971635368, "operatingIncome": 480000000, "operatingIncomeRatio": 0.4694835681, "totalOtherIncomeExpensesNet": 38800000, "incomeBeforeTax": 518800000, "incomeBeforeTaxRatio": 0.5074334898, "incomeTaxExpense": 202900000, "netIncome": 315900000, "netIncomeRatio": 0.3089788732, "eps": 1.22, "epsdiluted": 1.19, "weightedAverageShsOut": 258700000, "weightedAverageShsOutDil": 265700000, "link": "https://www.sec.gov/Archives/edgar/data/1113169/000111316915000007/0001113169-15-000007-index.htm", "finalLink": "https://www.sec.gov/Archives/edgar/data/1113169/000111316915000007/a201410k.htm"}, {"date": "2014-09-30", "symbol": "TROW", "reportedCurrency": "USD", "cik": "0001113169", "fillingDate": "2014-10-23", "acceptedDate": "2014-10-23 09:40:39", "calendarYear": "2014", "period": "Q3", "revenue": 1020800000, "costOfRevenue": 383800000, "grossProfit": 637000000, "grossProfitRatio": 0.6240203762, "researchAndDevelopmentExpenses": 0, "generalAndAdministrativeExpenses": 35900000, "sellingAndMarketingExpenses": 12700000, "sellingGeneralAndAdministrativeExpenses": 48600000, "otherExpenses": 99700000, "operatingExpenses": 148300000, "costAndExpenses": 532100000, "interestIncome": 0, "interestExpense": 0, "depreciationAndAmortization": 28300000, "ebitda": 517000000, "ebitdaratio": 0.5064655172, "operatingIncome": 488700000, "operatingIncomeRatio": 0.478742163, "totalOtherIncomeExpensesNet": 5200000, "incomeBeforeTax": 493900000, "incomeBeforeTaxRatio": 0.4838362069, "incomeTaxExpense": 190300000, "netIncome": 303600000, "netIncomeRatio": 0.2974137931, "eps": 1.15, "epsdiluted": 1.12, "weightedAverageShsOut": 267399999, "weightedAverageShsOutDil": 267399999, "link": "https://www.sec.gov/Archives/edgar/data/1113169/000111316914000029/0001113169-14-000029-index.htm", "finalLink": "https://www.sec.gov/Archives/edgar/data/1113169/000111316914000029/a10q-q32014.htm"}, {"date": "2014-06-30", "symbol": "TROW", "reportedCurrency": "USD", "cik": "0001113169", "fillingDate": "2014-07-24", "acceptedDate": "2014-07-24 07:37:59", "calendarYear": "2014", "period": "Q2", "revenue": 984300000, "costOfRevenue": 361800000, "grossProfit": 622500000, "grossProfitRatio": 0.6324291375, "researchAndDevelopmentExpenses": 0, "generalAndAdministrativeExpenses": 36000000, "sellingAndMarketingExpenses": 14600000, "sellingGeneralAndAdministrativeExpenses": 50600000, "otherExpenses": 98800000, "operatingExpenses": 149400000, "costAndExpenses": 511200000, "interestIncome": 0, "interestExpense": 0, "depreciationAndAmortization": 28000000, "ebitda": 501100000, "ebitdaratio": 0.5090927563, "operatingIncome": 473100000, "operatingIncomeRatio": 0.4806461445, "totalOtherIncomeExpensesNet": 26100000, "incomeBeforeTax": 499200000, "incomeBeforeTaxRatio": 0.5071624505, "incomeTaxExpense": 193400000, "netIncome": 305800000, "netIncomeRatio": 0.3106776389, "eps": 1.16, "epsdiluted": 1.13, "weightedAverageShsOut": 268700000, "weightedAverageShsOutDil": 268700000, "link": "https://www.sec.gov/Archives/edgar/data/1113169/000111316914000019/0001113169-14-000019-index.htm", "finalLink": "https://www.sec.gov/Archives/edgar/data/1113169/000111316914000019/a10q-q22014.htm"}, {"date": "2014-03-31", "symbol": "TROW", "reportedCurrency": "USD", "cik": "0001113169", "fillingDate": "2014-04-24", "acceptedDate": "2014-04-24 08:01:15", "calendarYear": "2014", "period": "Q1", "revenue": 954600000, "costOfRevenue": 352600000, "grossProfit": 602000000, "grossProfitRatio": 0.6306306306, "researchAndDevelopmentExpenses": 0, "generalAndAdministrativeExpenses": 35400000, "sellingAndMarketingExpenses": 22600000, "sellingGeneralAndAdministrativeExpenses": 58000000, "otherExpenses": 94900000, "operatingExpenses": 152900000, "costAndExpenses": 505500000, "interestIncome": 0, "interestExpense": 0, "depreciationAndAmortization": 27100000, "ebitda": 476200000, "ebitdaratio": 0.4988476849, "operatingIncome": 449100000, "operatingIncomeRatio": 0.4704588309, "totalOtherIncomeExpensesNet": 42100000, "incomeBeforeTax": 491200000, "incomeBeforeTaxRatio": 0.5145610727, "incomeTaxExpense": 186900000, "netIncome": 304300000, "netIncomeRatio": 0.3187722606, "eps": 1.16, "epsdiluted": 1.12, "weightedAverageShsOut": 268600000, "weightedAverageShsOutDil": 268600000, "link": "https://www.sec.gov/Archives/edgar/data/1113169/000111316914000013/0001113169-14-000013-index.htm", "finalLink": "https://www.sec.gov/Archives/edgar/data/1113169/000111316914000013/a10q-q12014.htm"}, {"date": "2013-12-31", "symbol": "TROW", "reportedCurrency": "USD", "cik": "0001113169", "fillingDate": "2014-02-04", "acceptedDate": "2014-02-04 13:27:03", "calendarYear": "2013", "period": "Q4", "revenue": 929800000, "costOfRevenue": 330600000, "grossProfit": 599200000, "grossProfitRatio": 0.6444396644, "researchAndDevelopmentExpenses": 0, "generalAndAdministrativeExpenses": 34800000, "sellingAndMarketingExpenses": 28800000, "sellingGeneralAndAdministrativeExpenses": 63600000, "otherExpenses": 95500000, "operatingExpenses": 159100000, "costAndExpenses": 489700000, "interestIncome": 0, "interestExpense": 0, "depreciationAndAmortization": 25200000, "ebitda": 465300000, "ebitdaratio": 0.5004302, "operatingIncome": 440100000, "operatingIncomeRatio": 0.4733275973, "totalOtherIncomeExpensesNet": 31700000, "incomeBeforeTax": 471800000, "incomeBeforeTaxRatio": 0.5074209507, "incomeTaxExpense": 184100000, "netIncome": 287700000, "netIncomeRatio": 0.3094213809, "eps": 1.1, "epsdiluted": 1.07, "weightedAverageShsOut": 260400000, "weightedAverageShsOutDil": 268600000, "link": "https://www.sec.gov/Archives/edgar/data/1113169/000111316914000007/0001113169-14-000007-index.htm", "finalLink": "https://www.sec.gov/Archives/edgar/data/1113169/000111316914000007/a201310k.htm"}, {"date": "2013-09-30", "symbol": "TROW", "reportedCurrency": "USD", "cik": "0001113169", "fillingDate": "2013-10-24", "acceptedDate": "2013-10-24 10:42:28", "calendarYear": "2013", "period": "Q3", "revenue": 884400000, "costOfRevenue": 321800000, "grossProfit": 562600000, "grossProfitRatio": 0.6361374943, "researchAndDevelopmentExpenses": 0, "generalAndAdministrativeExpenses": 32900000, "sellingAndMarketingExpenses": 14700000, "sellingGeneralAndAdministrativeExpenses": 47600000, "otherExpenses": 89100000, "operatingExpenses": 136700000, "costAndExpenses": 458500000, "interestIncome": 0, "interestExpense": 0, "depreciationAndAmortization": 22100000, "ebitda": 448000000, "ebitdaratio": 0.5065581185, "operatingIncome": 425900000, "operatingIncomeRatio": 0.4815694256, "totalOtherIncomeExpensesNet": 11600000, "incomeBeforeTax": 437500000, "incomeBeforeTaxRatio": 0.4946856626, "incomeTaxExpense": 167200000, "netIncome": 270300000, "netIncomeRatio": 0.3056309362, "eps": 1.03, "epsdiluted": 1, "weightedAverageShsOut": 266500000, "weightedAverageShsOutDil": 266500000, "link": "https://www.sec.gov/Archives/edgar/data/1113169/000111316913000032/0001113169-13-000032-index.htm", "finalLink": "https://www.sec.gov/Archives/edgar/data/1113169/000111316913000032/a10q-q32013.htm"}, {"date": "2013-06-30", "symbol": "TROW", "reportedCurrency": "USD", "cik": "0001113169", "fillingDate": "2013-07-24", "acceptedDate": "2013-07-24 10:01:22", "calendarYear": "2013", "period": "Q2", "revenue": 854300000, "costOfRevenue": 316400000, "grossProfit": 537900000, "grossProfitRatio": 0.6296383004, "researchAndDevelopmentExpenses": 0, "generalAndAdministrativeExpenses": 35100000, "sellingAndMarketingExpenses": 19100000, "sellingGeneralAndAdministrativeExpenses": 54200000, "otherExpenses": 84900000, "operatingExpenses": 139100000, "costAndExpenses": 455500000, "interestIncome": 0, "interestExpense": 0, "depreciationAndAmortization": 21900000, "ebitda": 420700000, "ebitdaratio": 0.492449959, "operatingIncome": 398800000, "operatingIncomeRatio": 0.4668149362, "totalOtherIncomeExpensesNet": 1400000, "incomeBeforeTax": 400200000, "incomeBeforeTaxRatio": 0.4684537048, "incomeTaxExpense": 152400000, "netIncome": 247800000, "netIncomeRatio": 0.2900620391, "eps": 0.95, "epsdiluted": 0.92, "weightedAverageShsOut": 266200000, "weightedAverageShsOutDil": 266200000, "link": "https://www.sec.gov/Archives/edgar/data/1113169/000111316913000029/0001113169-13-000029-index.htm", "finalLink": "https://www.sec.gov/Archives/edgar/data/1113169/000111316913000029/a10q-q22013.htm"}, {"date": "2013-03-31", "symbol": "TROW", "reportedCurrency": "USD", "cik": "0001113169", "fillingDate": "2013-04-24", "acceptedDate": "2013-04-24 13:02:14", "calendarYear": "2013", "period": "Q1", "revenue": 815700000, "costOfRevenue": 305300000, "grossProfit": 510400000, "grossProfitRatio": 0.6257202403, "researchAndDevelopmentExpenses": 0, "generalAndAdministrativeExpenses": 33000000, "sellingAndMarketingExpenses": 25100000, "sellingGeneralAndAdministrativeExpenses": 58100000, "otherExpenses": 79700000, "operatingExpenses": 137800000, "costAndExpenses": 443100000, "interestIncome": 0, "interestExpense": 0, "depreciationAndAmortization": 21500000, "ebitda": 394100000, "ebitdaratio": 0.4831433125, "operatingIncome": 372600000, "operatingIncomeRatio": 0.4567855829, "totalOtherIncomeExpensesNet": 18300000, "incomeBeforeTax": 390900000, "incomeBeforeTaxRatio": 0.4792203016, "incomeTaxExpense": 149000000, "netIncome": 241900000, "netIncomeRatio": 0.296555106, "eps": 0.93, "epsdiluted": 0.91, "weightedAverageShsOut": 263846153, "weightedAverageShsOutDil": 264899999, "link": "https://www.sec.gov/Archives/edgar/data/1113169/000111316913000020/0001113169-13-000020-index.htm", "finalLink": "https://www.sec.gov/Archives/edgar/data/1113169/000111316913000020/a10q-q12013.htm"}, {"date": "2012-12-31", "symbol": "TROW", "reportedCurrency": "USD", "cik": "0001113169", "fillingDate": "2013-02-05", "acceptedDate": "2013-02-05 13:03:18", "calendarYear": "2012", "period": "Q4", "revenue": 789600000, "costOfRevenue": 1143700000, "grossProfit": -354100000, "grossProfitRatio": -0.4484549139, "researchAndDevelopmentExpenses": 0, "generalAndAdministrativeExpenses": -753800000, "sellingAndMarketingExpenses": -43600000, "sellingGeneralAndAdministrativeExpenses": -797400000, "otherExpenses": 79800000, "operatingExpenses": -717600000, "costAndExpenses": 426100000, "interestIncome": 0, "interestExpense": 0, "depreciationAndAmortization": 21400000, "ebitda": 382600000, "ebitdaratio": 0.4845491388, "operatingIncome": 361200000, "operatingIncomeRatio": 0.4574468085, "totalOtherIncomeExpensesNet": 16900000, "incomeBeforeTax": 378100000, "incomeBeforeTaxRatio": 0.4788500507, "incomeTaxExpense": 146100000, "netIncome": 232000000, "netIncomeRatio": 0.2938196555, "eps": 0.9, "epsdiluted": 0.88, "weightedAverageShsOut": 256900000, "weightedAverageShsOutDil": 264900000, "link": "https://www.sec.gov/Archives/edgar/data/1113169/000111316913000010/0001113169-13-000010-index.htm", "finalLink": "https://www.sec.gov/Archives/edgar/data/1113169/000111316913000010/a201210k.htm"}, {"date": "2012-09-30", "symbol": "TROW", "reportedCurrency": "USD", "cik": "0001113169", "fillingDate": "2012-10-24", "acceptedDate": "2012-10-24 12:45:45", "calendarYear": "2012", "period": "Q3", "revenue": 769700000, "costOfRevenue": 288200000, "grossProfit": 481500000, "grossProfitRatio": 0.6255684033, "researchAndDevelopmentExpenses": 0, "generalAndAdministrativeExpenses": 31000000, "sellingAndMarketingExpenses": 17500000, "sellingGeneralAndAdministrativeExpenses": 48500000, "otherExpenses": 74100000, "operatingExpenses": 122600000, "costAndExpenses": 410800000, "interestIncome": 0, "interestExpense": 0, "depreciationAndAmortization": 20700000, "ebitda": 379600000, "ebitdaratio": 0.4931791607, "operatingIncome": 358900000, "operatingIncomeRatio": 0.4662855658, "totalOtherIncomeExpensesNet": 41400000, "incomeBeforeTax": 400300000, "incomeBeforeTaxRatio": 0.5200727556, "incomeTaxExpense": 153000000, "netIncome": 247300000, "netIncomeRatio": 0.3212940107, "eps": 0.97, "epsdiluted": 0.94, "weightedAverageShsOut": 253000000, "weightedAverageShsOutDil": 260300000, "link": "https://www.sec.gov/Archives/edgar/data/1113169/000111316912000007/0001113169-12-000007-index.htm", "finalLink": "https://www.sec.gov/Archives/edgar/data/1113169/000111316912000007/trow-2012930x10q.htm"}, {"date": "2012-06-30", "symbol": "TROW", "reportedCurrency": "USD", "cik": "0001113169", "fillingDate": "2012-07-25", "acceptedDate": "2012-07-25 16:23:55", "calendarYear": "2012", "period": "Q2", "revenue": 736800000, "costOfRevenue": 285200000, "grossProfit": 451600000, "grossProfitRatio": 0.6129207383, "researchAndDevelopmentExpenses": 0, "generalAndAdministrativeExpenses": 31400000, "sellingAndMarketingExpenses": 19800000, "sellingGeneralAndAdministrativeExpenses": 51200000, "otherExpenses": 72400000, "operatingExpenses": 123600000, "costAndExpenses": 408800000, "interestIncome": 0, "interestExpense": 0, "depreciationAndAmortization": 20000000, "ebitda": 348000000, "ebitdaratio": 0.4723127036, "operatingIncome": 328000000, "operatingIncomeRatio": 0.4451682953, "totalOtherIncomeExpensesNet": 7400000, "incomeBeforeTax": 335400000, "incomeBeforeTaxRatio": 0.4552117264, "incomeTaxExpense": 128600000, "netIncome": 206800000, "netIncomeRatio": 0.2806731813, "eps": 0.81, "epsdiluted": 0.79, "weightedAverageShsOut": 253400000, "weightedAverageShsOutDil": 260600000, "link": "https://www.sec.gov/Archives/edgar/data/1113169/000119312512314482/0001193125-12-314482-index.htm", "finalLink": "https://www.sec.gov/Archives/edgar/data/1113169/000119312512314482/d378254d10q.htm"}, {"date": "2012-03-31", "symbol": "TROW", "reportedCurrency": "USD", "cik": "0001113169", "fillingDate": "2012-04-24", "acceptedDate": "2012-04-24 15:55:02", "calendarYear": "2012", "period": "Q1", "revenue": 728700000, "costOfRevenue": 282900000, "grossProfit": 445800000, "grossProfitRatio": 0.6117743928, "researchAndDevelopmentExpenses": 0, "generalAndAdministrativeExpenses": 30100000, "sellingAndMarketingExpenses": 25800000, "sellingGeneralAndAdministrativeExpenses": 55900000, "otherExpenses": 73700000, "operatingExpenses": 129600000, "costAndExpenses": 412500000, "interestIncome": 0, "interestExpense": 0, "depreciationAndAmortization": 19200000, "ebitda": 335400000, "ebitdaratio": 0.4602717168, "operatingIncome": 316200000, "operatingIncomeRatio": 0.4339234253, "totalOtherIncomeExpensesNet": 5100000, "incomeBeforeTax": 321300000, "incomeBeforeTaxRatio": 0.4409221902, "incomeTaxExpense": 123800000, "netIncome": 197500000, "netIncomeRatio": 0.2710306024, "eps": 0.78, "epsdiluted": 0.75, "weightedAverageShsOut": 253100000, "weightedAverageShsOutDil": 261000000, "link": "https://www.sec.gov/Archives/edgar/data/1113169/000119312512178778/0001193125-12-178778-index.htm", "finalLink": "https://www.sec.gov/Archives/edgar/data/1113169/000119312512178778/d338989d10q.htm"}, {"date": "2011-12-31", "symbol": "TROW", "reportedCurrency": "USD", "cik": "0001113169", "fillingDate": "2012-02-03", "acceptedDate": "2012-02-03 15:45:45", "calendarYear": "2011", "period": "Q4", "revenue": 671600000, "costOfRevenue": 189600000, "grossProfit": 482000000, "grossProfitRatio": 0.7176891007, "researchAndDevelopmentExpenses": 0, "generalAndAdministrativeExpenses": 140700000, "sellingAndMarketingExpenses": 25800000, "sellingGeneralAndAdministrativeExpenses": 166500000, "otherExpenses": 21900000, "operatingExpenses": 188400000, "costAndExpenses": 378000000, "interestIncome": 0, "interestExpense": 0, "depreciationAndAmortization": 19100000, "ebitda": 312700000, "ebitdaratio": 0.4656045265, "operatingIncome": 293600000, "operatingIncomeRatio": 0.4371649792, "totalOtherIncomeExpensesNet": 12900000, "incomeBeforeTax": 306500000, "incomeBeforeTaxRatio": 0.456372841, "incomeTaxExpense": 118100000, "netIncome": 188400000, "netIncomeRatio": 0.2805241215, "eps": 0.71, "epsdiluted": 0.69, "weightedAverageShsOut": 258700000, "weightedAverageShsOutDil": 268500000, "link": "https://www.sec.gov/Archives/edgar/data/1113169/000119312512038736/0001193125-12-038736-index.htm", "finalLink": "https://www.sec.gov/Archives/edgar/data/1113169/000119312512038736/d292752d10k.htm"}, {"date": "2011-09-30", "symbol": "TROW", "reportedCurrency": "USD", "cik": "0001113169", "fillingDate": "2011-10-25", "acceptedDate": "2011-10-25 16:24:41", "calendarYear": "2011", "period": "Q3", "revenue": 679400000, "costOfRevenue": 0, "grossProfit": 679400000, "grossProfitRatio": 1, "researchAndDevelopmentExpenses": 0, "generalAndAdministrativeExpenses": 280800000, "sellingAndMarketingExpenses": 39500000, "sellingGeneralAndAdministrativeExpenses": 320300000, "otherExpenses": 63900000, "operatingExpenses": 384200000, "costAndExpenses": 384200000, "interestIncome": 0, "interestExpense": 0, "depreciationAndAmortization": 18600000, "ebitda": 313800000, "ebitdaratio": 0.4618781278, "operatingIncome": 295200000, "operatingIncomeRatio": 0.4345010303, "totalOtherIncomeExpensesNet": 1300000, "incomeBeforeTax": 296500000, "incomeBeforeTaxRatio": 0.4364144834, "incomeTaxExpense": 111000000, "netIncome": 185500000, "netIncomeRatio": 0.2730350309, "eps": 0.73, "epsdiluted": 0.71, "weightedAverageShsOut": 253700000, "weightedAverageShsOutDil": 260000000, "link": "https://www.sec.gov/Archives/edgar/data/1113169/000119312511280312/0001193125-11-280312-index.htm", "finalLink": "https://www.sec.gov/Archives/edgar/data/1113169/000119312511280312/d245975d10q.htm"}, {"date": "2011-06-30", "symbol": "TROW", "reportedCurrency": "USD", "cik": "0001113169", "fillingDate": "2011-07-26", "acceptedDate": "2011-07-26 15:00:50", "calendarYear": "2011", "period": "Q2", "revenue": 713700000, "costOfRevenue": 50100000, "grossProfit": 663600000, "grossProfitRatio": 0.929802438, "researchAndDevelopmentExpenses": 0, "generalAndAdministrativeExpenses": 248800000, "sellingAndMarketingExpenses": 20600000, "sellingGeneralAndAdministrativeExpenses": 269400000, "otherExpenses": 67600000, "operatingExpenses": 337000000, "costAndExpenses": 387100000, "interestIncome": 0, "interestExpense": 0, "depreciationAndAmortization": 18000000, "ebitda": 344600000, "ebitdaratio": 0.4828359255, "operatingIncome": 326600000, "operatingIncomeRatio": 0.4576152445, "totalOtherIncomeExpensesNet": 5600000, "incomeBeforeTax": 332200000, "incomeBeforeTaxRatio": 0.4654616786, "incomeTaxExpense": 127500000, "netIncome": 204700000, "netIncomeRatio": 0.2868151885, "eps": 0.79, "epsdiluted": 0.76, "weightedAverageShsOut": 258000000, "weightedAverageShsOutDil": 266700000, "link": "https://www.sec.gov/Archives/edgar/data/1113169/000095012311068294/0000950123-11-068294-index.htm", "finalLink": "https://www.sec.gov/Archives/edgar/data/1113169/000095012311068294/w83451e10vq.htm"}, {"date": "2011-03-31", "symbol": "TROW", "reportedCurrency": "USD", "cik": "0001113169", "fillingDate": "2011-04-21", "acceptedDate": "2011-04-21 13:13:10", "calendarYear": "2011", "period": "Q1", "revenue": 682400000, "costOfRevenue": 40400000, "grossProfit": 642000000, "grossProfitRatio": 0.9407971864, "researchAndDevelopmentExpenses": 0, "generalAndAdministrativeExpenses": 242900000, "sellingAndMarketingExpenses": 25400000, "sellingGeneralAndAdministrativeExpenses": 268300000, "otherExpenses": 62200000, "operatingExpenses": 330500000, "costAndExpenses": 370900000, "interestIncome": 0, "interestExpense": 0, "depreciationAndAmortization": 16700000, "ebitda": 328200000, "ebitdaratio": 0.4809495897, "operatingIncome": 311500000, "operatingIncomeRatio": 0.4564771395, "totalOtherIncomeExpensesNet": 3900000, "incomeBeforeTax": 315400000, "incomeBeforeTaxRatio": 0.4621922626, "incomeTaxExpense": 120800000, "netIncome": 194600000, "netIncomeRatio": 0.2851699883, "eps": 0.75, "epsdiluted": 0.72, "weightedAverageShsOut": 253100000, "weightedAverageShsOutDil": 261000000, "link": "https://www.sec.gov/Archives/edgar/data/1113169/000095012311037660/0000950123-11-037660-index.htm", "finalLink": "https://www.sec.gov/Archives/edgar/data/1113169/000095012311037660/w82427e10vq.htm"}, {"date": "2010-12-31", "symbol": "TROW", "reportedCurrency": "USD", "cik": "0001113169", "fillingDate": "2011-02-08", "acceptedDate": "2011-02-08 17:02:16", "calendarYear": "2010", "period": "Q4", "revenue": 647500000, "costOfRevenue": 29300000, "grossProfit": 618200000, "grossProfitRatio": 0.9547490347, "researchAndDevelopmentExpenses": 0, "generalAndAdministrativeExpenses": 223400000, "sellingAndMarketingExpenses": 24700000, "sellingGeneralAndAdministrativeExpenses": 248100000, "otherExpenses": 87300000, "operatingExpenses": 335400000, "costAndExpenses": 364700000, "interestIncome": 0, "interestExpense": 0, "depreciationAndAmortization": 15900000, "ebitda": 298700000, "ebitdaratio": 0.4613127413, "operatingIncome": 282800000, "operatingIncomeRatio": 0.4367567568, "totalOtherIncomeExpensesNet": 15400000, "incomeBeforeTax": 298200000, "incomeBeforeTaxRatio": 0.4605405405, "incomeTaxExpense": 106600000, "netIncome": 191600000, "netIncomeRatio": 0.2959073359, "eps": 0.73, "epsdiluted": 0.71, "weightedAverageShsOut": 258200000, "weightedAverageShsOutDil": 266200000, "link": "https://www.sec.gov/Archives/edgar/data/1113169/000095012311010348/0000950123-11-010348-index.htm", "finalLink": "https://www.sec.gov/Archives/edgar/data/1113169/000095012311010348/w81368e10vk.htm"}, {"date": "2010-09-30", "symbol": "TROW", "reportedCurrency": "USD", "cik": "0001113169", "fillingDate": "2010-10-22", "acceptedDate": "2010-10-22 11:51:22", "calendarYear": "2010", "period": "Q3", "revenue": 586100000, "costOfRevenue": 0, "grossProfit": 586100000, "grossProfitRatio": 1, "researchAndDevelopmentExpenses": 0, "generalAndAdministrativeExpenses": 242500000, "sellingAndMarketingExpenses": 18600000, "sellingGeneralAndAdministrativeExpenses": 261100000, "otherExpenses": 63100000, "operatingExpenses": 324200000, "costAndExpenses": 324200000, "interestIncome": 0, "interestExpense": 0, "depreciationAndAmortization": 16000000, "ebitda": 277900000, "ebitdaratio": 0.4741511687, "operatingIncome": 261900000, "operatingIncomeRatio": 0.446852073, "totalOtherIncomeExpensesNet": 8900000, "incomeBeforeTax": 270800000, "incomeBeforeTaxRatio": 0.462037195, "incomeTaxExpense": 101700000, "netIncome": 169100000, "netIncomeRatio": 0.2885173179, "eps": 0.66, "epsdiluted": 0.64, "weightedAverageShsOut": 255500000, "weightedAverageShsOutDil": 261800000, "link": "https://www.sec.gov/Archives/edgar/data/1113169/000095012310095145/0000950123-10-095145-index.htm", "finalLink": "https://www.sec.gov/Archives/edgar/data/1113169/000095012310095145/w79951e10vq.htm"}]