[{"date": "2025-06-30", "symbol": "NVMI", "reportedCurrency": "USD", "cik": "0001109345", "fillingDate": "2025-08-07", "acceptedDate": "2025-08-07 07:31:25", "calendarYear": "2025", "period": "Q2", "revenue": 219989000, "costOfRevenue": 92743000, "grossProfit": 127246000, "grossProfitRatio": 0.5784198301, "researchAndDevelopmentExpenses": 35446000, "generalAndAdministrativeExpenses": 6296000, "sellingAndMarketingExpenses": 19861000, "sellingGeneralAndAdministrativeExpenses": 26157000, "otherExpenses": 0, "operatingExpenses": 61603000, "costAndExpenses": 154346000, "interestIncome": 15177000, "interestExpense": 0, "depreciationAndAmortization": 5470000, "ebitda": 71113000, "ebitdaratio": 0.3232570719, "operatingIncome": 65643000, "operatingIncomeRatio": 0.2983921923, "totalOtherIncomeExpensesNet": 15177000, "incomeBeforeTax": 80820000, "incomeBeforeTaxRatio": 0.3673820055, "incomeTaxExpense": 12529000, "netIncome": 68291000, "netIncomeRatio": 0.3104291578, "eps": 2.32, "epsdiluted": 2.14, "weightedAverageShsOut": 29422000, "weightedAverageShsOutDil": 32053000, "link": "https://www.sec.gov/Archives/edgar/data/1109345/000117891325002675/0001178913-25-002675-index.htm", "finalLink": "https://www.sec.gov/Archives/edgar/data/1109345/000117891325002675/zk2533562.htm"}, {"date": "2025-03-31", "symbol": "NVMI", "reportedCurrency": "USD", "cik": "0001109345", "fillingDate": "2025-05-08", "acceptedDate": "2025-05-08 07:30:13", "calendarYear": "2025", "period": "Q1", "revenue": 213356000, "costOfRevenue": 91053000, "grossProfit": 122303000, "grossProfitRatio": 0.5732344063, "researchAndDevelopmentExpenses": 33234000, "generalAndAdministrativeExpenses": 6049000, "sellingAndMarketingExpenses": 19788000, "sellingGeneralAndAdministrativeExpenses": 25837000, "otherExpenses": 0, "operatingExpenses": 59071000, "costAndExpenses": 150124000, "interestIncome": 12937000, "interestExpense": 0, "depreciationAndAmortization": 4902000, "ebitda": 68134000, "ebitdaratio": 0.3193441947, "operatingIncome": 63232000, "operatingIncomeRatio": 0.2963685108, "totalOtherIncomeExpensesNet": 12937000, "incomeBeforeTax": 76169000, "incomeBeforeTaxRatio": 0.3570042558, "incomeTaxExpense": 11346000, "netIncome": 64823000, "netIncomeRatio": 0.303825531, "eps": 2.22, "epsdiluted": 2.03, "weightedAverageShsOut": 29262000, "weightedAverageShsOutDil": 32062000, "link": "https://www.sec.gov/Archives/edgar/data/1109345/000117891325001656/0001178913-25-001656-index.htm", "finalLink": "https://www.sec.gov/Archives/edgar/data/1109345/000117891325001656/zk2533138.htm"}, {"date": "2024-12-31", "symbol": "NVMI", "reportedCurrency": "USD", "cik": "0001109345", "fillingDate": "2025-02-20", "acceptedDate": "2025-02-20 06:46:08", "calendarYear": "2024", "period": "Q4", "revenue": 194766000, "costOfRevenue": 84835000, "grossProfit": 109931000, "grossProfitRatio": 0.5644260292, "researchAndDevelopmentExpenses": 30909000, "generalAndAdministrativeExpenses": 7571000, "sellingAndMarketingExpenses": 15980000, "sellingGeneralAndAdministrativeExpenses": 23551000, "otherExpenses": 0, "operatingExpenses": 54460000, "costAndExpenses": 139295000, "interestIncome": 3756000, "interestExpense": 0, "depreciationAndAmortization": 4296000, "ebitda": 59767000, "ebitdaratio": 0.3068656747, "operatingIncome": 55471000, "operatingIncomeRatio": 0.2848084368, "totalOtherIncomeExpensesNet": 3756000, "incomeBeforeTax": 59227000, "incomeBeforeTaxRatio": 0.3040931169, "incomeTaxExpense": 8746000, "netIncome": 50481000, "netIncomeRatio": 0.2591879486, "eps": 1.72, "epsdiluted": 1.58, "weightedAverageShsOut": 29304000, "weightedAverageShsOutDil": 32062000, "link": "https://www.sec.gov/Archives/edgar/data/1109345/000117891325000572/0001178913-25-000572-index.htm", "finalLink": "https://www.sec.gov/Archives/edgar/data/1109345/000117891325000572/zk2532701.htm"}, {"date": "2024-09-30", "symbol": "NVMI", "reportedCurrency": "USD", "cik": "0001109345", "fillingDate": "2024-09-30", "acceptedDate": "2024-09-30 00:00:00", "calendarYear": "2024", "period": "Q3", "revenue": 178974000, "costOfRevenue": 77641000, "grossProfit": 101333000, "grossProfitRatio": 0.5661883849, "researchAndDevelopmentExpenses": 29083000, "generalAndAdministrativeExpenses": 6425000, "sellingAndMarketingExpenses": 16594000, "sellingGeneralAndAdministrativeExpenses": 23019000, "otherExpenses": 0, "operatingExpenses": 52102000, "costAndExpenses": 129743000, "interestIncome": 11030000, "interestExpense": 0, "depreciationAndAmortization": 4353000, "ebitda": 53584000, "ebitdaratio": 0.2993954429, "operatingIncome": 49231000, "operatingIncomeRatio": 0.2750734744, "totalOtherIncomeExpensesNet": 11030000, "incomeBeforeTax": 60261000, "incomeBeforeTaxRatio": 0.3367025378, "incomeTaxExpense": 8982000, "netIncome": 51279000, "netIncomeRatio": 0.2865164773, "eps": 1.76, "epsdiluted": 1.6, "weightedAverageShsOut": 29099000, "weightedAverageShsOutDil": 32238000, "link": null, "finalLink": null}, {"date": "2024-06-30", "symbol": "NVMI", "reportedCurrency": "USD", "cik": "0001109345", "fillingDate": "2024-06-30", "acceptedDate": "2024-06-29 20:00:00", "calendarYear": "2024", "period": "Q2", "revenue": 156858000, "costOfRevenue": 64297000, "grossProfit": 92561000, "grossProfitRatio": 0.5900942254, "researchAndDevelopmentExpenses": 25513000, "generalAndAdministrativeExpenses": 5407000, "sellingAndMarketingExpenses": 16023000, "sellingGeneralAndAdministrativeExpenses": 21430000, "otherExpenses": 0, "operatingExpenses": 46943000, "costAndExpenses": 111240000, "interestIncome": 7961000, "interestExpense": 0, "depreciationAndAmortization": 4359000, "ebitda": 49977000, "ebitdaratio": 0.318613013, "operatingIncome": 45618000, "operatingIncomeRatio": 0.2908235474, "totalOtherIncomeExpensesNet": 7961000, "incomeBeforeTax": 53579000, "incomeBeforeTaxRatio": 0.3415764577, "incomeTaxExpense": 8437000, "netIncome": 45142000, "netIncomeRatio": 0.2877889556, "eps": 1.55, "epsdiluted": 1.4, "weightedAverageShsOut": 29048000, "weightedAverageShsOutDil": 32238999, "link": null, "finalLink": null}, {"date": "2024-03-31", "symbol": "NVMI", "reportedCurrency": "USD", "cik": "0001109345", "fillingDate": "2024-03-31", "acceptedDate": "2024-03-29 20:00:00", "calendarYear": "2024", "period": "Q1", "revenue": 141798000, "costOfRevenue": 58537000, "grossProfit": 83261000, "grossProfitRatio": 0.5871803552, "researchAndDevelopmentExpenses": 24752000, "generalAndAdministrativeExpenses": 4796000, "sellingAndMarketingExpenses": 16493000, "sellingGeneralAndAdministrativeExpenses": 21289000, "otherExpenses": 0, "operatingExpenses": 46041000, "costAndExpenses": 104578000, "interestIncome": 6000000, "interestExpense": 0, "depreciationAndAmortization": 4371000, "ebitda": 41591000, "ebitdaratio": 0.2933116123, "operatingIncome": 37220000, "operatingIncomeRatio": 0.2624860717, "totalOtherIncomeExpensesNet": 6000000, "incomeBeforeTax": 43220000, "incomeBeforeTaxRatio": 0.3047997856, "incomeTaxExpense": 6360000, "netIncome": 36860000, "netIncomeRatio": 0.2599472489, "eps": 1.27, "epsdiluted": 1.15, "weightedAverageShsOut": 29030000, "weightedAverageShsOutDil": 32159000, "link": null, "finalLink": null}, {"date": "2023-12-31", "symbol": "NVMI", "reportedCurrency": "USD", "cik": "0001109345", "fillingDate": "2024-02-20", "acceptedDate": "2024-02-20 07:00:49", "calendarYear": "2023", "period": "Q4", "revenue": 134219000, "costOfRevenue": 60207000, "grossProfit": 74012000, "grossProfitRatio": 0.5514271452, "researchAndDevelopmentExpenses": 21290000, "generalAndAdministrativeExpenses": 5480000, "sellingAndMarketingExpenses": 13580000, "sellingGeneralAndAdministrativeExpenses": 19060000, "otherExpenses": 0, "operatingExpenses": 40350000, "costAndExpenses": 100557000, "interestIncome": 7283000, "interestExpense": 1303000, "depreciationAndAmortization": 4217000, "ebitda": 37879000, "ebitdaratio": 0.2822178678, "operatingIncome": 33662000, "operatingIncomeRatio": 0.2507990672, "totalOtherIncomeExpensesNet": 7283000, "incomeBeforeTax": 40945000, "incomeBeforeTaxRatio": 0.3050611314, "incomeTaxExpense": 2877000, "netIncome": 38068000, "netIncomeRatio": 0.2836260142, "eps": 1.31, "epsdiluted": 1.19, "weightedAverageShsOut": 28975000, "weightedAverageShsOutDil": 32023000, "link": "https://www.sec.gov/Archives/edgar/data/1109345/000117891324000649/0001178913-24-000649-index.htm", "finalLink": "https://www.sec.gov/Archives/edgar/data/1109345/000117891324000649/zk2430914.htm"}, {"date": "2023-09-30", "symbol": "NVMI", "reportedCurrency": "USD", "cik": "0001109345", "fillingDate": "2023-09-30", "acceptedDate": "2023-09-29 20:00:00", "calendarYear": "2023", "period": "Q3", "revenue": 128808000, "costOfRevenue": 56567000, "grossProfit": 72241000, "grossProfitRatio": 0.5608424943, "researchAndDevelopmentExpenses": 21372000, "generalAndAdministrativeExpenses": 4283000, "sellingAndMarketingExpenses": 12438000, "sellingGeneralAndAdministrativeExpenses": 16721000, "otherExpenses": 0, "operatingExpenses": 38093000, "costAndExpenses": 94660000, "interestIncome": 4797000, "interestExpense": 0, "depreciationAndAmortization": 4249000, "ebitda": 38397000, "ebitdaratio": 0.2980948388, "operatingIncome": 34148000, "operatingIncomeRatio": 0.2651077573, "totalOtherIncomeExpensesNet": 4797000, "incomeBeforeTax": 38945000, "incomeBeforeTaxRatio": 0.302349233, "incomeTaxExpense": 5256000, "netIncome": 33689000, "netIncomeRatio": 0.261544314, "eps": 1.17, "epsdiluted": 1.05, "weightedAverageShsOut": 28870000, "weightedAverageShsOutDil": 31983000, "link": null, "finalLink": null}, {"date": "2023-06-30", "symbol": "NVMI", "reportedCurrency": "USD", "cik": "0001109345", "fillingDate": "2023-06-30", "acceptedDate": "2023-06-30 00:00:00", "calendarYear": "2023", "period": "Q2", "revenue": 122702000, "costOfRevenue": 53044000, "grossProfit": 69658000, "grossProfitRatio": 0.567700608, "researchAndDevelopmentExpenses": 22413000, "generalAndAdministrativeExpenses": 5602000, "sellingAndMarketingExpenses": 12927000, "sellingGeneralAndAdministrativeExpenses": 18529000, "otherExpenses": 0, "operatingExpenses": 40942000, "costAndExpenses": 93986000, "interestIncome": 5628000, "interestExpense": 0, "depreciationAndAmortization": 3951000, "ebitda": 32667000, "ebitdaratio": 0.2662303793, "operatingIncome": 28716000, "operatingIncomeRatio": 0.2340304152, "totalOtherIncomeExpensesNet": 5628000, "incomeBeforeTax": 34344000, "incomeBeforeTaxRatio": 0.2798976382, "incomeTaxExpense": 4418000, "netIncome": 29926000, "netIncomeRatio": 0.2438917051, "eps": 1.04, "epsdiluted": 0.94, "weightedAverageShsOut": 28766000, "weightedAverageShsOutDil": 31928000, "link": null, "finalLink": null}, {"date": "2023-03-31", "symbol": "NVMI", "reportedCurrency": "USD", "cik": "0001109345", "fillingDate": "2023-03-31", "acceptedDate": "2023-03-31 00:00:00", "calendarYear": "2023", "period": "Q1", "revenue": 132193000, "costOfRevenue": 54927000, "grossProfit": 77266000, "grossProfitRatio": 0.5844938839, "researchAndDevelopmentExpenses": 22968000, "generalAndAdministrativeExpenses": 5039000, "sellingAndMarketingExpenses": 13522000, "sellingGeneralAndAdministrativeExpenses": 18561000, "otherExpenses": 0, "operatingExpenses": 41529000, "costAndExpenses": 96456000, "interestIncome": 4728000, "interestExpense": 0, "depreciationAndAmortization": 3784000, "ebitda": 39521000, "ebitdaratio": 0.298964393, "operatingIncome": 35737000, "operatingIncomeRatio": 0.2703395793, "totalOtherIncomeExpensesNet": 4728000, "incomeBeforeTax": 40465000, "incomeBeforeTaxRatio": 0.306105467, "incomeTaxExpense": 5838000, "netIncome": 34627000, "netIncomeRatio": 0.2619427655, "eps": 1.21, "epsdiluted": 1.09, "weightedAverageShsOut": 28678000, "weightedAverageShsOutDil": 31824000, "link": null, "finalLink": null}, {"date": "2022-12-31", "symbol": "NVMI", "reportedCurrency": "USD", "cik": "0001109345", "fillingDate": "2023-02-28", "acceptedDate": "2023-02-28 07:03:23", "calendarYear": "2022", "period": "Q4", "revenue": 151238000, "costOfRevenue": 67510000, "grossProfit": 83728000, "grossProfitRatio": 0.5536174771, "researchAndDevelopmentExpenses": 26206000, "generalAndAdministrativeExpenses": 5077000, "sellingAndMarketingExpenses": 14058000, "sellingGeneralAndAdministrativeExpenses": 19135000, "otherExpenses": 1463000, "operatingExpenses": 46804000, "costAndExpenses": 114314000, "interestIncome": 2157000, "interestExpense": 2157000, "depreciationAndAmortization": 3954000, "ebitda": 40512000, "ebitdaratio": 0.2678691863, "operatingIncome": 36924000, "operatingIncomeRatio": 0.24414499, "totalOtherIncomeExpensesNet": 2157000, "incomeBeforeTax": 39081000, "incomeBeforeTaxRatio": 0.2584072786, "incomeTaxExpense": 2983000, "netIncome": 36098000, "netIncomeRatio": 0.2386833997, "eps": 1.26, "epsdiluted": 1.14, "weightedAverageShsOut": 28731000, "weightedAverageShsOutDil": 31737000, "link": "https://www.sec.gov/Archives/edgar/data/1109345/000117891323000775/0001178913-23-000775-index.htm", "finalLink": "https://www.sec.gov/Archives/edgar/data/1109345/000117891323000775/zk2329275.htm"}, {"date": "2022-09-30", "symbol": "NVMI", "reportedCurrency": "USD", "cik": "0001109345", "fillingDate": "2022-09-30", "acceptedDate": "2022-09-29 20:00:00", "calendarYear": "2022", "period": "Q3", "revenue": 143906000, "costOfRevenue": 61776000, "grossProfit": 82130000, "grossProfitRatio": 0.5707197754, "researchAndDevelopmentExpenses": 23008000, "generalAndAdministrativeExpenses": 5264000, "sellingAndMarketingExpenses": 13476000, "sellingGeneralAndAdministrativeExpenses": 18740000, "otherExpenses": 1444000, "operatingExpenses": 43192000, "costAndExpenses": 104968000, "interestIncome": 1535000, "interestExpense": 0, "depreciationAndAmortization": 3538000, "ebitda": 42476000, "ebitdaratio": 0.2951648993, "operatingIncome": 38938000, "operatingIncomeRatio": 0.270579406, "totalOtherIncomeExpensesNet": 1535000, "incomeBeforeTax": 40473000, "incomeBeforeTaxRatio": 0.2812460912, "incomeTaxExpense": 5398000, "netIncome": 35075000, "netIncomeRatio": 0.243735494, "eps": 1.1, "epsdiluted": 1.1, "weightedAverageShsOut": 31886363, "weightedAverageShsOutDil": 31892000, "link": "", "finalLink": ""}, {"date": "2022-06-30", "symbol": "NVMI", "reportedCurrency": "USD", "cik": "0001109345", "fillingDate": "2022-06-30", "acceptedDate": "2022-06-30 00:00:00", "calendarYear": "2022", "period": "Q2", "revenue": 141628000, "costOfRevenue": 61240000, "grossProfit": 80388000, "grossProfitRatio": 0.5675996272, "researchAndDevelopmentExpenses": 22115000, "generalAndAdministrativeExpenses": 7455000, "sellingAndMarketingExpenses": 12342000, "sellingGeneralAndAdministrativeExpenses": 19797000, "otherExpenses": 1513000, "operatingExpenses": 43425000, "costAndExpenses": 104665000, "interestIncome": 3568000, "interestExpense": 0, "depreciationAndAmortization": 3514000, "ebitda": 40477000, "ebitdaratio": 0.285798006, "operatingIncome": 36963000, "operatingIncomeRatio": 0.2609865281, "totalOtherIncomeExpensesNet": 3568000, "incomeBeforeTax": 40531000, "incomeBeforeTaxRatio": 0.2861792866, "incomeTaxExpense": 5653000, "netIncome": 34878000, "netIncomeRatio": 0.2462648629, "eps": 1.09, "epsdiluted": 1.09, "weightedAverageShsOut": 31902000, "weightedAverageShsOutDil": 31902000, "link": null, "finalLink": null}, {"date": "2022-03-31", "symbol": "NVMI", "reportedCurrency": "USD", "cik": "0001109345", "fillingDate": "2022-03-31", "acceptedDate": "2022-03-30 20:00:00", "calendarYear": "2022", "period": "Q1", "revenue": 133957000, "costOfRevenue": 57807000, "grossProfit": 76150000, "grossProfitRatio": 0.5684660003, "researchAndDevelopmentExpenses": 19129000, "generalAndAdministrativeExpenses": 6056000, "sellingAndMarketingExpenses": 12246000, "sellingGeneralAndAdministrativeExpenses": 18302000, "otherExpenses": 1613000, "operatingExpenses": 39044000, "costAndExpenses": 96851000, "interestIncome": 1218000, "interestExpense": 0, "depreciationAndAmortization": 3648000, "ebitda": 40754000, "ebitdaratio": 0.304231955, "operatingIncome": 37106000, "operatingIncomeRatio": 0.2769993356, "totalOtherIncomeExpensesNet": 1218000, "incomeBeforeTax": 38324000, "incomeBeforeTaxRatio": 0.2860918056, "incomeTaxExpense": 4162000, "netIncome": 34162000, "netIncomeRatio": 0.255022134, "eps": 1.07, "epsdiluted": 1.07, "weightedAverageShsOut": 31927102, "weightedAverageShsOutDil": 31968000, "link": "", "finalLink": ""}, {"date": "2021-12-31", "symbol": "NVMI", "reportedCurrency": "USD", "cik": "0001109345", "fillingDate": "2022-03-01", "acceptedDate": "2022-03-01 07:01:04", "calendarYear": "2021", "period": "Q4", "revenue": 121521000, "costOfRevenue": 53272000, "grossProfit": 68249000, "grossProfitRatio": 0.561623094, "researchAndDevelopmentExpenses": 20140000, "generalAndAdministrativeExpenses": 6262000, "sellingAndMarketingExpenses": 11219000, "sellingGeneralAndAdministrativeExpenses": 17481000, "otherExpenses": 735000, "operatingExpenses": 38356000, "costAndExpenses": 91628000, "interestIncome": 0, "interestExpense": 1518000, "depreciationAndAmortization": 2416000, "ebitda": 32309000, "ebitdaratio": 0.2658717423, "operatingIncome": 29893000, "operatingIncomeRatio": 0.245990405, "totalOtherIncomeExpensesNet": -1518000, "incomeBeforeTax": 28375000, "incomeBeforeTaxRatio": 0.2334987368, "incomeTaxExpense": 6149000, "netIncome": 22226000, "netIncomeRatio": 0.1828984291, "eps": 0.78, "epsdiluted": 0.73, "weightedAverageShsOut": 28539000, "weightedAverageShsOutDil": 30285000, "link": "https://www.sec.gov/Archives/edgar/data/1109345/000117891322000869/0001178913-22-000869-index.htm", "finalLink": "https://www.sec.gov/Archives/edgar/data/1109345/000117891322000869/zk2227355.htm"}, {"date": "2021-09-30", "symbol": "NVMI", "reportedCurrency": "USD", "cik": "0001109345", "fillingDate": "2021-09-30", "acceptedDate": "2021-09-29 20:00:00", "calendarYear": "2021", "period": "Q3", "revenue": 112713000, "costOfRevenue": 47475000, "grossProfit": 65238000, "grossProfitRatio": 0.5787974768, "researchAndDevelopmentExpenses": 15858000, "generalAndAdministrativeExpenses": 4135000, "sellingAndMarketingExpenses": 9145000, "sellingGeneralAndAdministrativeExpenses": 13280000, "otherExpenses": 574000, "operatingExpenses": 29712000, "costAndExpenses": 77187000, "interestIncome": 0, "interestExpense": 889000, "depreciationAndAmortization": 2193000, "ebitda": 37719000, "ebitdaratio": 0.3346464028, "operatingIncome": 35526000, "operatingIncomeRatio": 0.3151899071, "totalOtherIncomeExpensesNet": -889000, "incomeBeforeTax": 34637000, "incomeBeforeTaxRatio": 0.3073026182, "incomeTaxExpense": 4302000, "netIncome": 30335000, "netIncomeRatio": 0.2691348824, "eps": 1.07, "epsdiluted": 1.02, "weightedAverageShsOut": 28429000, "weightedAverageShsOutDil": 29858000, "link": "", "finalLink": ""}, {"date": "2021-06-30", "symbol": "NVMI", "reportedCurrency": "USD", "cik": "0001109345", "fillingDate": "2021-06-30", "acceptedDate": "2021-06-29 20:00:00", "calendarYear": "2021", "period": "Q2", "revenue": 97746000, "costOfRevenue": 41802000, "grossProfit": 55944000, "grossProfitRatio": 0.5723405561, "researchAndDevelopmentExpenses": 15341000, "generalAndAdministrativeExpenses": 3388000, "sellingAndMarketingExpenses": 9432000, "sellingGeneralAndAdministrativeExpenses": 12820000, "otherExpenses": 574000, "operatingExpenses": 28735000, "costAndExpenses": 70537000, "interestIncome": 0, "interestExpense": 1150000, "depreciationAndAmortization": 2170000, "ebitda": 29379000, "ebitdaratio": 0.300564729, "operatingIncome": 27209000, "operatingIncomeRatio": 0.278364332, "totalOtherIncomeExpensesNet": -1150000, "incomeBeforeTax": 26059000, "incomeBeforeTaxRatio": 0.2665991447, "incomeTaxExpense": 3135000, "netIncome": 22924000, "netIncomeRatio": 0.234526221, "eps": 0.81, "epsdiluted": 0.77, "weightedAverageShsOut": 28304000, "weightedAverageShsOutDil": 29815000, "link": "", "finalLink": ""}, {"date": "2021-03-31", "symbol": "NVMI", "reportedCurrency": "USD", "cik": "0001109345", "fillingDate": "2021-03-31", "acceptedDate": "2021-03-30 20:00:00", "calendarYear": "2021", "period": "Q1", "revenue": 84133000, "costOfRevenue": 36203000, "grossProfit": 47930000, "grossProfitRatio": 0.5696932238, "researchAndDevelopmentExpenses": 14518000, "generalAndAdministrativeExpenses": 3539000, "sellingAndMarketingExpenses": 9540000, "sellingGeneralAndAdministrativeExpenses": 13079000, "otherExpenses": 575000, "operatingExpenses": 28172000, "costAndExpenses": 64375000, "interestIncome": 424000, "interestExpense": 0, "depreciationAndAmortization": 2154000, "ebitda": 21912000, "ebitdaratio": 0.260444772, "operatingIncome": 19758000, "operatingIncomeRatio": 0.2348424518, "totalOtherIncomeExpensesNet": 424000, "incomeBeforeTax": 20182000, "incomeBeforeTaxRatio": 0.2398820915, "incomeTaxExpense": 2566000, "netIncome": 17616000, "netIncomeRatio": 0.209382763, "eps": 0.62, "epsdiluted": 0.6, "weightedAverageShsOut": 28214000, "weightedAverageShsOutDil": 29306000, "link": "", "finalLink": ""}, {"date": "2020-12-31", "symbol": "NVMI", "reportedCurrency": "USD", "cik": "0001109345", "fillingDate": "2021-03-01", "acceptedDate": "2021-03-01 08:00:56", "calendarYear": "2020", "period": "Q4", "revenue": 76303000, "costOfRevenue": 33980000, "grossProfit": 42323000, "grossProfitRatio": 0.5546701965, "researchAndDevelopmentExpenses": 15753000, "generalAndAdministrativeExpenses": 1009000, "sellingAndMarketingExpenses": 8089000, "sellingGeneralAndAdministrativeExpenses": 9098000, "otherExpenses": 626000, "operatingExpenses": 25477000, "costAndExpenses": 59457000, "interestIncome": 1796000, "interestExpense": 1335000, "depreciationAndAmortization": 2596000, "ebitda": 19442000, "ebitdaratio": 0.2547999423, "operatingIncome": 16846000, "operatingIncomeRatio": 0.220777689, "totalOtherIncomeExpensesNet": -1335000, "incomeBeforeTax": 15511000, "incomeBeforeTaxRatio": 0.2032816534, "incomeTaxExpense": 1854000, "netIncome": 13657000, "netIncomeRatio": 0.1789837883, "eps": 0.49, "epsdiluted": 0.47, "weightedAverageShsOut": 28146000, "weightedAverageShsOutDil": 28999000, "link": "https://www.sec.gov/Archives/edgar/data/1109345/000117891321000817/0001178913-21-000817-index.htm", "finalLink": "https://www.sec.gov/Archives/edgar/data/1109345/000117891321000817/nvmi20f2020.htm"}, {"date": "2020-09-30", "symbol": "NVMI", "reportedCurrency": "USD", "cik": "0001109345", "fillingDate": "2020-09-30", "acceptedDate": "2020-09-29 20:00:00", "calendarYear": "2020", "period": "Q3", "revenue": 69485000, "costOfRevenue": 29828000, "grossProfit": 39657000, "grossProfitRatio": 0.5707274951, "researchAndDevelopmentExpenses": 12957000, "generalAndAdministrativeExpenses": 3141000, "sellingAndMarketingExpenses": 7406000, "sellingGeneralAndAdministrativeExpenses": 10547000, "otherExpenses": 625000, "operatingExpenses": 24129000, "costAndExpenses": 53957000, "interestIncome": 846000, "interestExpense": 0, "depreciationAndAmortization": 2447000, "ebitda": 17975000, "ebitdaratio": 0.2586889257, "operatingIncome": 15528000, "operatingIncomeRatio": 0.2234726919, "totalOtherIncomeExpensesNet": 846000, "incomeBeforeTax": 16374000, "incomeBeforeTaxRatio": 0.2356479816, "incomeTaxExpense": 2478000, "netIncome": 13896000, "netIncomeRatio": 0.1999856084, "eps": 0.49, "epsdiluted": 0.48, "weightedAverageShsOut": 28168000, "weightedAverageShsOutDil": 29020000, "link": "", "finalLink": ""}, {"date": "2020-06-30", "symbol": "NVMI", "reportedCurrency": "USD", "cik": "0001109345", "fillingDate": "2020-07-16", "acceptedDate": "2020-07-16 09:00:10", "calendarYear": "2020", "period": "Q2", "revenue": 62586000, "costOfRevenue": 25985000, "grossProfit": 36601000, "grossProfitRatio": 0.5848112997, "researchAndDevelopmentExpenses": 12622000, "generalAndAdministrativeExpenses": 5775000, "sellingAndMarketingExpenses": 7263000, "sellingGeneralAndAdministrativeExpenses": 13038000, "otherExpenses": 626000, "operatingExpenses": 26286000, "costAndExpenses": 52271000, "interestIncome": 387000, "interestExpense": 0, "depreciationAndAmortization": 2045000, "ebitda": 12360000, "ebitdaratio": 0.1974882562, "operatingIncome": 10315000, "operatingIncomeRatio": 0.164813217, "totalOtherIncomeExpensesNet": 387000, "incomeBeforeTax": 10702000, "incomeBeforeTaxRatio": 0.1709967085, "incomeTaxExpense": 2030000, "netIncome": 8672000, "netIncomeRatio": 0.1385613396, "eps": 0.31, "epsdiluted": 0.3, "weightedAverageShsOut": 28039000, "weightedAverageShsOutDil": 28888000, "link": "https://www.sec.gov/Archives/edgar/data/1109345/000117891320002045/0001178913-20-002045-index.htm", "finalLink": "https://www.sec.gov/Archives/edgar/data/1109345/000117891320002045/zk2024674.htm"}, {"date": "2020-03-31", "symbol": "NVMI", "reportedCurrency": "USD", "cik": "0001109345", "fillingDate": "2020-04-20", "acceptedDate": "2020-04-20 07:00:18", "calendarYear": "2020", "period": "Q1", "revenue": 61022000, "costOfRevenue": 26680000, "grossProfit": 34342000, "grossProfitRatio": 0.5627806365, "researchAndDevelopmentExpenses": 11683000, "generalAndAdministrativeExpenses": 2589000, "sellingAndMarketingExpenses": 6563000, "sellingGeneralAndAdministrativeExpenses": 9152000, "otherExpenses": 626000, "operatingExpenses": 21461000, "costAndExpenses": 48141000, "interestIncome": 1028000, "interestExpense": 0, "depreciationAndAmortization": 2744000, "ebitda": 15625000, "ebitdaratio": 0.2560551932, "operatingIncome": 12881000, "operatingIncomeRatio": 0.2110878044, "totalOtherIncomeExpensesNet": 1028000, "incomeBeforeTax": 13909000, "incomeBeforeTaxRatio": 0.2279341877, "incomeTaxExpense": 2227000, "netIncome": 11682000, "netIncomeRatio": 0.1914391531, "eps": 0.42, "epsdiluted": 0.41, "weightedAverageShsOut": 27902000, "weightedAverageShsOutDil": 28760000, "link": "https://www.sec.gov/Archives/edgar/data/1109345/000117891320001134/0001178913-20-001134-index.html", "finalLink": "https://www.sec.gov/Archives/edgar/data/1109345/000117891320001134/zk2024280.htm"}, {"date": "2019-12-31", "symbol": "NVMI", "reportedCurrency": "USD", "cik": "0001109345", "fillingDate": "2020-03-12", "acceptedDate": "2020-03-12 15:00:29", "calendarYear": "2019", "period": "Q4", "revenue": 64625000, "costOfRevenue": 29992000, "grossProfit": 34633000, "grossProfitRatio": 0.5359071567, "researchAndDevelopmentExpenses": 9722000, "generalAndAdministrativeExpenses": 2502000, "sellingAndMarketingExpenses": 7270000, "sellingGeneralAndAdministrativeExpenses": 9772000, "otherExpenses": -211000, "operatingExpenses": 20150000, "costAndExpenses": 50142000, "interestIncome": 826000, "interestExpense": 99000, "depreciationAndAmortization": 1086000, "ebitda": 15569000, "ebitdaratio": 0.2409129594, "operatingIncome": 14483000, "operatingIncomeRatio": 0.2241083172, "totalOtherIncomeExpensesNet": 826000, "incomeBeforeTax": 15309000, "incomeBeforeTaxRatio": 0.2368897485, "incomeTaxExpense": 2924000, "netIncome": 12385000, "netIncomeRatio": 0.1916441006, "eps": 0.44, "epsdiluted": 0.43, "weightedAverageShsOut": 27965000, "weightedAverageShsOutDil": 28689000, "link": "https://www.sec.gov/Archives/edgar/data/1109345/000117891320000800/0001178913-20-000800-index.htm", "finalLink": "https://www.sec.gov/Archives/edgar/data/1109345/000117891320000800/nvmi20f2019.htm"}, {"date": "2019-09-30", "symbol": "NVMI", "reportedCurrency": "USD", "cik": "0001109345", "fillingDate": "2019-10-02", "acceptedDate": "2019-10-02 07:00:22", "calendarYear": "2019", "period": "Q3", "revenue": 52507000, "costOfRevenue": 25014000, "grossProfit": 27493000, "grossProfitRatio": 0.5236063763, "researchAndDevelopmentExpenses": 10548000, "generalAndAdministrativeExpenses": 2658000, "sellingAndMarketingExpenses": 7156000, "sellingGeneralAndAdministrativeExpenses": 9814000, "otherExpenses": 657000, "operatingExpenses": 21019000, "costAndExpenses": 46033000, "interestIncome": 887000, "interestExpense": 0, "depreciationAndAmortization": 3842000, "ebitda": 10316000, "ebitdaratio": 0.1964690422, "operatingIncome": 6474000, "operatingIncomeRatio": 0.123297846, "totalOtherIncomeExpensesNet": 887000, "incomeBeforeTax": 7361000, "incomeBeforeTaxRatio": 0.1401908317, "incomeTaxExpense": -1201000, "netIncome": 8562000, "netIncomeRatio": 0.1630639724, "eps": 0.31, "epsdiluted": 0.3, "weightedAverageShsOut": 27826000, "weightedAverageShsOutDil": 28474000, "link": "https://www.sec.gov/Archives/edgar/data/1109345/000117891319002450/0001178913-19-002450-index.html", "finalLink": "https://www.sec.gov/Archives/edgar/data/1109345/000117891319002450/zk1923521.htm"}, {"date": "2019-06-30", "symbol": "NVMI", "reportedCurrency": "USD", "cik": "0001109345", "fillingDate": "2019-08-07", "acceptedDate": "2019-08-07 08:00:19", "calendarYear": "2019", "period": "Q2", "revenue": 51120000, "costOfRevenue": 23010000, "grossProfit": 28110000, "grossProfitRatio": 0.5498826291, "researchAndDevelopmentExpenses": 11654000, "generalAndAdministrativeExpenses": 2384000, "sellingAndMarketingExpenses": 6641000, "sellingGeneralAndAdministrativeExpenses": 9025000, "otherExpenses": 656000, "operatingExpenses": 21335000, "costAndExpenses": 44345000, "interestIncome": 855000, "interestExpense": 0, "depreciationAndAmortization": 2770000, "ebitda": 9545000, "ebitdaratio": 0.1867175274, "operatingIncome": 6775000, "operatingIncomeRatio": 0.1325312989, "totalOtherIncomeExpensesNet": 855000, "incomeBeforeTax": 7630000, "incomeBeforeTaxRatio": 0.149256651, "incomeTaxExpense": 1162000, "netIncome": 6468000, "netIncomeRatio": 0.1265258216, "eps": 0.23, "epsdiluted": 0.23, "weightedAverageShsOut": 27869000, "weightedAverageShsOutDil": 28564000, "link": "https://www.sec.gov/Archives/edgar/data/1109345/000117891319002075/0001178913-19-002075-index.html", "finalLink": "https://www.sec.gov/Archives/edgar/data/1109345/000117891319002075/zk1923363.htm"}, {"date": "2019-03-31", "symbol": "NVMI", "reportedCurrency": "USD", "cik": "0001109345", "fillingDate": "2019-04-02", "acceptedDate": "2019-04-02 07:00:18", "calendarYear": "2019", "period": "Q1", "revenue": 56657000, "costOfRevenue": 25073000, "grossProfit": 31584000, "grossProfitRatio": 0.557459802, "researchAndDevelopmentExpenses": 12584000, "generalAndAdministrativeExpenses": 2522000, "sellingAndMarketingExpenses": 7146000, "sellingGeneralAndAdministrativeExpenses": 9668000, "otherExpenses": 656000, "operatingExpenses": 22908000, "costAndExpenses": 47981000, "interestIncome": 510000, "interestExpense": 0, "depreciationAndAmortization": 2700000, "ebitda": 11376000, "ebitdaratio": 0.2007871931, "operatingIncome": 8676000, "operatingIncomeRatio": 0.1531320049, "totalOtherIncomeExpensesNet": 510000, "incomeBeforeTax": 9186000, "incomeBeforeTaxRatio": 0.1621335404, "incomeTaxExpense": 1430000, "netIncome": 7756000, "netIncomeRatio": 0.1368939407, "eps": 0.28, "epsdiluted": 0.27, "weightedAverageShsOut": 27932000, "weightedAverageShsOutDil": 28580000, "link": "https://www.sec.gov/Archives/edgar/data/1109345/000117891319001013/0001178913-19-001013-index.html", "finalLink": "https://www.sec.gov/Archives/edgar/data/1109345/000117891319001013/zk1922878.htm"}, {"date": "2018-12-31", "symbol": "NVMI", "reportedCurrency": "USD", "cik": "0001109345", "fillingDate": "2019-02-28", "acceptedDate": "2019-02-28 07:01:56", "calendarYear": "2018", "period": "Q4", "revenue": 63072000, "costOfRevenue": 27362000, "grossProfit": 35710000, "grossProfitRatio": 0.5661783359, "researchAndDevelopmentExpenses": 10490000, "generalAndAdministrativeExpenses": 2209000, "sellingAndMarketingExpenses": 7303000, "sellingGeneralAndAdministrativeExpenses": 9512000, "otherExpenses": -201000, "operatingExpenses": 20656000, "costAndExpenses": 48018000, "interestIncome": 1178000, "interestExpense": 0, "depreciationAndAmortization": 2150000, "ebitda": 17204000, "ebitdaratio": 0.2727676306, "operatingIncome": 15054000, "operatingIncomeRatio": 0.2386796043, "totalOtherIncomeExpensesNet": 1178000, "incomeBeforeTax": 16232000, "incomeBeforeTaxRatio": 0.2573566717, "incomeTaxExpense": 1080000, "netIncome": 15152000, "netIncomeRatio": 0.2402333841, "eps": 0.54, "epsdiluted": 0.53, "weightedAverageShsOut": 28026000, "weightedAverageShsOutDil": 28655000, "link": "https://www.sec.gov/Archives/edgar/data/1109345/000117891319000711/0001178913-19-000711-index.htm", "finalLink": "https://www.sec.gov/Archives/edgar/data/1109345/000117891319000711/zk1922740.htm"}, {"date": "2018-09-30", "symbol": "NVMI", "reportedCurrency": "USD", "cik": "0001109345", "fillingDate": "2018-10-04", "acceptedDate": "2018-10-04 07:06:50", "calendarYear": "2018", "period": "Q3", "revenue": 63571000, "costOfRevenue": 26104000, "grossProfit": 37467000, "grossProfitRatio": 0.5893725126, "researchAndDevelopmentExpenses": 11886000, "generalAndAdministrativeExpenses": 2162000, "sellingAndMarketingExpenses": 7016000, "sellingGeneralAndAdministrativeExpenses": 9178000, "otherExpenses": 653000, "operatingExpenses": 21717000, "costAndExpenses": 47821000, "interestIncome": 872000, "interestExpense": 0, "depreciationAndAmortization": 2000000, "ebitda": 17750000, "ebitdaratio": 0.2792153655, "operatingIncome": 15750000, "operatingIncomeRatio": 0.2477544792, "totalOtherIncomeExpensesNet": 872000, "incomeBeforeTax": 16622000, "incomeBeforeTaxRatio": 0.2614714257, "incomeTaxExpense": 3312000, "netIncome": 13310000, "netIncomeRatio": 0.209372198, "eps": 0.47, "epsdiluted": 0.46, "weightedAverageShsOut": 28047000, "weightedAverageShsOutDil": 28777000, "link": "https://www.sec.gov/Archives/edgar/data/1109345/000117891318002623/0001178913-18-002623-index.html", "finalLink": "https://www.sec.gov/Archives/edgar/data/1109345/000117891318002623/zk1822134.htm"}, {"date": "2018-06-30", "symbol": "NVMI", "reportedCurrency": "USD", "cik": "0001109345", "fillingDate": "2018-07-05", "acceptedDate": "2018-07-05 10:33:55", "calendarYear": "2018", "period": "Q2", "revenue": 61888000, "costOfRevenue": 26188000, "grossProfit": 35700000, "grossProfitRatio": 0.5768485005, "researchAndDevelopmentExpenses": 11849000, "generalAndAdministrativeExpenses": 2134000, "sellingAndMarketingExpenses": 7442000, "sellingGeneralAndAdministrativeExpenses": 9576000, "otherExpenses": 654000, "operatingExpenses": 22079000, "costAndExpenses": 48267000, "interestIncome": 486000, "interestExpense": 0, "depreciationAndAmortization": 1966000, "ebitda": 15587000, "ebitdaratio": 0.2518581954, "operatingIncome": 13621000, "operatingIncomeRatio": 0.2200911324, "totalOtherIncomeExpensesNet": 486000, "incomeBeforeTax": 14107000, "incomeBeforeTaxRatio": 0.2279440279, "incomeTaxExpense": 2274000, "netIncome": 11833000, "netIncomeRatio": 0.1912002327, "eps": 0.42, "epsdiluted": 0.41, "weightedAverageShsOut": 27977000, "weightedAverageShsOutDil": 28766000, "link": "https://www.sec.gov/Archives/edgar/data/1109345/000117891318002050/0001178913-18-002050-index.html", "finalLink": "https://www.sec.gov/Archives/edgar/data/1109345/000117891318002050/zk1821873.htm"}, {"date": "2018-03-31", "symbol": "NVMI", "reportedCurrency": "USD", "cik": "0001109345", "fillingDate": "2018-04-10", "acceptedDate": "2018-04-10 08:07:11", "calendarYear": "2018", "period": "Q1", "revenue": 62603000, "costOfRevenue": 26246000, "grossProfit": 36357000, "grossProfitRatio": 0.5807549159, "researchAndDevelopmentExpenses": 11226000, "generalAndAdministrativeExpenses": 2230000, "sellingAndMarketingExpenses": 6231000, "sellingGeneralAndAdministrativeExpenses": 8461000, "otherExpenses": 653000, "operatingExpenses": 20340000, "costAndExpenses": 46586000, "interestIncome": 448000, "interestExpense": 0, "depreciationAndAmortization": 1568000, "ebitda": 17585000, "ebitdaratio": 0.2808970816, "operatingIncome": 16017000, "operatingIncomeRatio": 0.2558503586, "totalOtherIncomeExpensesNet": 448000, "incomeBeforeTax": 16465000, "incomeBeforeTaxRatio": 0.2630065652, "incomeTaxExpense": 2385000, "netIncome": 14080000, "netIncomeRatio": 0.2249093494, "eps": 0.5, "epsdiluted": 0.49, "weightedAverageShsOut": 27915000, "weightedAverageShsOutDil": 28739000, "link": "https://www.sec.gov/Archives/edgar/data/1109345/000117891318001148/0001178913-18-001148-index.html", "finalLink": "https://www.sec.gov/Archives/edgar/data/1109345/000117891318001148/zk1821472.htm"}, {"date": "2017-12-31", "symbol": "NVMI", "reportedCurrency": "USD", "cik": "0001109345", "fillingDate": "2018-02-28", "acceptedDate": "2018-02-28 07:22:19", "calendarYear": "2017", "period": "Q4", "revenue": 57378000, "costOfRevenue": 25324000, "grossProfit": 32054000, "grossProfitRatio": 0.558646171, "researchAndDevelopmentExpenses": 10617000, "generalAndAdministrativeExpenses": 2558000, "sellingAndMarketingExpenses": 5908000, "sellingGeneralAndAdministrativeExpenses": 8466000, "otherExpenses": -163000, "operatingExpenses": 19723000, "costAndExpenses": 45047000, "interestIncome": 710000, "interestExpense": 0, "depreciationAndAmortization": 1427000, "ebitda": 13758000, "ebitdaratio": 0.2397783122, "operatingIncome": 12331000, "operatingIncomeRatio": 0.214908153, "totalOtherIncomeExpensesNet": 710000, "incomeBeforeTax": 13041000, "incomeBeforeTaxRatio": 0.2272822336, "incomeTaxExpense": 4800000, "netIncome": 8241000, "netIncomeRatio": 0.143626477, "eps": 0.3, "epsdiluted": 0.29, "weightedAverageShsOut": 27873000, "weightedAverageShsOutDil": 28786000, "link": "https://www.sec.gov/Archives/edgar/data/1109345/000117891318000711/0001178913-18-000711-index.htm", "finalLink": "https://www.sec.gov/Archives/edgar/data/1109345/000117891318000711/zk1821284.htm"}, {"date": "2017-09-30", "symbol": "NVMI", "reportedCurrency": "USD", "cik": "0001109345", "fillingDate": "2017-10-02", "acceptedDate": "2017-10-02 08:19:17", "calendarYear": "2017", "period": "Q3", "revenue": 54058000, "costOfRevenue": 21179000, "grossProfit": 32879000, "grossProfitRatio": 0.6082171002, "researchAndDevelopmentExpenses": 9826000, "generalAndAdministrativeExpenses": 1947000, "sellingAndMarketingExpenses": 5863000, "sellingGeneralAndAdministrativeExpenses": 7810000, "otherExpenses": 641000, "operatingExpenses": 18277000, "costAndExpenses": 39456000, "interestIncome": 626000, "interestExpense": 0, "depreciationAndAmortization": 1579000, "ebitda": 16181000, "ebitdaratio": 0.2993266492, "operatingIncome": 14602000, "operatingIncomeRatio": 0.2701172814, "totalOtherIncomeExpensesNet": 626000, "incomeBeforeTax": 15228000, "incomeBeforeTaxRatio": 0.2816974361, "incomeTaxExpense": 3726000, "netIncome": 11502000, "netIncomeRatio": 0.2127714677, "eps": 0.41, "epsdiluted": 0.4, "weightedAverageShsOut": 27788000, "weightedAverageShsOutDil": 28601000, "link": "https://www.sec.gov/Archives/edgar/data/1109345/000117891317002751/0001178913-17-002751-index.html", "finalLink": "https://www.sec.gov/Archives/edgar/data/1109345/000117891317002751/zk1720590.htm"}, {"date": "2017-06-30", "symbol": "NVMI", "reportedCurrency": "USD", "cik": "0001109345", "fillingDate": "2017-07-05", "acceptedDate": "2017-07-05 08:57:38", "calendarYear": "2017", "period": "Q2", "revenue": 56126000, "costOfRevenue": 22732000, "grossProfit": 33394000, "grossProfitRatio": 0.5949827175, "researchAndDevelopmentExpenses": 9238000, "generalAndAdministrativeExpenses": 1938000, "sellingAndMarketingExpenses": 5892000, "sellingGeneralAndAdministrativeExpenses": 7830000, "otherExpenses": 640000, "operatingExpenses": 17708000, "costAndExpenses": 40440000, "interestIncome": 525000, "interestExpense": 0, "depreciationAndAmortization": 1578000, "ebitda": 17264000, "ebitdaratio": 0.3075936286, "operatingIncome": 15686000, "operatingIncomeRatio": 0.2794783166, "totalOtherIncomeExpensesNet": 525000, "incomeBeforeTax": 16211000, "incomeBeforeTaxRatio": 0.2888322702, "incomeTaxExpense": 2898000, "netIncome": 13313000, "netIncomeRatio": 0.2371984464, "eps": 0.48, "epsdiluted": 0.47, "weightedAverageShsOut": 27655000, "weightedAverageShsOutDil": 28562000, "link": "https://www.sec.gov/Archives/edgar/data/1109345/000117891317001997/0001178913-17-001997-index.html", "finalLink": "https://www.sec.gov/Archives/edgar/data/1109345/000117891317001997/zk1720228.htm"}, {"date": "2017-03-31", "symbol": "NVMI", "reportedCurrency": "USD", "cik": "0001109345", "fillingDate": "2017-04-05", "acceptedDate": "2017-04-05 09:10:26", "calendarYear": "2017", "period": "Q1", "revenue": 54430000, "costOfRevenue": 21570000, "grossProfit": 32860000, "grossProfitRatio": 0.6037111887, "researchAndDevelopmentExpenses": 9275000, "generalAndAdministrativeExpenses": 1657000, "sellingAndMarketingExpenses": 6088000, "sellingGeneralAndAdministrativeExpenses": 7745000, "otherExpenses": 640000, "operatingExpenses": 17660000, "costAndExpenses": 39230000, "interestIncome": 415000, "interestExpense": 0, "depreciationAndAmortization": 1595000, "ebitda": 16795000, "ebitdaratio": 0.3085614551, "operatingIncome": 15200000, "operatingIncomeRatio": 0.2792577623, "totalOtherIncomeExpensesNet": 415000, "incomeBeforeTax": 15615000, "incomeBeforeTaxRatio": 0.2868822341, "incomeTaxExpense": 2212000, "netIncome": 13403000, "netIncomeRatio": 0.2462428808, "eps": 0.49, "epsdiluted": 0.48, "weightedAverageShsOut": 27467000, "weightedAverageShsOutDil": 28148000, "link": "https://www.sec.gov/Archives/edgar/data/1109345/000117891317001056/0001178913-17-001056-index.html", "finalLink": "https://www.sec.gov/Archives/edgar/data/1109345/000117891317001056/zk1719793.htm"}, {"date": "2016-12-31", "symbol": "NVMI", "reportedCurrency": "USD", "cik": "0001109345", "fillingDate": "2017-03-03", "acceptedDate": "2017-03-03 06:43:19", "calendarYear": "2016", "period": "Q4", "revenue": 50212000, "costOfRevenue": 22054000, "grossProfit": 28158000, "grossProfitRatio": 0.5607822831, "researchAndDevelopmentExpenses": 9225000, "generalAndAdministrativeExpenses": 1702000, "sellingAndMarketingExpenses": 5814000, "sellingGeneralAndAdministrativeExpenses": 7516000, "otherExpenses": -151000, "operatingExpenses": 17377000, "costAndExpenses": 39431000, "interestIncome": 190000, "interestExpense": 0, "depreciationAndAmortization": 1367000, "ebitda": 11926000, "ebitdaratio": 0.2375129451, "operatingIncome": 10781000, "operatingIncomeRatio": 0.2147096312, "totalOtherIncomeExpensesNet": 190000, "incomeBeforeTax": 10971000, "incomeBeforeTaxRatio": 0.2184935872, "incomeTaxExpense": 2607000, "netIncome": 8364000, "netIncomeRatio": 0.1665737274, "eps": 0.31, "epsdiluted": 0.3, "weightedAverageShsOut": 27292000, "weightedAverageShsOutDil": 27704000, "link": "https://www.sec.gov/Archives/edgar/data/1109345/000117891317000686/0001178913-17-000686-index.htm", "finalLink": "https://www.sec.gov/Archives/edgar/data/1109345/000117891317000686/zk1719620.htm"}, {"date": "2016-09-30", "symbol": "NVMI", "reportedCurrency": "USD", "cik": "0001109345", "fillingDate": "2016-11-02", "acceptedDate": "2016-11-02 07:14:54", "calendarYear": "2016", "period": "Q3", "revenue": 44060000, "costOfRevenue": 34367000, "grossProfit": 9693000, "grossProfitRatio": 0.2199954607, "researchAndDevelopmentExpenses": 9181000, "generalAndAdministrativeExpenses": 1802000, "sellingAndMarketingExpenses": 5020000, "sellingGeneralAndAdministrativeExpenses": 6822000, "otherExpenses": 637000, "operatingExpenses": 16640000, "costAndExpenses": 51007000, "interestIncome": 301000, "interestExpense": 0, "depreciationAndAmortization": 1828000, "ebitda": -4818000, "ebitdaratio": -0.1093508852, "operatingIncome": -6947000, "operatingIncomeRatio": -0.1576713572, "totalOtherIncomeExpensesNet": 301000, "incomeBeforeTax": -6646000, "incomeBeforeTaxRatio": -0.150839764, "incomeTaxExpense": -1868000, "netIncome": -4778000, "netIncomeRatio": -0.1084430322, "eps": -0.18, "epsdiluted": -0.18, "weightedAverageShsOut": 26544444, "weightedAverageShsOutDil": 27169000, "link": "https://www.sec.gov/Archives/edgar/data/1109345/000117891316006745/0001178913-16-006745-index.html", "finalLink": "https://www.sec.gov/Archives/edgar/data/1109345/000117891316006745/zk1619122.htm"}, {"date": "2016-06-30", "symbol": "NVMI", "reportedCurrency": "USD", "cik": "0001109345", "fillingDate": "2016-07-28", "acceptedDate": "2016-07-28 08:34:51", "calendarYear": "2016", "period": "Q2", "revenue": 35575000, "costOfRevenue": 16676000, "grossProfit": 18899000, "grossProfitRatio": 0.531243851, "researchAndDevelopmentExpenses": 8684000, "generalAndAdministrativeExpenses": 1521000, "sellingAndMarketingExpenses": 4535000, "sellingGeneralAndAdministrativeExpenses": 6056000, "otherExpenses": 636000, "operatingExpenses": 15376000, "costAndExpenses": 32052000, "interestIncome": 256000, "interestExpense": 0, "depreciationAndAmortization": 1700000, "ebitda": 5223000, "ebitdaratio": 0.1468165847, "operatingIncome": 3523000, "operatingIncomeRatio": 0.0990302178, "totalOtherIncomeExpensesNet": 256000, "incomeBeforeTax": 3779000, "incomeBeforeTaxRatio": 0.1062262825, "incomeTaxExpense": 626000, "netIncome": 3153000, "netIncomeRatio": 0.0886296557, "eps": 0.12, "epsdiluted": 0.11, "weightedAverageShsOut": 27123000, "weightedAverageShsOutDil": 27422000, "link": "https://www.sec.gov/Archives/edgar/data/1109345/000117891316005979/0001178913-16-005979-index.html", "finalLink": "https://www.sec.gov/Archives/edgar/data/1109345/000117891316005979/zk1618776.htm"}, {"date": "2016-03-31", "symbol": "NVMI", "reportedCurrency": "USD", "cik": "0001109345", "fillingDate": "2016-05-04", "acceptedDate": "2016-05-04 08:52:17", "calendarYear": "2016", "period": "Q1", "revenue": 34056000, "costOfRevenue": 15526000, "grossProfit": 18530000, "grossProfitRatio": 0.544103829, "researchAndDevelopmentExpenses": 7908000, "generalAndAdministrativeExpenses": 1810000, "sellingAndMarketingExpenses": 5367000, "sellingGeneralAndAdministrativeExpenses": 7177000, "otherExpenses": 636000, "operatingExpenses": 15721000, "costAndExpenses": 31247000, "interestIncome": 469000, "interestExpense": 0, "depreciationAndAmortization": 1921000, "ebitda": 4730000, "ebitdaratio": 0.1388888889, "operatingIncome": 2809000, "operatingIncomeRatio": 0.0824817947, "totalOtherIncomeExpensesNet": 469000, "incomeBeforeTax": 3278000, "incomeBeforeTaxRatio": 0.09625323, "incomeTaxExpense": 373000, "netIncome": 2905000, "netIncomeRatio": 0.0853006812, "eps": 0.11, "epsdiluted": 0.11, "weightedAverageShsOut": 27116000, "weightedAverageShsOutDil": 27351000, "link": "https://www.sec.gov/Archives/edgar/data/1109345/000117891316005254/0001178913-16-005254-index.html", "finalLink": "https://www.sec.gov/Archives/edgar/data/1109345/000117891316005254/zk1618436.htm"}, {"date": "2015-12-31", "symbol": "NVMI", "reportedCurrency": "USD", "cik": "0001109345", "fillingDate": "2016-02-29", "acceptedDate": "2016-02-29 17:05:04", "calendarYear": "2015", "period": "Q4", "revenue": 40022000, "costOfRevenue": 19168000, "grossProfit": 20854000, "grossProfitRatio": 0.5210634151, "researchAndDevelopmentExpenses": 10826000, "generalAndAdministrativeExpenses": 1606000, "sellingAndMarketingExpenses": 4474000, "sellingGeneralAndAdministrativeExpenses": 6080000, "otherExpenses": 179000, "operatingExpenses": 17284000, "costAndExpenses": 36452000, "interestIncome": 184000, "interestExpense": 0, "depreciationAndAmortization": 2717000, "ebitda": 6332000, "ebitdaratio": 0.1582129829, "operatingIncome": 3570000, "operatingIncomeRatio": 0.0892009395, "totalOtherIncomeExpensesNet": 184000, "incomeBeforeTax": 3754000, "incomeBeforeTaxRatio": 0.0937984109, "incomeTaxExpense": -1407000, "netIncome": 5161000, "netIncomeRatio": 0.1289540753, "eps": 0.19, "epsdiluted": 0.19, "weightedAverageShsOut": 27073000, "weightedAverageShsOutDil": 27334000, "link": "https://www.sec.gov/Archives/edgar/data/1109345/000117891316004563/0001178913-16-004563-index.htm", "finalLink": "https://www.sec.gov/Archives/edgar/data/1109345/000117891316004563/zk1618131.htm"}, {"date": "2015-09-30", "symbol": "NVMI", "reportedCurrency": "USD", "cik": "0001109345", "fillingDate": "2015-10-27", "acceptedDate": "2015-10-27 16:16:22", "calendarYear": "2015", "period": "Q3", "revenue": 40446000, "costOfRevenue": 17812000, "grossProfit": 22634000, "grossProfitRatio": 0.5596103447, "researchAndDevelopmentExpenses": 10974000, "generalAndAdministrativeExpenses": 1613000, "sellingAndMarketingExpenses": 4228000, "sellingGeneralAndAdministrativeExpenses": 5841000, "otherExpenses": 570000, "operatingExpenses": 17385000, "costAndExpenses": 35197000, "interestIncome": 94000, "interestExpense": 0, "depreciationAndAmortization": 1686000, "ebitda": 6935000, "ebitdaratio": 0.1714631855, "operatingIncome": 5249000, "operatingIncomeRatio": 0.1297779756, "totalOtherIncomeExpensesNet": 94000, "incomeBeforeTax": 5343000, "incomeBeforeTaxRatio": 0.132102062, "incomeTaxExpense": -94000, "netIncome": 5437000, "netIncomeRatio": 0.1344261484, "eps": 0.2, "epsdiluted": 0.2, "weightedAverageShsOut": 27172000, "weightedAverageShsOutDil": 27481000, "link": "https://www.sec.gov/Archives/edgar/data/1109345/000117891315003165/0001178913-15-003165-index.html", "finalLink": "https://www.sec.gov/Archives/edgar/data/1109345/000117891315003165/zk1517469.htm"}, {"date": "2015-06-30", "symbol": "NVMI", "reportedCurrency": "USD", "cik": "0001109345", "fillingDate": "2015-07-14", "acceptedDate": "2015-07-14 07:56:44", "calendarYear": "2015", "period": "Q2", "revenue": 40552000, "costOfRevenue": 21383000, "grossProfit": 19169000, "grossProfitRatio": 0.4727017163, "researchAndDevelopmentExpenses": 10904000, "generalAndAdministrativeExpenses": 1413000, "sellingAndMarketingExpenses": 4260000, "sellingGeneralAndAdministrativeExpenses": 5673000, "otherExpenses": 569000, "operatingExpenses": 17146000, "costAndExpenses": 38529000, "interestIncome": 154000, "interestExpense": 0, "depreciationAndAmortization": 4157000, "ebitda": 6180000, "ebitdaratio": 0.1523969225, "operatingIncome": 474000, "operatingIncomeRatio": 0.011688696, "totalOtherIncomeExpensesNet": 154000, "incomeBeforeTax": 628000, "incomeBeforeTaxRatio": 0.0154862892, "incomeTaxExpense": -1522000, "netIncome": 2150000, "netIncomeRatio": 0.0530183468, "eps": 0.08, "epsdiluted": 0.08, "weightedAverageShsOut": 27291000, "weightedAverageShsOutDil": 27677000, "link": "https://www.sec.gov/Archives/edgar/data/1109345/000117891315002260/0001178913-15-002260-index.html", "finalLink": "https://www.sec.gov/Archives/edgar/data/1109345/000117891315002260/zk1517053.htm"}, {"date": "2015-03-31", "symbol": "NVMI", "reportedCurrency": "USD", "cik": "0001109345", "fillingDate": "2015-03-31", "acceptedDate": "2015-03-30 20:00:00", "calendarYear": "2015", "period": "Q1", "revenue": 27494000, "costOfRevenue": 13071000, "grossProfit": 14423000, "grossProfitRatio": 0.5245871827, "researchAndDevelopmentExpenses": 6999000, "generalAndAdministrativeExpenses": 1224000, "sellingAndMarketingExpenses": 2806000, "sellingGeneralAndAdministrativeExpenses": 4030000, "otherExpenses": 0, "operatingExpenses": 11029000, "costAndExpenses": 24100000, "interestIncome": 211000, "interestExpense": 0, "depreciationAndAmortization": 1060000, "ebitda": 4454000, "ebitdaratio": 0.1619989816, "operatingIncome": 2288000, "operatingIncomeRatio": 0.0832181567, "totalOtherIncomeExpensesNet": 211000, "incomeBeforeTax": 2499000, "incomeBeforeTaxRatio": 0.0908925584, "incomeTaxExpense": -478000, "netIncome": 2977000, "netIncomeRatio": 0.1082781698, "eps": 0.11, "epsdiluted": 0.11, "weightedAverageShsOut": 27210000, "weightedAverageShsOutDil": 27552000, "link": "", "finalLink": ""}, {"date": "2014-12-31", "symbol": "NVMI", "reportedCurrency": "USD", "cik": "0001109345", "fillingDate": "2015-02-25", "acceptedDate": "2015-02-25 16:22:05", "calendarYear": "2014", "period": "Q4", "revenue": 25823000, "costOfRevenue": 12361000, "grossProfit": 13462000, "grossProfitRatio": 0.5213182047, "researchAndDevelopmentExpenses": 7935000, "generalAndAdministrativeExpenses": 981000, "sellingAndMarketingExpenses": 2948000, "sellingGeneralAndAdministrativeExpenses": 3929000, "otherExpenses": 0, "operatingExpenses": 11864000, "costAndExpenses": 24225000, "interestIncome": 166000, "interestExpense": 0, "depreciationAndAmortization": 1005000, "ebitda": 2603000, "ebitdaratio": 0.100801611, "operatingIncome": 1598000, "operatingIncomeRatio": 0.0618828176, "totalOtherIncomeExpensesNet": 166000, "incomeBeforeTax": 1764000, "incomeBeforeTaxRatio": 0.0683111954, "incomeTaxExpense": -1527000, "netIncome": 3291000, "netIncomeRatio": 0.1274445262, "eps": 0.12, "epsdiluted": 0.12, "weightedAverageShsOut": 27273000, "weightedAverageShsOutDil": 27491000, "link": "https://www.sec.gov/Archives/edgar/data/1109345/000117891315000703/0001178913-15-000703-index.htm", "finalLink": "https://www.sec.gov/Archives/edgar/data/1109345/000117891315000703/zk1516283.htm"}, {"date": "2014-09-30", "symbol": "NVMI", "reportedCurrency": "USD", "cik": "0001109345", "fillingDate": "2014-10-29", "acceptedDate": "2014-10-29 07:40:36", "calendarYear": "2014", "period": "Q3", "revenue": 27350000, "costOfRevenue": 12518000, "grossProfit": 14832000, "grossProfitRatio": 0.5423034735, "researchAndDevelopmentExpenses": 7510000, "generalAndAdministrativeExpenses": 1096000, "sellingAndMarketingExpenses": 2888000, "sellingGeneralAndAdministrativeExpenses": 3984000, "otherExpenses": 0, "operatingExpenses": 11494000, "costAndExpenses": 24012000, "interestIncome": 20000, "interestExpense": 0, "depreciationAndAmortization": 1072000, "ebitda": 4410000, "ebitdaratio": 0.1612431444, "operatingIncome": 3338000, "operatingIncomeRatio": 0.122047532, "totalOtherIncomeExpensesNet": 20000, "incomeBeforeTax": 3358000, "incomeBeforeTaxRatio": 0.1227787934, "incomeTaxExpense": 89000, "netIncome": 3269000, "netIncomeRatio": 0.1195246801, "eps": 0.12, "epsdiluted": 0.12, "weightedAverageShsOut": 27496000, "weightedAverageShsOutDil": 27780000, "link": "https://www.sec.gov/Archives/edgar/data/1109345/000117891314003265/0001178913-14-003265-index.html", "finalLink": "https://www.sec.gov/Archives/edgar/data/1109345/000117891314003265/zk1415695.htm"}, {"date": "2014-06-30", "symbol": "NVMI", "reportedCurrency": "USD", "cik": "0001109345", "fillingDate": "2014-07-08", "acceptedDate": "2014-07-08 07:48:04", "calendarYear": "2014", "period": "Q2", "revenue": 32785000, "costOfRevenue": 15189000, "grossProfit": 17596000, "grossProfitRatio": 0.5367088608, "researchAndDevelopmentExpenses": 7152000, "generalAndAdministrativeExpenses": 1316000, "sellingAndMarketingExpenses": 3505000, "sellingGeneralAndAdministrativeExpenses": 4821000, "otherExpenses": 0, "operatingExpenses": 11973000, "costAndExpenses": 27162000, "interestIncome": 202000, "interestExpense": 0, "depreciationAndAmortization": 972000, "ebitda": 6595000, "ebitdaratio": 0.2011590666, "operatingIncome": 5623000, "operatingIncomeRatio": 0.1715113619, "totalOtherIncomeExpensesNet": 202000, "incomeBeforeTax": 5825000, "incomeBeforeTaxRatio": 0.1776727162, "incomeTaxExpense": 131000, "netIncome": 5694000, "netIncomeRatio": 0.1736769864, "eps": 0.21, "epsdiluted": 0.2, "weightedAverageShsOut": 27592000, "weightedAverageShsOutDil": 28138000, "link": "https://www.sec.gov/Archives/edgar/data/1109345/000117891314002256/0001178913-14-002256-index.html", "finalLink": "https://www.sec.gov/Archives/edgar/data/1109345/000117891314002256/zk1415212.htm"}, {"date": "2014-03-31", "symbol": "NVMI", "reportedCurrency": "USD", "cik": "0001109345", "fillingDate": "2014-04-08", "acceptedDate": "2014-04-08 07:51:22", "calendarYear": "2014", "period": "Q1", "revenue": 34660000, "costOfRevenue": 16937000, "grossProfit": 17723000, "grossProfitRatio": 0.511338719, "researchAndDevelopmentExpenses": 6901000, "generalAndAdministrativeExpenses": 1064000, "sellingAndMarketingExpenses": 3406000, "sellingGeneralAndAdministrativeExpenses": 4470000, "otherExpenses": 0, "operatingExpenses": 11371000, "costAndExpenses": 28308000, "interestIncome": 175000, "interestExpense": 0, "depreciationAndAmortization": 902000, "ebitda": 7254000, "ebitdaratio": 0.2092902481, "operatingIncome": 6352000, "operatingIncomeRatio": 0.1832660127, "totalOtherIncomeExpensesNet": 175000, "incomeBeforeTax": 6527000, "incomeBeforeTaxRatio": 0.1883150606, "incomeTaxExpense": 129000, "netIncome": 6398000, "netIncomeRatio": 0.184593191, "eps": 0.23, "epsdiluted": 0.23, "weightedAverageShsOut": 27432000, "weightedAverageShsOutDil": 27890000, "link": "https://www.sec.gov/Archives/edgar/data/1109345/000117891314001224/0001178913-14-001224-index.html", "finalLink": "https://www.sec.gov/Archives/edgar/data/1109345/000117891314001224/zk1414736.htm"}, {"date": "2013-12-31", "symbol": "NVMI", "reportedCurrency": "USD", "cik": "0001109345", "fillingDate": "2014-02-28", "acceptedDate": "2014-02-28 06:22:20", "calendarYear": "2013", "period": "Q4", "revenue": 30189000, "costOfRevenue": 14317000, "grossProfit": 15872000, "grossProfitRatio": 0.5257544139, "researchAndDevelopmentExpenses": 7491000, "generalAndAdministrativeExpenses": 1350000, "sellingAndMarketingExpenses": 3128000, "sellingGeneralAndAdministrativeExpenses": 4478000, "otherExpenses": 0, "operatingExpenses": 11969000, "costAndExpenses": 26286000, "interestIncome": 60000, "interestExpense": 0, "depreciationAndAmortization": 945000, "ebitda": 4848000, "ebitdaratio": 0.1605882937, "operatingIncome": 3903000, "operatingIncomeRatio": 0.1292855013, "totalOtherIncomeExpensesNet": 60000, "incomeBeforeTax": 3963000, "incomeBeforeTaxRatio": 0.1312729802, "incomeTaxExpense": 886000, "netIncome": 3077000, "netIncomeRatio": 0.1019245421, "eps": 0.11, "epsdiluted": 0.11, "weightedAverageShsOut": 27268000, "weightedAverageShsOutDil": 27548000, "link": "https://www.sec.gov/Archives/edgar/data/1109345/000117891314000768/0001178913-14-000768-index.htm", "finalLink": "https://www.sec.gov/Archives/edgar/data/1109345/000117891314000768/zk1414463.htm"}, {"date": "2013-09-30", "symbol": "NVMI", "reportedCurrency": "USD", "cik": "0001109345", "fillingDate": "2013-10-30", "acceptedDate": "2013-10-30 06:28:58", "calendarYear": "2013", "period": "Q3", "revenue": 25771000, "costOfRevenue": 12671000, "grossProfit": 13100000, "grossProfitRatio": 0.5083233091, "researchAndDevelopmentExpenses": 7021000, "generalAndAdministrativeExpenses": 1256000, "sellingAndMarketingExpenses": 2643000, "sellingGeneralAndAdministrativeExpenses": 3899000, "otherExpenses": 0, "operatingExpenses": 10920000, "costAndExpenses": 23591000, "interestIncome": 257000, "interestExpense": 0, "depreciationAndAmortization": 907000, "ebitda": 3087000, "ebitdaratio": 0.1197858058, "operatingIncome": 2180000, "operatingIncomeRatio": 0.0845912072, "totalOtherIncomeExpensesNet": 257000, "incomeBeforeTax": 2437000, "incomeBeforeTaxRatio": 0.0945636568, "incomeTaxExpense": 197000, "netIncome": 2240000, "netIncomeRatio": 0.0869194055, "eps": 0.08, "epsdiluted": 0.08, "weightedAverageShsOut": 27237000, "weightedAverageShsOutDil": 27503000, "link": "https://www.sec.gov/Archives/edgar/data/1109345/000117891313002967/0001178913-13-002967-index.html", "finalLink": "https://www.sec.gov/Archives/edgar/data/1109345/000117891313002967/zk1313778.htm"}, {"date": "2013-06-30", "symbol": "NVMI", "reportedCurrency": "USD", "cik": "0001109345", "fillingDate": "2013-07-03", "acceptedDate": "2013-07-03 13:47:40", "calendarYear": "2013", "period": "Q2", "revenue": 28124000, "costOfRevenue": 12791000, "grossProfit": 15333000, "grossProfitRatio": 0.545192718, "researchAndDevelopmentExpenses": 7567000, "generalAndAdministrativeExpenses": 1472000, "sellingAndMarketingExpenses": 2968000, "sellingGeneralAndAdministrativeExpenses": 4440000, "otherExpenses": 0, "operatingExpenses": 12007000, "costAndExpenses": 24798000, "interestIncome": 246000, "interestExpense": 0, "depreciationAndAmortization": 846000, "ebitda": 4172000, "ebitdaratio": 0.1483430522, "operatingIncome": 3326000, "operatingIncomeRatio": 0.1182619826, "totalOtherIncomeExpensesNet": 246000, "incomeBeforeTax": 3572000, "incomeBeforeTaxRatio": 0.1270089603, "incomeTaxExpense": 769000, "netIncome": 2803000, "netIncomeRatio": 0.0996657659, "eps": 0.1, "epsdiluted": 0.1, "weightedAverageShsOut": 27121000, "weightedAverageShsOutDil": 27419000, "link": "https://www.sec.gov/Archives/edgar/data/1109345/000117891313001983/0001178913-13-001983-index.html", "finalLink": "https://www.sec.gov/Archives/edgar/data/1109345/000117891313001983/zk1313346.htm"}, {"date": "2013-03-31", "symbol": "NVMI", "reportedCurrency": "USD", "cik": "0001109345", "fillingDate": "2013-04-11", "acceptedDate": "2013-04-11 08:55:48", "calendarYear": "2013", "period": "Q1", "revenue": 27425000, "costOfRevenue": 12659000, "grossProfit": 14766000, "grossProfitRatio": 0.538413856, "researchAndDevelopmentExpenses": 7499000, "generalAndAdministrativeExpenses": 1119000, "sellingAndMarketingExpenses": 3224000, "sellingGeneralAndAdministrativeExpenses": 4343000, "otherExpenses": 0, "operatingExpenses": 11842000, "costAndExpenses": 24501000, "interestIncome": 130000, "interestExpense": 0, "depreciationAndAmortization": 824000, "ebitda": 3748000, "ebitdaratio": 0.1366636281, "operatingIncome": 2924000, "operatingIncomeRatio": 0.1066180492, "totalOtherIncomeExpensesNet": 130000, "incomeBeforeTax": 3054000, "incomeBeforeTaxRatio": 0.1113582498, "incomeTaxExpense": 659000, "netIncome": 2395000, "netIncomeRatio": 0.0873290793, "eps": 0.09, "epsdiluted": 0.09, "weightedAverageShsOut": 26854000, "weightedAverageShsOutDil": 27261000, "link": "https://www.sec.gov/Archives/edgar/data/1109345/000117891313001055/0001178913-13-001055-index.html", "finalLink": "https://www.sec.gov/Archives/edgar/data/1109345/000117891313001055/zk1312941.htm"}, {"date": "2012-12-31", "symbol": "NVMI", "reportedCurrency": "USD", "cik": "0001109345", "fillingDate": "2013-03-11", "acceptedDate": "2013-03-11 16:42:26", "calendarYear": "2012", "period": "Q4", "revenue": 22098000, "costOfRevenue": 11034000, "grossProfit": 11064000, "grossProfitRatio": 0.5006787945, "researchAndDevelopmentExpenses": 7117000, "generalAndAdministrativeExpenses": 1191000, "sellingAndMarketingExpenses": 3102000, "sellingGeneralAndAdministrativeExpenses": 4293000, "otherExpenses": 0, "operatingExpenses": 11410000, "costAndExpenses": 22444000, "interestIncome": 337000, "interestExpense": 0, "depreciationAndAmortization": 858000, "ebitda": 512000, "ebitdaratio": 0.0231695176, "operatingIncome": -346000, "operatingIncomeRatio": -0.0156575256, "totalOtherIncomeExpensesNet": 337000, "incomeBeforeTax": -9000, "incomeBeforeTaxRatio": -0.0004072767, "incomeTaxExpense": -2481000, "netIncome": 2472000, "netIncomeRatio": 0.1118653272, "eps": 0.09, "epsdiluted": 0.09, "weightedAverageShsOut": 26679000, "weightedAverageShsOutDil": 27317000, "link": "https://www.sec.gov/Archives/edgar/data/1109345/000117891313000647/0001178913-13-000647-index.htm", "finalLink": "https://www.sec.gov/Archives/edgar/data/1109345/000117891313000647/zk1312718.htm"}, {"date": "2012-09-30", "symbol": "NVMI", "reportedCurrency": "USD", "cik": "0001109345", "fillingDate": "2012-09-30", "acceptedDate": "2012-09-29 20:00:00", "calendarYear": "2012", "period": "Q3", "revenue": 24418000, "costOfRevenue": 11482000, "grossProfit": 12936000, "grossProfitRatio": 0.5297731182, "researchAndDevelopmentExpenses": 6003000, "generalAndAdministrativeExpenses": 973000, "sellingAndMarketingExpenses": 2967000, "sellingGeneralAndAdministrativeExpenses": 3940000, "otherExpenses": 0, "operatingExpenses": 9943000, "costAndExpenses": 21425000, "interestIncome": 283000, "interestExpense": 0, "depreciationAndAmortization": 771000, "ebitda": 3764000, "ebitdaratio": 0.1541485789, "operatingIncome": 2993000, "operatingIncomeRatio": 0.1225735113, "totalOtherIncomeExpensesNet": 283000, "incomeBeforeTax": 3276000, "incomeBeforeTaxRatio": 0.1341633221, "incomeTaxExpense": 381000, "netIncome": 2895000, "netIncomeRatio": 0.1185600786, "eps": 0.11, "epsdiluted": 0.11, "weightedAverageShsOut": 26646000, "weightedAverageShsOutDil": 27485000, "link": "", "finalLink": ""}, {"date": "2012-06-30", "symbol": "NVMI", "reportedCurrency": "USD", "cik": "0001109345", "fillingDate": "2012-06-30", "acceptedDate": "2012-06-29 20:00:00", "calendarYear": "2012", "period": "Q2", "revenue": 27050000, "costOfRevenue": 12474000, "grossProfit": 14576000, "grossProfitRatio": 0.5388539741, "researchAndDevelopmentExpenses": 5893000, "generalAndAdministrativeExpenses": 972000, "sellingAndMarketingExpenses": 3048000, "sellingGeneralAndAdministrativeExpenses": 4020000, "otherExpenses": 0, "operatingExpenses": 9913000, "costAndExpenses": 22387000, "interestIncome": 339000, "interestExpense": 0, "depreciationAndAmortization": 577000, "ebitda": 5240000, "ebitdaratio": 0.193715342, "operatingIncome": 4663000, "operatingIncomeRatio": 0.1723844732, "totalOtherIncomeExpensesNet": 339000, "incomeBeforeTax": 5002000, "incomeBeforeTaxRatio": 0.1849168207, "incomeTaxExpense": 1278000, "netIncome": 3724000, "netIncomeRatio": 0.1376709797, "eps": 0.14, "epsdiluted": 0.14, "weightedAverageShsOut": 26610000, "weightedAverageShsOutDil": 27299000, "link": "", "finalLink": ""}, {"date": "2012-03-31", "symbol": "NVMI", "reportedCurrency": "USD", "cik": "0001109345", "fillingDate": "2012-03-31", "acceptedDate": "2012-03-30 20:00:00", "calendarYear": "2012", "period": "Q1", "revenue": 22602000, "costOfRevenue": 10024000, "grossProfit": 12578000, "grossProfitRatio": 0.5564994248, "researchAndDevelopmentExpenses": 5581000, "generalAndAdministrativeExpenses": 842000, "sellingAndMarketingExpenses": 2881000, "sellingGeneralAndAdministrativeExpenses": 3723000, "otherExpenses": 0, "operatingExpenses": 9304000, "costAndExpenses": 19328000, "interestIncome": 409000, "interestExpense": 0, "depreciationAndAmortization": 577000, "ebitda": 3851000, "ebitdaratio": 0.1703831519, "operatingIncome": 3274000, "operatingIncomeRatio": 0.1448544377, "totalOtherIncomeExpensesNet": 409000, "incomeBeforeTax": 3683000, "incomeBeforeTaxRatio": 0.1629501814, "incomeTaxExpense": 946000, "netIncome": 2737000, "netIncomeRatio": 0.1210954783, "eps": 0.1, "epsdiluted": 0.1, "weightedAverageShsOut": 26541000, "weightedAverageShsOutDil": 27234000, "link": "", "finalLink": ""}, {"date": "2011-12-31", "symbol": "NVMI", "reportedCurrency": "USD", "cik": "0001109345", "fillingDate": "2012-03-28", "acceptedDate": "2012-03-28 16:19:18", "calendarYear": "2011", "period": "Q4", "revenue": 19192000, "costOfRevenue": 8665000, "grossProfit": 10527000, "grossProfitRatio": 0.5485097957, "researchAndDevelopmentExpenses": 4567000, "generalAndAdministrativeExpenses": 746000, "sellingAndMarketingExpenses": 2951000, "sellingGeneralAndAdministrativeExpenses": 3697000, "otherExpenses": 0, "operatingExpenses": 8264000, "costAndExpenses": 16929000, "interestIncome": 0, "interestExpense": 0, "depreciationAndAmortization": 541000, "ebitda": 2804000, "ebitdaratio": 0.1461025427, "operatingIncome": 2263000, "operatingIncomeRatio": 0.117913714, "totalOtherIncomeExpensesNet": 0, "incomeBeforeTax": 0, "incomeBeforeTaxRatio": 0, "incomeTaxExpense": -2707000, "netIncome": 4970000, "netIncomeRatio": 0.2589620675, "eps": 0.19, "epsdiluted": 0.19, "weightedAverageShsOut": 26334000, "weightedAverageShsOutDil": 26334000, "link": "https://www.sec.gov/Archives/edgar/data/1109345/000117891312000851/0001178913-12-000851-index.htm", "finalLink": "https://www.sec.gov/Archives/edgar/data/1109345/000117891312000851/zk1211173.htm"}, {"date": "2011-09-30", "symbol": "NVMI", "reportedCurrency": "USD", "cik": "0001109345", "fillingDate": "2011-09-30", "acceptedDate": "2011-09-29 20:00:00", "calendarYear": "2011", "period": "Q3", "revenue": 25820000, "costOfRevenue": 11703000, "grossProfit": 14117000, "grossProfitRatio": 0.546746708, "researchAndDevelopmentExpenses": 4627000, "generalAndAdministrativeExpenses": 809000, "sellingAndMarketingExpenses": 2933000, "sellingGeneralAndAdministrativeExpenses": 3742000, "otherExpenses": 0, "operatingExpenses": 8369000, "costAndExpenses": 20072000, "interestIncome": 0, "interestExpense": 0, "depreciationAndAmortization": -118000, "ebitda": 6168000, "ebitdaratio": 0.2388845856, "operatingIncome": 5748000, "operatingIncomeRatio": 0.2226181255, "totalOtherIncomeExpensesNet": 189000, "incomeBeforeTax": 0, "incomeBeforeTaxRatio": 0, "incomeTaxExpense": -189000, "netIncome": 5937000, "netIncomeRatio": 0.2299380325, "eps": 0.23, "epsdiluted": 0.22, "weightedAverageShsOut": 26334000, "weightedAverageShsOutDil": 27079000, "link": "", "finalLink": ""}, {"date": "2011-06-30", "symbol": "NVMI", "reportedCurrency": "USD", "cik": "0001109345", "fillingDate": "2011-06-30", "acceptedDate": "2011-06-29 20:00:00", "calendarYear": "2011", "period": "Q2", "revenue": 29647000, "costOfRevenue": 12531000, "grossProfit": 17116000, "grossProfitRatio": 0.5773265423, "researchAndDevelopmentExpenses": 4516000, "generalAndAdministrativeExpenses": 945000, "sellingAndMarketingExpenses": 2778000, "sellingGeneralAndAdministrativeExpenses": 3723000, "otherExpenses": 0, "operatingExpenses": 8239000, "costAndExpenses": 20770000, "interestIncome": 0, "interestExpense": 0, "depreciationAndAmortization": 915000, "ebitda": 9792000, "ebitdaratio": 0.3302863696, "operatingIncome": 8877000, "operatingIncomeRatio": 0.2994232131, "totalOtherIncomeExpensesNet": 286000, "incomeBeforeTax": 0, "incomeBeforeTaxRatio": 0, "incomeTaxExpense": -286000, "netIncome": 9163000, "netIncomeRatio": 0.3090700577, "eps": 0.35, "epsdiluted": 0.34, "weightedAverageShsOut": 26250000, "weightedAverageShsOutDil": 27176000, "link": "", "finalLink": ""}, {"date": "2011-03-31", "symbol": "NVMI", "reportedCurrency": "USD", "cik": "0001109345", "fillingDate": "2011-03-31", "acceptedDate": "2011-03-30 20:00:00", "calendarYear": "2011", "period": "Q1", "revenue": 28169000, "costOfRevenue": 11933000, "grossProfit": 16236000, "grossProfitRatio": 0.5763782882, "researchAndDevelopmentExpenses": 4967000, "generalAndAdministrativeExpenses": 729000, "sellingAndMarketingExpenses": 2711000, "sellingGeneralAndAdministrativeExpenses": 3440000, "otherExpenses": 0, "operatingExpenses": 8407000, "costAndExpenses": 20340000, "interestIncome": 219000, "interestExpense": 0, "depreciationAndAmortization": 362000, "ebitda": 8191000, "ebitdaratio": 0.2907806454, "operatingIncome": 7829000, "operatingIncomeRatio": 0.277929639, "totalOtherIncomeExpensesNet": 219000, "incomeBeforeTax": 0, "incomeBeforeTaxRatio": 0, "incomeTaxExpense": -219000, "netIncome": 8048000, "netIncomeRatio": 0.2857041429, "eps": 0.31, "epsdiluted": 0.3, "weightedAverageShsOut": 25960000, "weightedAverageShsOutDil": 27020000, "link": "", "finalLink": ""}, {"date": "2010-12-31", "symbol": "NVMI", "reportedCurrency": "USD", "cik": "0001109345", "fillingDate": "2011-03-30", "acceptedDate": "2011-03-30 16:19:10", "calendarYear": "2010", "period": "Q4", "revenue": 26989000, "costOfRevenue": 11607000, "grossProfit": 15382000, "grossProfitRatio": 0.5699358998, "researchAndDevelopmentExpenses": 4280000, "generalAndAdministrativeExpenses": 843000, "sellingAndMarketingExpenses": 2885000, "sellingGeneralAndAdministrativeExpenses": 3728000, "otherExpenses": 0, "operatingExpenses": 8008000, "costAndExpenses": 19615000, "interestIncome": 0, "interestExpense": 0, "depreciationAndAmortization": 259000, "ebitda": 7633000, "ebitdaratio": 0.2828189262, "operatingIncome": 7374000, "operatingIncomeRatio": 0.273222424, "totalOtherIncomeExpensesNet": 0, "incomeBeforeTax": 0, "incomeBeforeTaxRatio": 0, "incomeTaxExpense": -119000, "netIncome": 7493000, "netIncomeRatio": 0.2776316277, "eps": 0.3, "epsdiluted": 0.3, "weightedAverageShsOut": 25008000, "weightedAverageShsOutDil": 25008000, "link": "https://www.sec.gov/Archives/edgar/data/1109345/000117891311000939/0001178913-11-000939-index.htm", "finalLink": "https://www.sec.gov/Archives/edgar/data/1109345/000117891311000939/zk1109650.htm"}, {"date": "2010-09-30", "symbol": "NVMI", "reportedCurrency": "USD", "cik": "0001109345", "fillingDate": "2010-09-30", "acceptedDate": "2010-09-29 20:00:00", "calendarYear": "2010", "period": "Q3", "revenue": 24210000, "costOfRevenue": 10724000, "grossProfit": 13486000, "grossProfitRatio": 0.5570425444, "researchAndDevelopmentExpenses": 2783000, "generalAndAdministrativeExpenses": 795000, "sellingAndMarketingExpenses": 2810000, "sellingGeneralAndAdministrativeExpenses": 3605000, "otherExpenses": 0, "operatingExpenses": 6388000, "costAndExpenses": 17112000, "interestIncome": 0, "interestExpense": 0, "depreciationAndAmortization": 354000, "ebitda": 7452000, "ebitdaratio": 0.3078066914, "operatingIncome": 7098000, "operatingIncomeRatio": 0.2931846344, "totalOtherIncomeExpensesNet": 0, "incomeBeforeTax": 0, "incomeBeforeTaxRatio": 0, "incomeTaxExpense": -176000, "netIncome": 7274000, "netIncomeRatio": 0.3004543577, "eps": 0.29, "epsdiluted": 0.27, "weightedAverageShsOut": 25008000, "weightedAverageShsOutDil": 26478000, "link": "", "finalLink": ""}]