[{"date": "2025-06-30", "symbol": "PCTY", "reportedCurrency": "USD", "cik": "0001591698", "fillingDate": "2025-08-06", "acceptedDate": "2025-08-06 10:02:41", "calendarYear": "2025", "period": "Q4", "revenue": 400737000, "costOfRevenue": 128865000, "grossProfit": 271872000, "grossProfitRatio": 0.6784299927, "researchAndDevelopmentExpenses": 51040000, "generalAndAdministrativeExpenses": 53727000, "sellingAndMarketingExpenses": 100878000, "sellingGeneralAndAdministrativeExpenses": 154605000, "otherExpenses": 0, "operatingExpenses": 205645000, "costAndExpenses": 334510000, "interestIncome": 0, "interestExpense": 0, "depreciationAndAmortization": 0, "ebitda": 66227000, "ebitdaratio": 0.1652630029, "operatingIncome": 66227000, "operatingIncomeRatio": 0.1652630029, "totalOtherIncomeExpensesNet": 572000, "incomeBeforeTax": 66799000, "incomeBeforeTaxRatio": 0.166690373, "incomeTaxExpense": 18193000, "netIncome": 48606000, "netIncomeRatio": 0.1212915204, "eps": 0.88, "epsdiluted": 0.86, "weightedAverageShsOut": 55322000, "weightedAverageShsOutDil": 56255000, "link": "https://www.sec.gov/Archives/edgar/data/1591698/000159169825000087/0001591698-25-000087-index.htm", "finalLink": "https://www.sec.gov/Archives/edgar/data/1591698/000159169825000087/pcty-20250630.htm"}, {"date": "2025-03-31", "symbol": "PCTY", "reportedCurrency": "USD", "cik": "0001591698", "fillingDate": "2025-05-02", "acceptedDate": "2025-05-02 10:01:03", "calendarYear": "2025", "period": "Q3", "revenue": 454548000, "costOfRevenue": 129853000, "grossProfit": 324695000, "grossProfitRatio": 0.7143249998, "researchAndDevelopmentExpenses": 51396000, "generalAndAdministrativeExpenses": 54495000, "sellingAndMarketingExpenses": 91774000, "sellingGeneralAndAdministrativeExpenses": 146269000, "otherExpenses": 0, "operatingExpenses": 197665000, "costAndExpenses": 327518000, "interestIncome": 0, "interestExpense": 0, "depreciationAndAmortization": -22955000, "ebitda": 127030000, "ebitdaratio": 0.279464435, "operatingIncome": 127030000, "operatingIncomeRatio": 0.279464435, "totalOtherIncomeExpensesNet": -468000, "incomeBeforeTax": 126562000, "incomeBeforeTaxRatio": 0.2784348408, "incomeTaxExpense": 35079000, "netIncome": 91483000, "netIncomeRatio": 0.2012614729, "eps": 1.64, "epsdiluted": 1.61, "weightedAverageShsOut": 55810000, "weightedAverageShsOutDil": 56780000, "link": "https://www.sec.gov/Archives/edgar/data/1591698/000159169825000051/0001591698-25-000051-index.htm", "finalLink": "https://www.sec.gov/Archives/edgar/data/1591698/000159169825000051/pcty-20250331.htm"}, {"date": "2024-12-31", "symbol": "PCTY", "reportedCurrency": "USD", "cik": "0001591698", "fillingDate": "2025-02-07", "acceptedDate": "2025-02-07 10:03:06", "calendarYear": "2025", "period": "Q2", "revenue": 376980000, "costOfRevenue": 124545000, "grossProfit": 252435000, "grossProfitRatio": 0.6696243833, "researchAndDevelopmentExpenses": 56155000, "generalAndAdministrativeExpenses": 56524000, "sellingAndMarketingExpenses": 93133000, "sellingGeneralAndAdministrativeExpenses": 149657000, "otherExpenses": 0, "operatingExpenses": 205812000, "costAndExpenses": 330357000, "interestIncome": 0, "interestExpense": 0, "depreciationAndAmortization": 25660000, "ebitda": 72476000, "ebitdaratio": 0.192254231, "operatingIncome": 46623000, "operatingIncomeRatio": 0.123674996, "totalOtherIncomeExpensesNet": 193000, "incomeBeforeTax": 46816000, "incomeBeforeTaxRatio": 0.1241869595, "incomeTaxExpense": 9351000, "netIncome": 37465000, "netIncomeRatio": 0.0993819301, "eps": 0.67, "epsdiluted": 0.66, "weightedAverageShsOut": 55826000, "weightedAverageShsOutDil": 56740000, "link": "https://www.sec.gov/Archives/edgar/data/1591698/000159169825000010/0001591698-25-000010-index.htm", "finalLink": "https://www.sec.gov/Archives/edgar/data/1591698/000159169825000010/pcty-20241231.htm"}, {"date": "2024-09-30", "symbol": "PCTY", "reportedCurrency": "USD", "cik": "0001591698", "fillingDate": "2024-10-31", "acceptedDate": "2024-10-31 10:01:50", "calendarYear": "2025", "period": "Q1", "revenue": 362956000, "costOfRevenue": 114960000, "grossProfit": 247996000, "grossProfitRatio": 0.6832673933, "researchAndDevelopmentExpenses": 47260000, "generalAndAdministrativeExpenses": 48161000, "sellingAndMarketingExpenses": 88431000, "sellingGeneralAndAdministrativeExpenses": 130325000, "otherExpenses": 0, "operatingExpenses": 183852000, "costAndExpenses": 298812000, "interestIncome": 0, "interestExpense": 0, "depreciationAndAmortization": 21552000, "ebitda": 64144000, "ebitdaratio": 0.1767266556, "operatingIncome": 64144000, "operatingIncomeRatio": 0.1767266556, "totalOtherIncomeExpensesNet": 4742000, "incomeBeforeTax": 68886000, "incomeBeforeTaxRatio": 0.1897916001, "incomeTaxExpense": 19313000, "netIncome": 49573000, "netIncomeRatio": 0.1365812936, "eps": 0.89, "epsdiluted": 0.88, "weightedAverageShsOut": 55640000, "weightedAverageShsOutDil": 56266000, "link": "https://www.sec.gov/Archives/edgar/data/1591698/000159169824000277/0001591698-24-000277-index.htm", "finalLink": "https://www.sec.gov/Archives/edgar/data/1591698/000159169824000277/pcty-20240930.htm"}, {"date": "2024-06-30", "symbol": "PCTY", "reportedCurrency": "USD", "cik": "0001591698", "fillingDate": "2024-08-02", "acceptedDate": "2024-08-02 10:00:19", "calendarYear": "2024", "period": "Q4", "revenue": 357287000, "costOfRevenue": 116924000, "grossProfit": 240363000, "grossProfitRatio": 0.6727448802, "researchAndDevelopmentExpenses": 44203000, "generalAndAdministrativeExpenses": 45281000, "sellingAndMarketingExpenses": 88014000, "sellingGeneralAndAdministrativeExpenses": 133295000, "otherExpenses": 0, "operatingExpenses": 176045000, "costAndExpenses": 292969000, "interestIncome": 0, "interestExpense": 0, "depreciationAndAmortization": 20647000, "ebitda": 84965000, "ebitdaratio": 0.2378060215, "operatingIncome": 64318000, "operatingIncomeRatio": 0.1800177448, "totalOtherIncomeExpensesNet": 5573000, "incomeBeforeTax": 68482000, "incomeBeforeTaxRatio": 0.1916722411, "incomeTaxExpense": 19663000, "netIncome": 48819000, "netIncomeRatio": 0.1366380529, "eps": 0.87, "epsdiluted": 0.86, "weightedAverageShsOut": 56209000, "weightedAverageShsOutDil": 56890000, "link": "https://www.sec.gov/Archives/edgar/data/1591698/000159169824000151/0001591698-24-000151-index.htm", "finalLink": "https://www.sec.gov/Archives/edgar/data/1591698/000159169824000151/pcty-20240630.htm"}, {"date": "2024-03-31", "symbol": "PCTY", "reportedCurrency": "USD", "cik": "0001591698", "fillingDate": "2024-05-03", "acceptedDate": "2024-05-03 10:02:12", "calendarYear": "2024", "period": "Q3", "revenue": 401281000, "costOfRevenue": 118781000, "grossProfit": 282500000, "grossProfitRatio": 0.7039954546, "researchAndDevelopmentExpenses": 43386000, "generalAndAdministrativeExpenses": 48863000, "sellingAndMarketingExpenses": 86760000, "sellingGeneralAndAdministrativeExpenses": 135623000, "otherExpenses": 4324000, "operatingExpenses": 176099000, "costAndExpenses": 294880000, "interestIncome": 0, "interestExpense": 0, "depreciationAndAmortization": 20278000, "ebitda": 126567000, "ebitdaratio": 0.3154074078, "operatingIncome": 106401000, "operatingIncomeRatio": 0.2651533464, "totalOtherIncomeExpensesNet": 4324000, "incomeBeforeTax": 110613000, "incomeBeforeTaxRatio": 0.2756497317, "incomeTaxExpense": 25299000, "netIncome": 85314000, "netIncomeRatio": 0.2126041353, "eps": 1.51, "epsdiluted": 1.5, "weightedAverageShsOut": 56369000, "weightedAverageShsOutDil": 57048000, "link": "https://www.sec.gov/Archives/edgar/data/1591698/000159169824000100/0001591698-24-000100-index.htm", "finalLink": "https://www.sec.gov/Archives/edgar/data/1591698/000159169824000100/pcty-20240331.htm"}, {"date": "2023-12-31", "symbol": "PCTY", "reportedCurrency": "USD", "cik": "0001591698", "fillingDate": "2024-02-09", "acceptedDate": "2024-02-09 10:02:11", "calendarYear": "2024", "period": "Q2", "revenue": 326361000, "costOfRevenue": 107399000, "grossProfit": 218962000, "grossProfitRatio": 0.6709196258, "researchAndDevelopmentExpenses": 46139000, "generalAndAdministrativeExpenses": 43340000, "sellingAndMarketingExpenses": 79777000, "sellingGeneralAndAdministrativeExpenses": 123117000, "otherExpenses": 0, "operatingExpenses": 169256000, "costAndExpenses": 276655000, "interestIncome": 0, "interestExpense": 0, "depreciationAndAmortization": 18380000, "ebitda": 68086000, "ebitdaratio": 0.208621741, "operatingIncome": 49706000, "operatingIncomeRatio": 0.1523037373, "totalOtherIncomeExpensesNet": 3800000, "incomeBeforeTax": 53506000, "incomeBeforeTaxRatio": 0.1639472854, "incomeTaxExpense": 15390000, "netIncome": 38116000, "netIncomeRatio": 0.1167909156, "eps": 0.68, "epsdiluted": 0.67, "weightedAverageShsOut": 56244000, "weightedAverageShsOutDil": 56855000, "link": "https://www.sec.gov/Archives/edgar/data/1591698/000159169824000014/0001591698-24-000014-index.htm", "finalLink": "https://www.sec.gov/Archives/edgar/data/1591698/000159169824000014/pcty-20231231.htm"}, {"date": "2023-09-30", "symbol": "PCTY", "reportedCurrency": "USD", "cik": "0001591698", "fillingDate": "2023-11-03", "acceptedDate": "2023-11-03 10:04:44", "calendarYear": "2024", "period": "Q1", "revenue": 317586000, "costOfRevenue": 101467000, "grossProfit": 216119000, "grossProfitRatio": 0.6805054379, "researchAndDevelopmentExpenses": 44605000, "generalAndAdministrativeExpenses": 49922000, "sellingAndMarketingExpenses": 80403000, "sellingGeneralAndAdministrativeExpenses": 130325000, "otherExpenses": 0, "operatingExpenses": 174930000, "costAndExpenses": 276397000, "interestIncome": 190000, "interestExpense": 0, "depreciationAndAmortization": 17121000, "ebitda": 58310000, "ebitdaratio": 0.1836038113, "operatingIncome": 41189000, "operatingIncomeRatio": 0.1296940041, "totalOtherIncomeExpensesNet": 3225000, "incomeBeforeTax": 44414000, "incomeBeforeTaxRatio": 0.1398487339, "incomeTaxExpense": 9897000, "netIncome": 34517000, "netIncomeRatio": 0.1086855214, "eps": 0.62, "epsdiluted": 0.61, "weightedAverageShsOut": 56037000, "weightedAverageShsOutDil": 56881000, "link": "https://www.sec.gov/Archives/edgar/data/1591698/000159169823000238/0001591698-23-000238-index.htm", "finalLink": "https://www.sec.gov/Archives/edgar/data/1591698/000159169823000238/pcty-20230930.htm"}, {"date": "2023-06-30", "symbol": "PCTY", "reportedCurrency": "USD", "cik": "0001591698", "fillingDate": "2023-08-04", "acceptedDate": "2023-08-04 09:58:03", "calendarYear": "2023", "period": "Q4", "revenue": 308453000, "costOfRevenue": 96706000, "grossProfit": 211747000, "grossProfitRatio": 0.6864805983, "researchAndDevelopmentExpenses": 40549000, "generalAndAdministrativeExpenses": 45951000, "sellingAndMarketingExpenses": 75895000, "sellingGeneralAndAdministrativeExpenses": 121846000, "otherExpenses": 0, "operatingExpenses": 162395000, "costAndExpenses": 259101000, "interestIncome": 188000, "interestExpense": 971000, "depreciationAndAmortization": 16385000, "ebitda": 65737000, "ebitdaratio": 0.2131183681, "operatingIncome": 49352000, "operatingIncomeRatio": 0.1599984438, "totalOtherIncomeExpensesNet": 2617000, "incomeBeforeTax": 51969000, "incomeBeforeTaxRatio": 0.1684827186, "incomeTaxExpense": 14715000, "netIncome": 37254000, "netIncomeRatio": 0.1207769093, "eps": 0.67, "epsdiluted": 0.66, "weightedAverageShsOut": 55864000, "weightedAverageShsOutDil": 56665000, "link": "https://www.sec.gov/Archives/edgar/data/1591698/000159169823000115/0001591698-23-000115-index.htm", "finalLink": "https://www.sec.gov/Archives/edgar/data/1591698/000159169823000115/pcty-20230630.htm"}, {"date": "2023-03-31", "symbol": "PCTY", "reportedCurrency": "USD", "cik": "0001591698", "fillingDate": "2023-05-05", "acceptedDate": "2023-05-05 10:01:29", "calendarYear": "2023", "period": "Q3", "revenue": 339857000, "costOfRevenue": 95714000, "grossProfit": 244143000, "grossProfitRatio": 0.7183697849, "researchAndDevelopmentExpenses": 42323000, "generalAndAdministrativeExpenses": 47379000, "sellingAndMarketingExpenses": 74064000, "sellingGeneralAndAdministrativeExpenses": 121443000, "otherExpenses": 1139000, "operatingExpenses": 163766000, "costAndExpenses": 259480000, "interestIncome": 187000, "interestExpense": 0, "depreciationAndAmortization": 15387000, "ebitda": 95764000, "ebitdaratio": 0.2817773358, "operatingIncome": 80377000, "operatingIncomeRatio": 0.2365024113, "totalOtherIncomeExpensesNet": 1139000, "incomeBeforeTax": 81516000, "incomeBeforeTaxRatio": 0.2398538209, "incomeTaxExpense": 23900000, "netIncome": 57616000, "netIncomeRatio": 0.1695301259, "eps": 1.03, "epsdiluted": 1.02, "weightedAverageShsOut": 55788000, "weightedAverageShsOutDil": 56555000, "link": "https://www.sec.gov/Archives/edgar/data/1591698/000159169823000063/0001591698-23-000063-index.htm", "finalLink": "https://www.sec.gov/Archives/edgar/data/1591698/000159169823000063/pcty-20230331.htm"}, {"date": "2022-12-31", "symbol": "PCTY", "reportedCurrency": "USD", "cik": "0001591698", "fillingDate": "2023-02-03", "acceptedDate": "2023-02-03 10:02:06", "calendarYear": "2023", "period": "Q2", "revenue": 273008000, "costOfRevenue": 90076000, "grossProfit": 182932000, "grossProfitRatio": 0.6700609506, "researchAndDevelopmentExpenses": 41029000, "generalAndAdministrativeExpenses": 48001000, "sellingAndMarketingExpenses": 75694000, "sellingGeneralAndAdministrativeExpenses": 123695000, "otherExpenses": -5000, "operatingExpenses": 164724000, "costAndExpenses": 254800000, "interestIncome": 190000, "interestExpense": 5000, "depreciationAndAmortization": 14827000, "ebitda": 33035000, "ebitdaratio": 0.1210037801, "operatingIncome": 18208000, "operatingIncomeRatio": 0.0666940163, "totalOtherIncomeExpensesNet": -5000, "incomeBeforeTax": 18203000, "incomeBeforeTaxRatio": 0.0666757018, "incomeTaxExpense": 2603000, "netIncome": 15600000, "netIncomeRatio": 0.0571411827, "eps": 0.28, "epsdiluted": 0.28, "weightedAverageShsOut": 55721000, "weightedAverageShsOutDil": 56474000, "link": "https://www.sec.gov/Archives/edgar/data/1591698/000159169823000010/0001591698-23-000010-index.htm", "finalLink": "https://www.sec.gov/Archives/edgar/data/1591698/000159169823000010/pcty-20221231.htm"}, {"date": "2022-09-30", "symbol": "PCTY", "reportedCurrency": "USD", "cik": "0001591698", "fillingDate": "2022-11-04", "acceptedDate": "2022-11-04 10:01:17", "calendarYear": "2023", "period": "Q1", "revenue": 253280000, "costOfRevenue": 84543000, "grossProfit": 168737000, "grossProfitRatio": 0.6662073594, "researchAndDevelopmentExpenses": 40093000, "generalAndAdministrativeExpenses": 50492000, "sellingAndMarketingExpenses": 71063000, "sellingGeneralAndAdministrativeExpenses": 121555000, "otherExpenses": -163000, "operatingExpenses": 161648000, "costAndExpenses": 246191000, "interestIncome": 187000, "interestExpense": 163000, "depreciationAndAmortization": 14267000, "ebitda": 21356000, "ebitdaratio": 0.0843177511, "operatingIncome": 7089000, "operatingIncomeRatio": 0.0279887871, "totalOtherIncomeExpensesNet": -163000, "incomeBeforeTax": 6926000, "incomeBeforeTaxRatio": 0.0273452306, "incomeTaxExpense": -23426000, "netIncome": 30352000, "netIncomeRatio": 0.1198357549, "eps": 0.55, "epsdiluted": 0.54, "weightedAverageShsOut": 55453000, "weightedAverageShsOutDil": 56664000, "link": "https://www.sec.gov/Archives/edgar/data/1591698/000159169822000184/0001591698-22-000184-index.htm", "finalLink": "https://www.sec.gov/Archives/edgar/data/1591698/000159169822000184/pcty-20220930.htm"}, {"date": "2022-06-30", "symbol": "PCTY", "reportedCurrency": "USD", "cik": "0001591698", "fillingDate": "2022-08-05", "acceptedDate": "2022-08-05 10:16:20", "calendarYear": "2022", "period": "Q4", "revenue": 228947000, "costOfRevenue": 77394000, "grossProfit": 151553000, "grossProfitRatio": 0.6619566974, "researchAndDevelopmentExpenses": 28884000, "generalAndAdministrativeExpenses": 44244000, "sellingAndMarketingExpenses": 59599000, "sellingGeneralAndAdministrativeExpenses": 103843000, "otherExpenses": -197000, "operatingExpenses": 132727000, "costAndExpenses": 210121000, "interestIncome": 0, "interestExpense": 0, "depreciationAndAmortization": 13799000, "ebitda": 32625000, "ebitdaratio": 0.1425002293, "operatingIncome": 18826000, "operatingIncomeRatio": 0.0822286381, "totalOtherIncomeExpensesNet": -197000, "incomeBeforeTax": 18629000, "incomeBeforeTaxRatio": 0.0813681769, "incomeTaxExpense": 3483000, "netIncome": 15146000, "netIncomeRatio": 0.066155049, "eps": 0.27, "epsdiluted": 0.27, "weightedAverageShsOut": 55156000, "weightedAverageShsOutDil": 56469000, "link": "https://www.sec.gov/Archives/edgar/data/1591698/000159169822000094/0001591698-22-000094-index.htm", "finalLink": "https://www.sec.gov/Archives/edgar/data/1591698/000159169822000094/pcty-20220630.htm"}, {"date": "2022-03-31", "symbol": "PCTY", "reportedCurrency": "USD", "cik": "0001591698", "fillingDate": "2022-05-06", "acceptedDate": "2022-05-06 10:05:42", "calendarYear": "2022", "period": "Q3", "revenue": 245970000, "costOfRevenue": 75538000, "grossProfit": 170432000, "grossProfitRatio": 0.6928975078, "researchAndDevelopmentExpenses": 25670000, "generalAndAdministrativeExpenses": 44632000, "sellingAndMarketingExpenses": 52752000, "sellingGeneralAndAdministrativeExpenses": 97384000, "otherExpenses": -311000, "operatingExpenses": 123054000, "costAndExpenses": 198592000, "interestIncome": 0, "interestExpense": 311000, "depreciationAndAmortization": 13036000, "ebitda": 60414000, "ebitdaratio": 0.2456153189, "operatingIncome": 47378000, "operatingIncomeRatio": 0.1926169858, "totalOtherIncomeExpensesNet": -311000, "incomeBeforeTax": 47067000, "incomeBeforeTaxRatio": 0.191352604, "incomeTaxExpense": 12221000, "netIncome": 34846000, "netIncomeRatio": 0.1416676831, "eps": 0.63, "epsdiluted": 0.62, "weightedAverageShsOut": 55114000, "weightedAverageShsOutDil": 56367000, "link": "https://www.sec.gov/Archives/edgar/data/1591698/000159169822000064/0001591698-22-000064-index.htm", "finalLink": "https://www.sec.gov/Archives/edgar/data/1591698/000159169822000064/pcty-20220331.htm"}, {"date": "2021-12-31", "symbol": "PCTY", "reportedCurrency": "USD", "cik": "0001591698", "fillingDate": "2022-02-04", "acceptedDate": "2022-02-04 10:02:09", "calendarYear": "2022", "period": "Q2", "revenue": 196037000, "costOfRevenue": 70821000, "grossProfit": 125216000, "grossProfitRatio": 0.638736565, "researchAndDevelopmentExpenses": 25278000, "generalAndAdministrativeExpenses": 39581000, "sellingAndMarketingExpenses": 52219000, "sellingGeneralAndAdministrativeExpenses": 91800000, "otherExpenses": -372000, "operatingExpenses": 117078000, "costAndExpenses": 187899000, "interestIncome": 0, "interestExpense": 0, "depreciationAndAmortization": 12061000, "ebitda": 20199000, "ebitdaratio": 0.1030366716, "operatingIncome": 8138000, "operatingIncomeRatio": 0.0415125716, "totalOtherIncomeExpensesNet": -372000, "incomeBeforeTax": 7766000, "incomeBeforeTaxRatio": 0.0396149706, "incomeTaxExpense": -2087000, "netIncome": 9853000, "netIncomeRatio": 0.0502609201, "eps": 0.18, "epsdiluted": 0.17, "weightedAverageShsOut": 55067000, "weightedAverageShsOutDil": 56468000, "link": "https://www.sec.gov/Archives/edgar/data/1591698/000159169822000016/0001591698-22-000016-index.htm", "finalLink": "https://www.sec.gov/Archives/edgar/data/1591698/000159169822000016/pcty-20211231.htm"}, {"date": "2021-09-30", "symbol": "PCTY", "reportedCurrency": "USD", "cik": "0001591698", "fillingDate": "2021-11-05", "acceptedDate": "2021-11-05 10:00:36", "calendarYear": "2022", "period": "Q1", "revenue": 181697000, "costOfRevenue": 63249000, "grossProfit": 118448000, "grossProfitRatio": 0.6518984903, "researchAndDevelopmentExpenses": 23076000, "generalAndAdministrativeExpenses": 35235000, "sellingAndMarketingExpenses": 49885000, "sellingGeneralAndAdministrativeExpenses": 85120000, "otherExpenses": -117000, "operatingExpenses": 108196000, "costAndExpenses": 171445000, "interestIncome": 0, "interestExpense": 0, "depreciationAndAmortization": 11322000, "ebitda": 21574000, "ebitdaratio": 0.1187361376, "operatingIncome": 10252000, "operatingIncomeRatio": 0.0564236063, "totalOtherIncomeExpensesNet": -117000, "incomeBeforeTax": 10135000, "incomeBeforeTaxRatio": 0.0557796772, "incomeTaxExpense": -20797000, "netIncome": 30932000, "netIncomeRatio": 0.1702394646, "eps": 0.56, "epsdiluted": 0.55, "weightedAverageShsOut": 54810000, "weightedAverageShsOutDil": 56506000, "link": "https://www.sec.gov/Archives/edgar/data/1591698/000155837021014749/0001558370-21-014749-index.htm", "finalLink": "https://www.sec.gov/Archives/edgar/data/1591698/000155837021014749/pcty-20210930x10q.htm"}, {"date": "2021-06-30", "symbol": "PCTY", "reportedCurrency": "USD", "cik": "0001591698", "fillingDate": "2021-08-06", "acceptedDate": "2021-08-06 10:05:03", "calendarYear": "2021", "period": "Q4", "revenue": 167451000, "costOfRevenue": 59050000, "grossProfit": 108401000, "grossProfitRatio": 0.6473595261, "researchAndDevelopmentExpenses": 20264000, "generalAndAdministrativeExpenses": 32733000, "sellingAndMarketingExpenses": 46304000, "sellingGeneralAndAdministrativeExpenses": 79037000, "otherExpenses": -96000, "operatingExpenses": 99301000, "costAndExpenses": 158351000, "interestIncome": 0, "interestExpense": 0, "depreciationAndAmortization": 10902000, "ebitda": 20002000, "ebitdaratio": 0.1194498689, "operatingIncome": 9100000, "operatingIncomeRatio": 0.0543442559, "totalOtherIncomeExpensesNet": -96000, "incomeBeforeTax": 9004000, "incomeBeforeTaxRatio": 0.0537709539, "incomeTaxExpense": -2879000, "netIncome": 11883000, "netIncomeRatio": 0.0709640432, "eps": 0.22, "epsdiluted": 0.21, "weightedAverageShsOut": 54533000, "weightedAverageShsOutDil": 56351000, "link": "https://www.sec.gov/Archives/edgar/data/1591698/000155837021010711/0001558370-21-010711-index.htm", "finalLink": "https://www.sec.gov/Archives/edgar/data/1591698/000155837021010711/pcty-20210630x10k.htm"}, {"date": "2021-03-31", "symbol": "PCTY", "reportedCurrency": "USD", "cik": "0001591698", "fillingDate": "2021-05-07", "acceptedDate": "2021-05-07 10:00:44", "calendarYear": "2021", "period": "Q3", "revenue": 186053000, "costOfRevenue": 57326000, "grossProfit": 128727000, "grossProfitRatio": 0.6918834956, "researchAndDevelopmentExpenses": 18458000, "generalAndAdministrativeExpenses": 31071000, "sellingAndMarketingExpenses": 40055000, "sellingGeneralAndAdministrativeExpenses": 71126000, "otherExpenses": -207000, "operatingExpenses": 89584000, "costAndExpenses": 146910000, "interestIncome": 0, "interestExpense": 0, "depreciationAndAmortization": 10999000, "ebitda": 50142000, "ebitdaratio": 0.2695038511, "operatingIncome": 39143000, "operatingIncomeRatio": 0.2103862878, "totalOtherIncomeExpensesNet": -207000, "incomeBeforeTax": 38936000, "incomeBeforeTaxRatio": 0.2092737016, "incomeTaxExpense": 2102000, "netIncome": 36834000, "netIncomeRatio": 0.1979758456, "eps": 0.68, "epsdiluted": 0.65, "weightedAverageShsOut": 54415000, "weightedAverageShsOutDil": 56414000, "link": "https://www.sec.gov/Archives/edgar/data/1591698/000155837021006389/0001558370-21-006389-index.htm", "finalLink": "https://www.sec.gov/Archives/edgar/data/1591698/000155837021006389/pcty-20210331x10q.htm"}, {"date": "2020-12-31", "symbol": "PCTY", "reportedCurrency": "USD", "cik": "0001591698", "fillingDate": "2021-02-05", "acceptedDate": "2021-02-05 10:10:53", "calendarYear": "2021", "period": "Q2", "revenue": 146329000, "costOfRevenue": 53542000, "grossProfit": 92787000, "grossProfitRatio": 0.6340985041, "researchAndDevelopmentExpenses": 19338000, "generalAndAdministrativeExpenses": 29323000, "sellingAndMarketingExpenses": 37775000, "sellingGeneralAndAdministrativeExpenses": 67098000, "otherExpenses": -379000, "operatingExpenses": 86436000, "costAndExpenses": 139978000, "interestIncome": 0, "interestExpense": 0, "depreciationAndAmortization": 10836000, "ebitda": 17187000, "ebitdaratio": 0.1174545032, "operatingIncome": 6351000, "operatingIncomeRatio": 0.0434021964, "totalOtherIncomeExpensesNet": -379000, "incomeBeforeTax": 5972000, "incomeBeforeTaxRatio": 0.0408121425, "incomeTaxExpense": -3670000, "netIncome": 9642000, "netIncomeRatio": 0.0658926119, "eps": 0.18, "epsdiluted": 0.17, "weightedAverageShsOut": 54305000, "weightedAverageShsOutDil": 56343000, "link": "https://www.sec.gov/Archives/edgar/data/1591698/000155837021000761/0001558370-21-000761-index.htm", "finalLink": "https://www.sec.gov/Archives/edgar/data/1591698/000155837021000761/pcty-20201231x10q.htm"}, {"date": "2020-09-30", "symbol": "PCTY", "reportedCurrency": "USD", "cik": "0001591698", "fillingDate": "2020-11-06", "acceptedDate": "2020-11-06 10:00:42", "calendarYear": "2021", "period": "Q1", "revenue": 135794000, "costOfRevenue": 49380000, "grossProfit": 86414000, "grossProfitRatio": 0.6363609585, "researchAndDevelopmentExpenses": 18647000, "generalAndAdministrativeExpenses": 26644000, "sellingAndMarketingExpenses": 37674000, "sellingGeneralAndAdministrativeExpenses": 64318000, "otherExpenses": -257000, "operatingExpenses": 82965000, "costAndExpenses": 132345000, "interestIncome": 0, "interestExpense": 0, "depreciationAndAmortization": 10235000, "ebitda": 13684000, "ebitdaratio": 0.1007702844, "operatingIncome": 3449000, "operatingIncomeRatio": 0.0253987658, "totalOtherIncomeExpensesNet": -257000, "incomeBeforeTax": 3192000, "incomeBeforeTaxRatio": 0.0235061932, "incomeTaxExpense": -9268000, "netIncome": 12460000, "netIncomeRatio": 0.0917566314, "eps": 0.23, "epsdiluted": 0.22, "weightedAverageShsOut": 54015000, "weightedAverageShsOutDil": 56050000, "link": "https://www.sec.gov/Archives/edgar/data/1591698/000155837020013039/0001558370-20-013039-index.htm", "finalLink": "https://www.sec.gov/Archives/edgar/data/1591698/000155837020013039/pcty-20200930x10q.htm"}, {"date": "2020-06-30", "symbol": "PCTY", "reportedCurrency": "USD", "cik": "0001591698", "fillingDate": "2020-08-07", "acceptedDate": "2020-08-07 18:40:33", "calendarYear": "2020", "period": "Q4", "revenue": 130589000, "costOfRevenue": 45875000, "grossProfit": 84714000, "grossProfitRatio": 0.6487070121, "researchAndDevelopmentExpenses": 17350000, "generalAndAdministrativeExpenses": 27965000, "sellingAndMarketingExpenses": 33083000, "sellingGeneralAndAdministrativeExpenses": 61048000, "otherExpenses": -247000, "operatingExpenses": 78398000, "costAndExpenses": 124273000, "interestIncome": 0, "interestExpense": 0, "depreciationAndAmortization": 10081000, "ebitda": 16397000, "ebitdaratio": 0.1255618773, "operatingIncome": 6316000, "operatingIncomeRatio": 0.0483654825, "totalOtherIncomeExpensesNet": -247000, "incomeBeforeTax": 6069000, "incomeBeforeTaxRatio": 0.0464740522, "incomeTaxExpense": 1119000, "netIncome": 4950000, "netIncomeRatio": 0.0379051834, "eps": 0.09, "epsdiluted": 0.09, "weightedAverageShsOut": 53731000, "weightedAverageShsOutDil": 55970000, "link": "https://www.sec.gov/Archives/edgar/data/1591698/000155837020009960/0001558370-20-009960-index.htm", "finalLink": "https://www.sec.gov/Archives/edgar/data/1591698/000155837020009960/pcty-20200630x10k.htm"}, {"date": "2020-03-31", "symbol": "PCTY", "reportedCurrency": "USD", "cik": "0001591698", "fillingDate": "2020-05-08", "acceptedDate": "2020-05-08 13:02:52", "calendarYear": "2020", "period": "Q3", "revenue": 171646000, "costOfRevenue": 48081000, "grossProfit": 123565000, "grossProfitRatio": 0.719882782, "researchAndDevelopmentExpenses": 15612000, "generalAndAdministrativeExpenses": 22411000, "sellingAndMarketingExpenses": 37801000, "sellingGeneralAndAdministrativeExpenses": 60212000, "otherExpenses": 435000, "operatingExpenses": 75824000, "costAndExpenses": 123905000, "interestIncome": 0, "interestExpense": 0, "depreciationAndAmortization": 9571000, "ebitda": 57312000, "ebitdaratio": 0.3338965079, "operatingIncome": 47741000, "operatingIncomeRatio": 0.278136397, "totalOtherIncomeExpensesNet": 435000, "incomeBeforeTax": 48176000, "incomeBeforeTaxRatio": 0.2806706827, "incomeTaxExpense": 8044000, "netIncome": 40132000, "netIncomeRatio": 0.2338067884, "eps": 0.75, "epsdiluted": 0.72, "weightedAverageShsOut": 53629000, "weightedAverageShsOutDil": 55953000, "link": "https://www.sec.gov/Archives/edgar/data/1591698/000155837020005936/0001558370-20-005936-index.htm", "finalLink": "https://www.sec.gov/Archives/edgar/data/1591698/000155837020005936/pcty-20200508x10q.htm"}, {"date": "2019-12-31", "symbol": "PCTY", "reportedCurrency": "USD", "cik": "0001591698", "fillingDate": "2020-02-05", "acceptedDate": "2020-02-05 13:02:51", "calendarYear": "2020", "period": "Q2", "revenue": 132374000, "costOfRevenue": 45424000, "grossProfit": 86950000, "grossProfitRatio": 0.6568510433, "researchAndDevelopmentExpenses": 15410000, "generalAndAdministrativeExpenses": 28133000, "sellingAndMarketingExpenses": 37293000, "sellingGeneralAndAdministrativeExpenses": 65426000, "otherExpenses": 285000, "operatingExpenses": 80836000, "costAndExpenses": 126260000, "interestIncome": 0, "interestExpense": 0, "depreciationAndAmortization": 9328000, "ebitda": 15442000, "ebitdaratio": 0.1166543279, "operatingIncome": 6114000, "operatingIncomeRatio": 0.0461873178, "totalOtherIncomeExpensesNet": 285000, "incomeBeforeTax": 6399000, "incomeBeforeTaxRatio": 0.0483403085, "incomeTaxExpense": 932000, "netIncome": 5467000, "netIncomeRatio": 0.041299651, "eps": 0.1, "epsdiluted": 0.1, "weightedAverageShsOut": 53542000, "weightedAverageShsOutDil": 55826000, "link": "https://www.sec.gov/Archives/edgar/data/1591698/000155837020000519/0001558370-20-000519-index.htm", "finalLink": "https://www.sec.gov/Archives/edgar/data/1591698/000155837020000519/pcty-20191231x10q63bc08.htm"}, {"date": "2019-09-30", "symbol": "PCTY", "reportedCurrency": "USD", "cik": "0001591698", "fillingDate": "2019-10-31", "acceptedDate": "2019-10-31 13:31:01", "calendarYear": "2020", "period": "Q1", "revenue": 126720000, "costOfRevenue": 42630000, "grossProfit": 84090000, "grossProfitRatio": 0.6635890152, "researchAndDevelopmentExpenses": 14394000, "generalAndAdministrativeExpenses": 26739000, "sellingAndMarketingExpenses": 36957000, "sellingGeneralAndAdministrativeExpenses": 63696000, "otherExpenses": 474000, "operatingExpenses": 78090000, "costAndExpenses": 120720000, "interestIncome": 0, "interestExpense": 0, "depreciationAndAmortization": 8933000, "ebitda": 14933000, "ebitdaratio": 0.1178424874, "operatingIncome": 6000000, "operatingIncomeRatio": 0.0473484848, "totalOtherIncomeExpensesNet": 474000, "incomeBeforeTax": 6474000, "incomeBeforeTaxRatio": 0.0510890152, "incomeTaxExpense": -7432000, "netIncome": 13906000, "netIncomeRatio": 0.1097380051, "eps": 0.26, "epsdiluted": 0.25, "weightedAverageShsOut": 53287000, "weightedAverageShsOutDil": 55713000, "link": "https://www.sec.gov/Archives/edgar/data/1591698/000155837019009538/0001558370-19-009538-index.htm", "finalLink": "https://www.sec.gov/Archives/edgar/data/1591698/000155837019009538/pcty-20190930x10q3be602.htm"}, {"date": "2019-06-30", "symbol": "PCTY", "reportedCurrency": "USD", "cik": "0001591698", "fillingDate": "2019-08-09", "acceptedDate": "2019-08-09 13:01:46", "calendarYear": "2019", "period": "Q4", "revenue": 120373000, "costOfRevenue": 40094000, "grossProfit": 80279000, "grossProfitRatio": 0.6669186612, "researchAndDevelopmentExpenses": 13443000, "generalAndAdministrativeExpenses": 25715000, "sellingAndMarketingExpenses": 31912000, "sellingGeneralAndAdministrativeExpenses": 57627000, "otherExpenses": 667000, "operatingExpenses": 71070000, "costAndExpenses": 111164000, "interestIncome": 0, "interestExpense": 0, "depreciationAndAmortization": 9351000, "ebitda": 18560000, "ebitdaratio": 0.1541874008, "operatingIncome": 9209000, "operatingIncomeRatio": 0.0765038671, "totalOtherIncomeExpensesNet": 667000, "incomeBeforeTax": 9876000, "incomeBeforeTaxRatio": 0.0820449769, "incomeTaxExpense": -365000, "netIncome": 10241000, "netIncomeRatio": 0.0850772183, "eps": 0.19, "epsdiluted": 0.18, "weightedAverageShsOut": 53017000, "weightedAverageShsOutDil": 55692000, "link": "https://www.sec.gov/Archives/edgar/data/1591698/000155837019007859/0001558370-19-007859-index.htm", "finalLink": "https://www.sec.gov/Archives/edgar/data/1591698/000155837019007859/pcty-20190630x10k.htm"}, {"date": "2019-03-31", "symbol": "PCTY", "reportedCurrency": "USD", "cik": "0001591698", "fillingDate": "2019-05-03", "acceptedDate": "2019-05-03 13:01:35", "calendarYear": "2019", "period": "Q3", "revenue": 139552000, "costOfRevenue": 39745000, "grossProfit": 99807000, "grossProfitRatio": 0.7151957693, "researchAndDevelopmentExpenses": 12688000, "generalAndAdministrativeExpenses": 23208000, "sellingAndMarketingExpenses": 27699000, "sellingGeneralAndAdministrativeExpenses": 50907000, "otherExpenses": 540000, "operatingExpenses": 63595000, "costAndExpenses": 103340000, "interestIncome": 0, "interestExpense": 0, "depreciationAndAmortization": 8412000, "ebitda": 44624000, "ebitdaratio": 0.3197661087, "operatingIncome": 36212000, "operatingIncomeRatio": 0.2594875029, "totalOtherIncomeExpensesNet": 540000, "incomeBeforeTax": 36752000, "incomeBeforeTaxRatio": 0.2633570282, "incomeTaxExpense": 8726000, "netIncome": 28026000, "netIncomeRatio": 0.2008283651, "eps": 0.53, "epsdiluted": 0.51, "weightedAverageShsOut": 52934000, "weightedAverageShsOutDil": 55465000, "link": "https://www.sec.gov/Archives/edgar/data/1591698/000155837019003941/0001558370-19-003941-index.htm", "finalLink": "https://www.sec.gov/Archives/edgar/data/1591698/000155837019003941/pcty-20190331x10q.htm"}, {"date": "2018-12-31", "symbol": "PCTY", "reportedCurrency": "USD", "cik": "0001591698", "fillingDate": "2019-02-07", "acceptedDate": "2019-02-07 13:02:03", "calendarYear": "2019", "period": "Q2", "revenue": 107204000, "costOfRevenue": 38070000, "grossProfit": 69134000, "grossProfitRatio": 0.6448826536, "researchAndDevelopmentExpenses": 12798000, "generalAndAdministrativeExpenses": 22739000, "sellingAndMarketingExpenses": 26570000, "sellingGeneralAndAdministrativeExpenses": 49309000, "otherExpenses": 346000, "operatingExpenses": 62107000, "costAndExpenses": 100177000, "interestIncome": 0, "interestExpense": 0, "depreciationAndAmortization": 8569000, "ebitda": 15596000, "ebitdaratio": 0.1454796463, "operatingIncome": 7027000, "operatingIncomeRatio": 0.0655479273, "totalOtherIncomeExpensesNet": 346000, "incomeBeforeTax": 7373000, "incomeBeforeTaxRatio": 0.0687754188, "incomeTaxExpense": 1669000, "netIncome": 5704000, "netIncomeRatio": 0.0532069699, "eps": 0.11, "epsdiluted": 0.1, "weightedAverageShsOut": 52842000, "weightedAverageShsOutDil": 55081000, "link": "https://www.sec.gov/Archives/edgar/data/1591698/000155837019000442/0001558370-19-000442-index.htm", "finalLink": "https://www.sec.gov/Archives/edgar/data/1591698/000155837019000442/pcty-20181231x10q.htm"}, {"date": "2018-09-30", "symbol": "PCTY", "reportedCurrency": "USD", "cik": "0001591698", "fillingDate": "2018-11-02", "acceptedDate": "2018-11-02 13:06:26", "calendarYear": "2019", "period": "Q1", "revenue": 100504000, "costOfRevenue": 35942000, "grossProfit": 64562000, "grossProfitRatio": 0.6423823927, "researchAndDevelopmentExpenses": 11400000, "generalAndAdministrativeExpenses": 22968000, "sellingAndMarketingExpenses": 26418000, "sellingGeneralAndAdministrativeExpenses": 49386000, "otherExpenses": 269000, "operatingExpenses": 60786000, "costAndExpenses": 96728000, "interestIncome": 0, "interestExpense": 0, "depreciationAndAmortization": 8232000, "ebitda": 3776000, "ebitdaratio": 0.037570644, "operatingIncome": 3776000, "operatingIncomeRatio": 0.037570644, "totalOtherIncomeExpensesNet": 269000, "incomeBeforeTax": 4045000, "incomeBeforeTaxRatio": 0.0402471543, "incomeTaxExpense": -5807000, "netIncome": 9852000, "netIncomeRatio": 0.0980259492, "eps": 0.19, "epsdiluted": 0.18, "weightedAverageShsOut": 52865000, "weightedAverageShsOutDil": 55487000, "link": "https://www.sec.gov/Archives/edgar/data/1591698/000155837018008347/0001558370-18-008347-index.htm", "finalLink": "https://www.sec.gov/Archives/edgar/data/1591698/000155837018008347/pcty-20180930x10q.htm"}, {"date": "2018-06-30", "symbol": "PCTY", "reportedCurrency": "USD", "cik": "0001591698", "fillingDate": "2018-08-10", "acceptedDate": "2018-08-10 13:11:44", "calendarYear": "2018", "period": "Q4", "revenue": 96616000, "costOfRevenue": 38746000, "grossProfit": 57870000, "grossProfitRatio": 0.5989691148, "researchAndDevelopmentExpenses": 10418000, "generalAndAdministrativeExpenses": 25914000, "sellingAndMarketingExpenses": 26702000, "sellingGeneralAndAdministrativeExpenses": 52616000, "otherExpenses": 337000, "operatingExpenses": 63034000, "costAndExpenses": 101780000, "interestIncome": 0, "interestExpense": 0, "depreciationAndAmortization": 9562000, "ebitda": 4398000, "ebitdaratio": 0.0455204107, "operatingIncome": -5164000, "operatingIncomeRatio": -0.0534487041, "totalOtherIncomeExpensesNet": 337000, "incomeBeforeTax": -4827000, "incomeBeforeTaxRatio": -0.049960669, "incomeTaxExpense": -3274000, "netIncome": -1553000, "netIncomeRatio": -0.0160739422, "eps": -0.0295, "epsdiluted": -0.0295, "weightedAverageShsOut": 52699000, "weightedAverageShsOutDil": 52699000, "link": "https://www.sec.gov/Archives/edgar/data/1591698/000155837018006955/0001558370-18-006955-index.htm", "finalLink": "https://www.sec.gov/Archives/edgar/data/1591698/000155837018006955/pcty-20180630x10k.htm"}, {"date": "2018-03-31", "symbol": "PCTY", "reportedCurrency": "USD", "cik": "0001591698", "fillingDate": "2018-05-04", "acceptedDate": "2018-05-04 10:01:08", "calendarYear": "2018", "period": "Q3", "revenue": 113407000, "costOfRevenue": 38652000, "grossProfit": 74755000, "grossProfitRatio": 0.6591744778, "researchAndDevelopmentExpenses": 9058000, "generalAndAdministrativeExpenses": 19228000, "sellingAndMarketingExpenses": 26004000, "sellingGeneralAndAdministrativeExpenses": 45232000, "otherExpenses": 215000, "operatingExpenses": 54290000, "costAndExpenses": 92942000, "interestIncome": 0, "interestExpense": 0, "depreciationAndAmortization": 7202000, "ebitda": 27667000, "ebitdaratio": 0.2439620129, "operatingIncome": 20465000, "operatingIncomeRatio": 0.1804562329, "totalOtherIncomeExpensesNet": 215000, "incomeBeforeTax": 20680000, "incomeBeforeTaxRatio": 0.1823520594, "incomeTaxExpense": -18497000, "netIncome": 39177000, "netIncomeRatio": 0.3454548661, "eps": 0.74, "epsdiluted": 0.71, "weightedAverageShsOut": 52615000, "weightedAverageShsOutDil": 55030000, "link": "https://www.sec.gov/Archives/edgar/data/1591698/000155837018003976/0001558370-18-003976-index.htm", "finalLink": "https://www.sec.gov/Archives/edgar/data/1591698/000155837018003976/pcty-20180331x10q.htm"}, {"date": "2017-12-31", "symbol": "PCTY", "reportedCurrency": "USD", "cik": "0001591698", "fillingDate": "2018-02-09", "acceptedDate": "2018-02-09 14:15:54", "calendarYear": "2018", "period": "Q2", "revenue": 86004000, "costOfRevenue": 36840000, "grossProfit": 49164000, "grossProfitRatio": 0.5716478303, "researchAndDevelopmentExpenses": 9274000, "generalAndAdministrativeExpenses": 18159000, "sellingAndMarketingExpenses": 21598000, "sellingGeneralAndAdministrativeExpenses": 39757000, "otherExpenses": 141000, "operatingExpenses": 49031000, "costAndExpenses": 85871000, "interestIncome": 0, "interestExpense": 0, "depreciationAndAmortization": 6765000, "ebitda": 6898000, "ebitdaratio": 0.0802055718, "operatingIncome": 133000, "operatingIncomeRatio": 0.0015464397, "totalOtherIncomeExpensesNet": 141000, "incomeBeforeTax": 274000, "incomeBeforeTaxRatio": 0.0031858983, "incomeTaxExpense": -157000, "netIncome": 431000, "netIncomeRatio": 0.0050113948, "eps": 0.01, "epsdiluted": 0.01, "weightedAverageShsOut": 52502000, "weightedAverageShsOutDil": 54818000, "link": "https://www.sec.gov/Archives/edgar/data/1591698/000155837018000554/0001558370-18-000554-index.htm", "finalLink": "https://www.sec.gov/Archives/edgar/data/1591698/000155837018000554/pcty-20171231x10q.htm"}, {"date": "2017-09-30", "symbol": "PCTY", "reportedCurrency": "USD", "cik": "0001591698", "fillingDate": "2017-11-03", "acceptedDate": "2017-11-03 16:06:27", "calendarYear": "2018", "period": "Q1", "revenue": 81500000, "costOfRevenue": 34959000, "grossProfit": 46541000, "grossProfitRatio": 0.5710552147, "researchAndDevelopmentExpenses": 8895000, "generalAndAdministrativeExpenses": 15951000, "sellingAndMarketingExpenses": 21180000, "sellingGeneralAndAdministrativeExpenses": 37131000, "otherExpenses": 109000, "operatingExpenses": 46026000, "costAndExpenses": 80985000, "interestIncome": 0, "interestExpense": 0, "depreciationAndAmortization": 6673000, "ebitda": 7188000, "ebitdaratio": 0.088196319, "operatingIncome": 515000, "operatingIncomeRatio": 0.0063190184, "totalOtherIncomeExpensesNet": 109000, "incomeBeforeTax": 624000, "incomeBeforeTaxRatio": 0.0076564417, "incomeTaxExpense": 81000, "netIncome": 543000, "netIncomeRatio": 0.0066625767, "eps": 0.01, "epsdiluted": 0.01, "weightedAverageShsOut": 51893000, "weightedAverageShsOutDil": 54610000, "link": "https://www.sec.gov/Archives/edgar/data/1591698/000155837017008116/0001558370-17-008116-index.htm", "finalLink": "https://www.sec.gov/Archives/edgar/data/1591698/000155837017008116/pcty-20170930x10q.htm"}, {"date": "2017-06-30", "symbol": "PCTY", "reportedCurrency": "USD", "cik": "0001591698", "fillingDate": "2017-08-11", "acceptedDate": "2017-08-11 15:21:31", "calendarYear": "2017", "period": "Q4", "revenue": 76061000, "costOfRevenue": 33163000, "grossProfit": 42898000, "grossProfitRatio": 0.5639946885, "researchAndDevelopmentExpenses": 7606000, "generalAndAdministrativeExpenses": 18208000, "sellingAndMarketingExpenses": 20518000, "sellingGeneralAndAdministrativeExpenses": 38726000, "otherExpenses": 77000, "operatingExpenses": 46332000, "costAndExpenses": 79495000, "interestIncome": 0, "interestExpense": 0, "depreciationAndAmortization": 6342000, "ebitda": 2908000, "ebitdaratio": 0.0382324713, "operatingIncome": -3434000, "operatingIncomeRatio": -0.0451479733, "totalOtherIncomeExpensesNet": 77000, "incomeBeforeTax": -3357000, "incomeBeforeTaxRatio": -0.044135628, "incomeTaxExpense": 487000, "netIncome": -3844000, "netIncomeRatio": -0.0505383837, "eps": -0.0745, "epsdiluted": -0.0745, "weightedAverageShsOut": 51602000, "weightedAverageShsOutDil": 51602000, "link": "https://www.sec.gov/Archives/edgar/data/1591698/000155837017006561/0001558370-17-006561-index.htm", "finalLink": "https://www.sec.gov/Archives/edgar/data/1591698/000155837017006561/pcty-20170630x10k.htm"}, {"date": "2017-03-31", "symbol": "PCTY", "reportedCurrency": "USD", "cik": "0001591698", "fillingDate": "2017-05-05", "acceptedDate": "2017-05-05 16:06:13", "calendarYear": "2017", "period": "Q3", "revenue": 90273000, "costOfRevenue": 32082000, "grossProfit": 58191000, "grossProfitRatio": 0.6446113456, "researchAndDevelopmentExpenses": 6969000, "generalAndAdministrativeExpenses": 15100000, "sellingAndMarketingExpenses": 21242000, "sellingGeneralAndAdministrativeExpenses": 36342000, "otherExpenses": -47000, "operatingExpenses": 43311000, "costAndExpenses": 75393000, "interestIncome": 0, "interestExpense": 0, "depreciationAndAmortization": 5582000, "ebitda": 20462000, "ebitdaratio": 0.226667996, "operatingIncome": 14880000, "operatingIncomeRatio": 0.1648333389, "totalOtherIncomeExpensesNet": -47000, "incomeBeforeTax": 14833000, "incomeBeforeTaxRatio": 0.1643126959, "incomeTaxExpense": 32000, "netIncome": 14801000, "netIncomeRatio": 0.1639582156, "eps": 0.29, "epsdiluted": 0.27, "weightedAverageShsOut": 51447000, "weightedAverageShsOutDil": 54002000, "link": "https://www.sec.gov/Archives/edgar/data/1591698/000155837017003657/0001558370-17-003657-index.htm", "finalLink": "https://www.sec.gov/Archives/edgar/data/1591698/000155837017003657/pcty-20170331x10q.htm"}, {"date": "2016-12-31", "symbol": "PCTY", "reportedCurrency": "USD", "cik": "0001591698", "fillingDate": "2017-02-03", "acceptedDate": "2017-02-03 16:18:19", "calendarYear": "2017", "period": "Q2", "revenue": 68654000, "costOfRevenue": 30383000, "grossProfit": 38271000, "grossProfitRatio": 0.5574474903, "researchAndDevelopmentExpenses": 7222000, "generalAndAdministrativeExpenses": 14957000, "sellingAndMarketingExpenses": 17735000, "sellingGeneralAndAdministrativeExpenses": 32692000, "otherExpenses": 4000, "operatingExpenses": 39914000, "costAndExpenses": 70297000, "interestIncome": 0, "interestExpense": 0, "depreciationAndAmortization": 4835000, "ebitda": 3192000, "ebitdaratio": 0.0464940135, "operatingIncome": -1643000, "operatingIncomeRatio": -0.023931599, "totalOtherIncomeExpensesNet": 4000, "incomeBeforeTax": -1639000, "incomeBeforeTaxRatio": -0.0238733359, "incomeTaxExpense": 32000, "netIncome": -1671000, "netIncomeRatio": -0.0243394413, "eps": -0.0325, "epsdiluted": -0.0325, "weightedAverageShsOut": 51384000, "weightedAverageShsOutDil": 51384000, "link": "https://www.sec.gov/Archives/edgar/data/1591698/000155837017000332/0001558370-17-000332-index.htm", "finalLink": "https://www.sec.gov/Archives/edgar/data/1591698/000155837017000332/pcty-20161231x10q.htm"}, {"date": "2016-09-30", "symbol": "PCTY", "reportedCurrency": "USD", "cik": "0001591698", "fillingDate": "2016-11-04", "acceptedDate": "2016-11-04 16:06:30", "calendarYear": "2017", "period": "Q1", "revenue": 65022000, "costOfRevenue": 28359000, "grossProfit": 36663000, "grossProfitRatio": 0.5638553105, "researchAndDevelopmentExpenses": 7301000, "generalAndAdministrativeExpenses": 13858000, "sellingAndMarketingExpenses": 18011000, "sellingGeneralAndAdministrativeExpenses": 31869000, "otherExpenses": 39000, "operatingExpenses": 39170000, "costAndExpenses": 67529000, "interestIncome": 0, "interestExpense": 0, "depreciationAndAmortization": 4268000, "ebitda": 1761000, "ebitdaratio": 0.0270831411, "operatingIncome": -2507000, "operatingIncomeRatio": -0.038556181, "totalOtherIncomeExpensesNet": 39000, "incomeBeforeTax": -2468000, "incomeBeforeTaxRatio": -0.037956384, "incomeTaxExpense": 100000, "netIncome": -2568000, "netIncomeRatio": -0.039494325, "eps": -0.0501, "epsdiluted": -0.0501, "weightedAverageShsOut": 51231000, "weightedAverageShsOutDil": 51231000, "link": "https://www.sec.gov/Archives/edgar/data/1591698/000110465916154909/0001104659-16-154909-index.htm", "finalLink": "https://www.sec.gov/Archives/edgar/data/1591698/000110465916154909/a16-18550_110q.htm"}, {"date": "2016-06-30", "symbol": "PCTY", "reportedCurrency": "USD", "cik": "0001591698", "fillingDate": "2016-08-12", "acceptedDate": "2016-08-12 16:15:47", "calendarYear": "2016", "period": "Q4", "revenue": 59839000, "costOfRevenue": 26581000, "grossProfit": 33258000, "grossProfitRatio": 0.5557913735, "researchAndDevelopmentExpenses": 7749000, "generalAndAdministrativeExpenses": 13188000, "sellingAndMarketingExpenses": 17361000, "sellingGeneralAndAdministrativeExpenses": 30549000, "otherExpenses": -338000, "operatingExpenses": 38298000, "costAndExpenses": 64879000, "interestIncome": 0, "interestExpense": 0, "depreciationAndAmortization": 3998000, "ebitda": -5040000, "ebitdaratio": -0.0842260065, "operatingIncome": -5040000, "operatingIncomeRatio": -0.0842260065, "totalOtherIncomeExpensesNet": -338000, "incomeBeforeTax": -5378000, "incomeBeforeTaxRatio": -0.0898744966, "incomeTaxExpense": 34000, "netIncome": -5412000, "netIncomeRatio": -0.0904426879, "eps": -0.11, "epsdiluted": -0.11, "weightedAverageShsOut": 48683512, "weightedAverageShsOutDil": 51058000, "link": "https://www.sec.gov/Archives/edgar/data/1591698/000110465916139345/0001104659-16-139345-index.htm", "finalLink": "https://www.sec.gov/Archives/edgar/data/1591698/000110465916139345/a16-12777_110k.htm"}, {"date": "2016-03-31", "symbol": "PCTY", "reportedCurrency": "USD", "cik": "0001591698", "fillingDate": "2016-05-06", "acceptedDate": "2016-05-06 16:23:36", "calendarYear": "2016", "period": "Q3", "revenue": 70570000, "costOfRevenue": 27209000, "grossProfit": 43361000, "grossProfitRatio": 0.6144395636, "researchAndDevelopmentExpenses": 6759000, "generalAndAdministrativeExpenses": 12720000, "sellingAndMarketingExpenses": 17681000, "sellingGeneralAndAdministrativeExpenses": 30401000, "otherExpenses": -83000, "operatingExpenses": 37160000, "costAndExpenses": 64369000, "interestIncome": 0, "interestExpense": 0, "depreciationAndAmortization": 3720000, "ebitda": 6201000, "ebitdaratio": 0.0878701998, "operatingIncome": 6201000, "operatingIncomeRatio": 0.0878701998, "totalOtherIncomeExpensesNet": -83000, "incomeBeforeTax": 6118000, "incomeBeforeTaxRatio": 0.0866940626, "incomeTaxExpense": -43000, "netIncome": 6161000, "netIncomeRatio": 0.0873033867, "eps": 0.12, "epsdiluted": 0.12, "weightedAverageShsOut": 50962000, "weightedAverageShsOutDil": 53424000, "link": "https://www.sec.gov/Archives/edgar/data/1591698/000110465916118772/0001104659-16-118772-index.htm", "finalLink": "https://www.sec.gov/Archives/edgar/data/1591698/000110465916118772/a16-6678_110q.htm"}, {"date": "2015-12-31", "symbol": "PCTY", "reportedCurrency": "USD", "cik": "0001591698", "fillingDate": "2016-02-05", "acceptedDate": "2016-02-05 16:06:27", "calendarYear": "2016", "period": "Q2", "revenue": 55184000, "costOfRevenue": 24100000, "grossProfit": 31084000, "grossProfitRatio": 0.5632792114, "researchAndDevelopmentExpenses": 6799000, "generalAndAdministrativeExpenses": 11239000, "sellingAndMarketingExpenses": 14340000, "sellingGeneralAndAdministrativeExpenses": 25579000, "otherExpenses": 214000, "operatingExpenses": 32378000, "costAndExpenses": 56478000, "interestIncome": 0, "interestExpense": 0, "depreciationAndAmortization": 3436000, "ebitda": 2142000, "ebitdaratio": 0.0388155987, "operatingIncome": -1294000, "operatingIncomeRatio": -0.0234488257, "totalOtherIncomeExpensesNet": 214000, "incomeBeforeTax": -1080000, "incomeBeforeTaxRatio": -0.0195708901, "incomeTaxExpense": 85000, "netIncome": -1165000, "netIncomeRatio": -0.0211111916, "eps": -0.0229, "epsdiluted": -0.0229, "weightedAverageShsOut": 50890000, "weightedAverageShsOutDil": 50890000, "link": "https://www.sec.gov/Archives/edgar/data/1591698/000110465916094288/0001104659-16-094288-index.htm", "finalLink": "https://www.sec.gov/Archives/edgar/data/1591698/000110465916094288/a15-25360_110q.htm"}, {"date": "2015-09-30", "symbol": "PCTY", "reportedCurrency": "USD", "cik": "0001591698", "fillingDate": "2015-11-06", "acceptedDate": "2015-11-06 14:21:03", "calendarYear": "2016", "period": "Q1", "revenue": 45108000, "costOfRevenue": 20195000, "grossProfit": 24913000, "grossProfitRatio": 0.5522967101, "researchAndDevelopmentExpenses": 5429000, "generalAndAdministrativeExpenses": 10451000, "sellingAndMarketingExpenses": 12450000, "sellingGeneralAndAdministrativeExpenses": 22901000, "otherExpenses": 83000, "operatingExpenses": 28330000, "costAndExpenses": 48525000, "interestIncome": 0, "interestExpense": 0, "depreciationAndAmortization": 2719000, "ebitda": -698000, "ebitdaratio": -0.0154739736, "operatingIncome": -3417000, "operatingIncomeRatio": -0.0757515297, "totalOtherIncomeExpensesNet": 83000, "incomeBeforeTax": -3334000, "incomeBeforeTaxRatio": -0.0739115013, "incomeTaxExpense": 101000, "netIncome": -3435000, "netIncomeRatio": -0.076150572, "eps": -0.07, "epsdiluted": -0.0677, "weightedAverageShsOut": 49071428, "weightedAverageShsOutDil": 50744000, "link": "https://www.sec.gov/Archives/edgar/data/1591698/000110465915076628/0001104659-15-076628-index.htm", "finalLink": "https://www.sec.gov/Archives/edgar/data/1591698/000110465915076628/a15-18792_110q.htm"}, {"date": "2015-06-30", "symbol": "PCTY", "reportedCurrency": "USD", "cik": "0001591698", "fillingDate": "2015-08-14", "acceptedDate": "2015-08-14 15:34:16", "calendarYear": "2015", "period": "Q4", "revenue": 40004000, "costOfRevenue": 18116000, "grossProfit": 21888000, "grossProfitRatio": 0.5471452855, "researchAndDevelopmentExpenses": 5513000, "generalAndAdministrativeExpenses": 8756000, "sellingAndMarketingExpenses": 11883000, "sellingGeneralAndAdministrativeExpenses": 20639000, "otherExpenses": -126000, "operatingExpenses": 26152000, "costAndExpenses": 44268000, "interestIncome": 0, "interestExpense": 0, "depreciationAndAmortization": 2364000, "ebitda": -1900000, "ebitdaratio": -0.0474952505, "operatingIncome": -4264000, "operatingIncomeRatio": -0.1065893411, "totalOtherIncomeExpensesNet": -126000, "incomeBeforeTax": -4390000, "incomeBeforeTaxRatio": -0.1097390261, "incomeTaxExpense": 39000, "netIncome": -4429000, "netIncomeRatio": -0.1107139286, "eps": -0.0875, "epsdiluted": -0.0873, "weightedAverageShsOut": 50646000, "weightedAverageShsOutDil": 50744000, "link": "https://www.sec.gov/Archives/edgar/data/1591698/000110465915060024/0001104659-15-060024-index.htm", "finalLink": "https://www.sec.gov/Archives/edgar/data/1591698/000110465915060024/a15-12835_110k.htm"}, {"date": "2015-03-31", "symbol": "PCTY", "reportedCurrency": "USD", "cik": "0001591698", "fillingDate": "2015-05-08", "acceptedDate": "2015-05-08 13:06:14", "calendarYear": "2015", "period": "Q3", "revenue": 47272000, "costOfRevenue": 19282000, "grossProfit": 27990000, "grossProfitRatio": 0.5921052632, "researchAndDevelopmentExpenses": 5053000, "generalAndAdministrativeExpenses": 8559000, "sellingAndMarketingExpenses": 12673000, "sellingGeneralAndAdministrativeExpenses": 21232000, "otherExpenses": 51000, "operatingExpenses": 26285000, "costAndExpenses": 45567000, "interestIncome": 0, "interestExpense": 0, "depreciationAndAmortization": 2085000, "ebitda": 1705000, "ebitdaratio": 0.0360678626, "operatingIncome": 1705000, "operatingIncomeRatio": 0.0360678626, "totalOtherIncomeExpensesNet": 51000, "incomeBeforeTax": 1756000, "incomeBeforeTaxRatio": 0.0371467253, "incomeTaxExpense": 4000, "netIncome": 1752000, "netIncomeRatio": 0.0370621086, "eps": 0.03, "epsdiluted": 0.03, "weightedAverageShsOut": 50533000, "weightedAverageShsOutDil": 52203000, "link": "https://www.sec.gov/Archives/edgar/data/1591698/000110465915036117/0001104659-15-036117-index.htm", "finalLink": "https://www.sec.gov/Archives/edgar/data/1591698/000110465915036117/a15-6828_110q.htm"}, {"date": "2014-12-31", "symbol": "PCTY", "reportedCurrency": "USD", "cik": "0001591698", "fillingDate": "2015-02-06", "acceptedDate": "2015-02-06 14:00:03", "calendarYear": "2015", "period": "Q2", "revenue": 34313000, "costOfRevenue": 18046000, "grossProfit": 16267000, "grossProfitRatio": 0.4740768805, "researchAndDevelopmentExpenses": 5271000, "generalAndAdministrativeExpenses": 8061000, "sellingAndMarketingExpenses": 9401000, "sellingGeneralAndAdministrativeExpenses": 17462000, "otherExpenses": 80000, "operatingExpenses": 22733000, "costAndExpenses": 40779000, "interestIncome": 0, "interestExpense": 0, "depreciationAndAmortization": 2229000, "ebitda": -4237000, "ebitdaratio": -0.1234808965, "operatingIncome": -6466000, "operatingIncomeRatio": -0.1884416985, "totalOtherIncomeExpensesNet": 80000, "incomeBeforeTax": -6386000, "incomeBeforeTaxRatio": -0.1861102206, "incomeTaxExpense": 34000, "netIncome": -6420000, "netIncomeRatio": -0.1871010987, "eps": -0.13, "epsdiluted": -0.13, "weightedAverageShsOut": 49384615, "weightedAverageShsOutDil": 49775000, "link": "https://www.sec.gov/Archives/edgar/data/1591698/000110465915007370/0001104659-15-007370-index.htm", "finalLink": "https://www.sec.gov/Archives/edgar/data/1591698/000110465915007370/a14-25964_110q.htm"}, {"date": "2014-09-30", "symbol": "PCTY", "reportedCurrency": "USD", "cik": "0001591698", "fillingDate": "2014-11-07", "acceptedDate": "2014-11-07 13:12:26", "calendarYear": "2015", "period": "Q1", "revenue": 31109000, "costOfRevenue": 15452000, "grossProfit": 15657000, "grossProfitRatio": 0.5032948664, "researchAndDevelopmentExpenses": 4027000, "generalAndAdministrativeExpenses": 7448000, "sellingAndMarketingExpenses": 9078000, "sellingGeneralAndAdministrativeExpenses": 16526000, "otherExpenses": 49000, "operatingExpenses": 20553000, "costAndExpenses": 36005000, "interestIncome": 0, "interestExpense": 0, "depreciationAndAmortization": 1931000, "ebitda": -2965000, "ebitdaratio": -0.0953100389, "operatingIncome": -4896000, "operatingIncomeRatio": -0.1573821081, "totalOtherIncomeExpensesNet": 49000, "incomeBeforeTax": -4847000, "incomeBeforeTaxRatio": -0.1558070012, "incomeTaxExpense": 28000, "netIncome": -4875000, "netIncomeRatio": -0.1567070623, "eps": -0.1, "epsdiluted": -0.0984, "weightedAverageShsOut": 48750000, "weightedAverageShsOutDil": 49566000, "link": "https://www.sec.gov/Archives/edgar/data/1591698/000110465914078241/0001104659-14-078241-index.htm", "finalLink": "https://www.sec.gov/Archives/edgar/data/1591698/000110465914078241/a14-20857_110q.htm"}, {"date": "2014-06-30", "symbol": "PCTY", "reportedCurrency": "USD", "cik": "0001591698", "fillingDate": "2014-08-22", "acceptedDate": "2014-08-22 17:15:45", "calendarYear": "2014", "period": "Q4", "revenue": 28647000, "costOfRevenue": 15104000, "grossProfit": 13543000, "grossProfitRatio": 0.4727545642, "researchAndDevelopmentExpenses": 3609000, "generalAndAdministrativeExpenses": 7254000, "sellingAndMarketingExpenses": 8986000, "sellingGeneralAndAdministrativeExpenses": 16240000, "otherExpenses": 54000, "operatingExpenses": 19849000, "costAndExpenses": 34953000, "interestIncome": 0, "interestExpense": 0, "depreciationAndAmortization": 1792000, "ebitda": -4514000, "ebitdaratio": -0.1575732188, "operatingIncome": -6306000, "operatingIncomeRatio": -0.2201277621, "totalOtherIncomeExpensesNet": 54000, "incomeBeforeTax": -6252000, "incomeBeforeTaxRatio": -0.2182427479, "incomeTaxExpense": 452000, "netIncome": -6704000, "netIncomeRatio": -0.2340210144, "eps": -0.14, "epsdiluted": -0.14, "weightedAverageShsOut": 49517000, "weightedAverageShsOutDil": 49566000, "link": "https://www.sec.gov/Archives/edgar/data/1591698/000110465914062738/0001104659-14-062738-index.htm", "finalLink": "https://www.sec.gov/Archives/edgar/data/1591698/000110465914062738/a14-14198_110k.htm"}, {"date": "2014-03-31", "symbol": "PCTY", "reportedCurrency": "USD", "cik": "0001591698", "fillingDate": "2014-05-14", "acceptedDate": "2014-05-14 14:20:03", "calendarYear": "2014", "period": "Q3", "revenue": 33766000, "costOfRevenue": 14925000, "grossProfit": 18841000, "grossProfitRatio": 0.5579873245, "researchAndDevelopmentExpenses": 2443000, "generalAndAdministrativeExpenses": 5587000, "sellingAndMarketingExpenses": 8678000, "sellingGeneralAndAdministrativeExpenses": 14265000, "otherExpenses": 59000, "operatingExpenses": 16708000, "costAndExpenses": 31633000, "interestIncome": 0, "interestExpense": 0, "depreciationAndAmortization": 1620000, "ebitda": 2133000, "ebitdaratio": 0.0631700527, "operatingIncome": 2133000, "operatingIncomeRatio": 0.0631700527, "totalOtherIncomeExpensesNet": 59000, "incomeBeforeTax": 2192000, "incomeBeforeTaxRatio": 0.0649173725, "incomeTaxExpense": 1042000, "netIncome": 1150000, "netIncomeRatio": 0.0340579281, "eps": 0.01, "epsdiluted": 0.01, "weightedAverageShsOut": 44360000, "weightedAverageShsOutDil": 44870000, "link": "https://www.sec.gov/Archives/edgar/data/1591698/000110465914038559/0001104659-14-038559-index.htm", "finalLink": "https://www.sec.gov/Archives/edgar/data/1591698/000110465914038559/a14-9910_110q.htm"}, {"date": "2013-12-31", "symbol": "PCTY", "reportedCurrency": "USD", "cik": "0001591698", "fillingDate": "2013-12-31", "acceptedDate": "2013-12-30 19:00:00", "calendarYear": "2014", "period": "Q2", "revenue": 23905000, "costOfRevenue": 13318000, "grossProfit": 10587000, "grossProfitRatio": 0.442878059, "researchAndDevelopmentExpenses": 2347000, "generalAndAdministrativeExpenses": 5228000, "sellingAndMarketingExpenses": 5423000, "sellingGeneralAndAdministrativeExpenses": 10651000, "otherExpenses": 22000, "operatingExpenses": 12998000, "costAndExpenses": 26316000, "interestIncome": 0, "interestExpense": 0, "depreciationAndAmortization": 1533000, "ebitda": -878000, "ebitdaratio": -0.0367287178, "operatingIncome": -2411000, "operatingIncomeRatio": -0.1008575612, "totalOtherIncomeExpensesNet": 22000, "incomeBeforeTax": -2389000, "incomeBeforeTaxRatio": -0.0999372516, "incomeTaxExpense": -877000, "netIncome": -1512000, "netIncomeRatio": -0.063250366, "eps": -0.0309, "epsdiluted": -0.0309, "weightedAverageShsOut": 48921626, "weightedAverageShsOutDil": 48921626, "link": "", "finalLink": ""}, {"date": "2013-09-30", "symbol": "PCTY", "reportedCurrency": "USD", "cik": "0001591698", "fillingDate": "2013-09-30", "acceptedDate": "2013-09-30 00:00:00", "calendarYear": "2014", "period": "Q1", "revenue": 22369000, "costOfRevenue": 11747000, "grossProfit": 10622000, "grossProfitRatio": 0.474853592, "researchAndDevelopmentExpenses": 1956000, "generalAndAdministrativeExpenses": 3911000, "sellingAndMarketingExpenses": 5189000, "sellingGeneralAndAdministrativeExpenses": 9100000, "otherExpenses": 28000, "operatingExpenses": 11056000, "costAndExpenses": 22803000, "interestIncome": 0, "interestExpense": 0, "depreciationAndAmortization": 1391000, "ebitda": 957000, "ebitdaratio": 0.0427824221, "operatingIncome": -434000, "operatingIncomeRatio": -0.0194018508, "totalOtherIncomeExpensesNet": 28000, "incomeBeforeTax": -406000, "incomeBeforeTaxRatio": -0.0181501185, "incomeTaxExpense": -362000, "netIncome": -44000, "netIncomeRatio": -0.0019670079, "eps": -0.001, "epsdiluted": -0.001, "weightedAverageShsOut": 44191000, "weightedAverageShsOutDil": 44191000, "link": "", "finalLink": ""}, {"date": "2013-06-30", "symbol": "PCTY", "reportedCurrency": "USD", "cik": "0001591698", "fillingDate": "2013-06-30", "acceptedDate": "2013-06-29 20:00:00", "calendarYear": "2013", "period": "Q4", "revenue": 20262000, "costOfRevenue": 10876000, "grossProfit": 9386000, "grossProfitRatio": 0.4632316652, "researchAndDevelopmentExpenses": 1919000, "generalAndAdministrativeExpenses": 3357000, "sellingAndMarketingExpenses": 4979000, "sellingGeneralAndAdministrativeExpenses": 8336000, "otherExpenses": 1000, "operatingExpenses": 10255000, "costAndExpenses": 21131000, "interestIncome": 0, "interestExpense": 0, "depreciationAndAmortization": 1426000, "ebitda": 557000, "ebitdaratio": 0.0274898825, "operatingIncome": -869000, "operatingIncomeRatio": -0.042888165, "totalOtherIncomeExpensesNet": 1000, "incomeBeforeTax": -868000, "incomeBeforeTaxRatio": -0.0428388116, "incomeTaxExpense": -496000, "netIncome": -372000, "netIncomeRatio": -0.0183594907, "eps": -0.0084, "epsdiluted": -0.0084, "weightedAverageShsOut": 44191000, "weightedAverageShsOutDil": 44191000, "link": "", "finalLink": ""}, {"date": "2013-03-31", "symbol": "PCTY", "reportedCurrency": "USD", "cik": "0001591698", "fillingDate": "2013-03-31", "acceptedDate": "2013-03-30 20:00:00", "calendarYear": "2013", "period": "Q3", "revenue": 24006000, "costOfRevenue": 10734000, "grossProfit": 13272000, "grossProfitRatio": 0.5528617846, "researchAndDevelopmentExpenses": 1852000, "generalAndAdministrativeExpenses": 2928000, "sellingAndMarketingExpenses": 5888000, "sellingGeneralAndAdministrativeExpenses": 8816000, "otherExpenses": -8000, "operatingExpenses": 10668000, "costAndExpenses": 21402000, "interestIncome": 0, "interestExpense": 0, "depreciationAndAmortization": 1412000, "ebitda": 3265000, "ebitdaratio": 0.1360076648, "operatingIncome": 2604000, "operatingIncomeRatio": 0.1084728818, "totalOtherIncomeExpensesNet": -8000, "incomeBeforeTax": 2596000, "incomeBeforeTaxRatio": 0.1081396318, "incomeTaxExpense": 575000, "netIncome": 2021000, "netIncomeRatio": 0.0841872865, "eps": 0.0293, "epsdiluted": 0.0293, "weightedAverageShsOut": 43922473, "weightedAverageShsOutDil": 44191000, "link": "", "finalLink": ""}, {"date": "2012-12-31", "symbol": "PCTY", "reportedCurrency": "USD", "cik": "0001591698", "fillingDate": "2012-12-31", "acceptedDate": "2012-12-30 19:00:00", "calendarYear": "2013", "period": "Q2", "revenue": 17200000, "costOfRevenue": 9537000, "grossProfit": 7663000, "grossProfitRatio": 0.4455232558, "researchAndDevelopmentExpenses": 1697000, "generalAndAdministrativeExpenses": 3106000, "sellingAndMarketingExpenses": 3948000, "sellingGeneralAndAdministrativeExpenses": 7054000, "otherExpenses": 0, "operatingExpenses": 8751000, "costAndExpenses": 18288000, "interestIncome": 33000, "interestExpense": 0, "depreciationAndAmortization": 569000, "ebitda": -519000, "ebitdaratio": -0.0301744186, "operatingIncome": -1088000, "operatingIncomeRatio": -0.063255814, "totalOtherIncomeExpensesNet": 33000, "incomeBeforeTax": -1055000, "incomeBeforeTaxRatio": -0.0613372093, "incomeTaxExpense": 428000, "netIncome": -1354000, "netIncomeRatio": -0.0787209302, "eps": -0.0423, "epsdiluted": -0.0423, "weightedAverageShsOut": 31988000, "weightedAverageShsOutDil": 31988000, "link": null, "finalLink": null}, {"date": "2012-09-30", "symbol": "PCTY", "reportedCurrency": "USD", "cik": "0001591698", "fillingDate": "2012-09-30", "acceptedDate": "2012-09-29 20:00:00", "calendarYear": "2013", "period": "Q1", "revenue": 15826000, "costOfRevenue": 8519000, "grossProfit": 7307000, "grossProfitRatio": 0.4617085808, "researchAndDevelopmentExpenses": 2220000, "generalAndAdministrativeExpenses": 2688000, "sellingAndMarketingExpenses": 3878000, "sellingGeneralAndAdministrativeExpenses": 6566000, "otherExpenses": 0, "operatingExpenses": 7908000, "costAndExpenses": 611000, "interestIncome": 0, "interestExpense": 57000, "depreciationAndAmortization": 1389000, "ebitda": 773000, "ebitdaratio": 0.048843675, "operatingIncome": -616000, "operatingIncomeRatio": -0.0389232908, "totalOtherIncomeExpensesNet": -42000, "incomeBeforeTax": -658000, "incomeBeforeTaxRatio": -0.0415771515, "incomeTaxExpense": 253000, "netIncome": -1132000, "netIncomeRatio": -0.0715278655, "eps": -0.0354, "epsdiluted": -0.0354, "weightedAverageShsOut": 31988667, "weightedAverageShsOutDil": 31988667, "link": null, "finalLink": null}]