[{"date": "2025-06-30", "symbol": "TEAM", "reportedCurrency": "USD", "cik": "0001650372", "fillingDate": "2025-08-15", "acceptedDate": "2025-08-15 16:06:23", "calendarYear": "2025", "period": "Q4", "revenue": 1384344000, "costOfRevenue": 234425000, "grossProfit": 1149919000, "grossProfitRatio": 0.8306598649, "researchAndDevelopmentExpenses": 700678000, "generalAndAdministrativeExpenses": 163304000, "sellingAndMarketingExpenses": 314416000, "sellingGeneralAndAdministrativeExpenses": 477720000, "otherExpenses": 0, "operatingExpenses": 1178398000, "costAndExpenses": 1412823000, "interestIncome": 30407000, "interestExpense": 8137000, "depreciationAndAmortization": 23221000, "ebitda": 17164000, "ebitdaratio": 0.0123986524, "operatingIncome": -28479000, "operatingIncomeRatio": -0.0205721988, "totalOtherIncomeExpensesNet": 14285000, "incomeBeforeTax": -14194000, "incomeBeforeTaxRatio": -0.0102532319, "incomeTaxExpense": 9709000, "netIncome": -23903000, "netIncomeRatio": -0.017266662, "eps": -0.0909, "epsdiluted": -0.0909, "weightedAverageShsOut": 262884000, "weightedAverageShsOutDil": 262884000, "link": "https://www.sec.gov/Archives/edgar/data/1650372/000165037225000036/0001650372-25-000036-index.htm", "finalLink": "https://www.sec.gov/Archives/edgar/data/1650372/000165037225000036/team-20250630.htm"}, {"date": "2025-03-31", "symbol": "TEAM", "reportedCurrency": "USD", "cik": "0001650372", "fillingDate": "2025-05-02", "acceptedDate": "2025-05-02 16:30:35", "calendarYear": "2025", "period": "Q3", "revenue": 1356716000, "costOfRevenue": 219675000, "grossProfit": 1137041000, "grossProfitRatio": 0.8380832835, "researchAndDevelopmentExpenses": 685320000, "generalAndAdministrativeExpenses": 168345000, "sellingAndMarketingExpenses": 295832000, "sellingGeneralAndAdministrativeExpenses": 464177000, "otherExpenses": 0, "operatingExpenses": 1149497000, "costAndExpenses": 1369172000, "interestIncome": 27767000, "interestExpense": 7804000, "depreciationAndAmortization": 23178000, "ebitda": 23628000, "ebitdaratio": 0.0174155829, "operatingIncome": -12456000, "operatingIncomeRatio": -0.0091809929, "totalOtherIncomeExpensesNet": 5102000, "incomeBeforeTax": -7354000, "incomeBeforeTaxRatio": -0.0054204417, "incomeTaxExpense": 63453000, "netIncome": -70807000, "netIncomeRatio": -0.0521899941, "eps": -0.27, "epsdiluted": -0.27, "weightedAverageShsOut": 262671000, "weightedAverageShsOutDil": 262671000, "link": "https://www.sec.gov/Archives/edgar/data/1650372/000165037225000022/0001650372-25-000022-index.htm", "finalLink": "https://www.sec.gov/Archives/edgar/data/1650372/000165037225000022/team-20250331.htm"}, {"date": "2024-12-31", "symbol": "TEAM", "reportedCurrency": "USD", "cik": "0001650372", "fillingDate": "2025-01-31", "acceptedDate": "2025-01-31 16:13:28", "calendarYear": "2025", "period": "Q2", "revenue": 1286463000, "costOfRevenue": 223127000, "grossProfit": 1063336000, "grossProfitRatio": 0.826557779, "researchAndDevelopmentExpenses": 680213000, "generalAndAdministrativeExpenses": 168708000, "sellingAndMarketingExpenses": 268221000, "sellingGeneralAndAdministrativeExpenses": 436929000, "otherExpenses": 3673000, "operatingExpenses": 1120815000, "costAndExpenses": 1343942000, "interestIncome": 25586000, "interestExpense": 7291000, "depreciationAndAmortization": 23149000, "ebitda": -16743000, "ebitdaratio": -0.0130147544, "operatingIncome": -57479000, "operatingIncomeRatio": -0.0446798703, "totalOtherIncomeExpensesNet": 10296000, "incomeBeforeTax": -47183000, "incomeBeforeTaxRatio": -0.0366765309, "incomeTaxExpense": -8975000, "netIncome": -38208000, "netIncomeRatio": -0.029700038, "eps": -0.15, "epsdiluted": -0.15, "weightedAverageShsOut": 261147000, "weightedAverageShsOutDil": 261147000, "link": "https://www.sec.gov/Archives/edgar/data/1650372/000165037225000009/0001650372-25-000009-index.htm", "finalLink": "https://www.sec.gov/Archives/edgar/data/1650372/000165037225000009/team-20241231.htm"}, {"date": "2024-09-30", "symbol": "TEAM", "reportedCurrency": "USD", "cik": "0001650372", "fillingDate": "2024-11-01", "acceptedDate": "2024-11-01 16:10:26", "calendarYear": "2025", "period": "Q1", "revenue": 1187781000, "costOfRevenue": 217624000, "grossProfit": 970157000, "grossProfitRatio": 0.8167810396, "researchAndDevelopmentExpenses": 603101000, "generalAndAdministrativeExpenses": 146641000, "sellingAndMarketingExpenses": 252393000, "sellingGeneralAndAdministrativeExpenses": 399034000, "otherExpenses": 0, "operatingExpenses": 1002135000, "costAndExpenses": 1219759000, "interestIncome": 28564000, "interestExpense": 7318000, "depreciationAndAmortization": 22827000, "ebitda": -19000, "ebitdaratio": -1.59962e-05, "operatingIncome": -31978000, "operatingIncomeRatio": -0.0269224714, "totalOtherIncomeExpensesNet": 1814000, "incomeBeforeTax": -30164000, "incomeBeforeTaxRatio": -0.0253952538, "incomeTaxExpense": 93605000, "netIncome": -123769000, "netIncomeRatio": -0.1042018689, "eps": -0.48, "epsdiluted": -0.48, "weightedAverageShsOut": 260477000, "weightedAverageShsOutDil": 260477000, "link": "https://www.sec.gov/Archives/edgar/data/1650372/000165037224000056/0001650372-24-000056-index.htm", "finalLink": "https://www.sec.gov/Archives/edgar/data/1650372/000165037224000056/team-20240930.htm"}, {"date": "2024-06-30", "symbol": "TEAM", "reportedCurrency": "USD", "cik": "0001650372", "fillingDate": "2024-08-16", "acceptedDate": "2024-08-16 16:05:58", "calendarYear": "2024", "period": "Q4", "revenue": 1131590000, "costOfRevenue": 217505000, "grossProfit": 914085000, "grossProfitRatio": 0.8077881565, "researchAndDevelopmentExpenses": 589104000, "generalAndAdministrativeExpenses": 152328000, "sellingAndMarketingExpenses": 227217000, "sellingGeneralAndAdministrativeExpenses": 379545000, "otherExpenses": 12386000, "operatingExpenses": 981035000, "costAndExpenses": 1198540000, "interestIncome": 27430000, "interestExpense": 7647000, "depreciationAndAmortization": 23178000, "ebitda": -23294000, "ebitdaratio": -0.0205851943, "operatingIncome": -66950000, "operatingIncomeRatio": -0.0591645384, "totalOtherIncomeExpensesNet": 12831000, "incomeBeforeTax": -54119000, "incomeBeforeTaxRatio": -0.0478256259, "incomeTaxExpense": 142800000, "netIncome": -196919000, "netIncomeRatio": -0.1740197421, "eps": -0.76, "epsdiluted": -0.76, "weightedAverageShsOut": 260326000, "weightedAverageShsOutDil": 260326000, "link": "https://www.sec.gov/Archives/edgar/data/1650372/000165037224000036/0001650372-24-000036-index.htm", "finalLink": "https://www.sec.gov/Archives/edgar/data/1650372/000165037224000036/team-20240630.htm"}, {"date": "2024-03-31", "symbol": "TEAM", "reportedCurrency": "USD", "cik": "0001650372", "fillingDate": "2024-04-26", "acceptedDate": "2024-04-26 16:06:17", "calendarYear": "2024", "period": "Q3", "revenue": 1189128000, "costOfRevenue": 213425000, "grossProfit": 975703000, "grossProfitRatio": 0.8205197422, "researchAndDevelopmentExpenses": 576490000, "generalAndAdministrativeExpenses": 157595000, "sellingAndMarketingExpenses": 223814000, "sellingGeneralAndAdministrativeExpenses": 381409000, "otherExpenses": 0, "operatingExpenses": 957899000, "costAndExpenses": 1171324000, "interestIncome": 21414000, "interestExpense": 8453000, "depreciationAndAmortization": 23464000, "ebitda": 51692000, "ebitdaratio": 0.0434705095, "operatingIncome": 17804000, "operatingIncomeRatio": 0.0149723158, "totalOtherIncomeExpensesNet": 1971000, "incomeBeforeTax": 19775000, "incomeBeforeTaxRatio": 0.016629833, "incomeTaxExpense": 7023000, "netIncome": 12752000, "netIncomeRatio": 0.0107238245, "eps": 0.05, "epsdiluted": 0.05, "weightedAverageShsOut": 259716999, "weightedAverageShsOutDil": 261778000, "link": "https://www.sec.gov/Archives/edgar/data/1650372/000165037224000016/0001650372-24-000016-index.htm", "finalLink": "https://www.sec.gov/Archives/edgar/data/1650372/000165037224000016/team-20240331.htm"}, {"date": "2023-12-31", "symbol": "TEAM", "reportedCurrency": "USD", "cik": "0001650372", "fillingDate": "2024-02-02", "acceptedDate": "2024-02-02 16:13:00", "calendarYear": "2024", "period": "Q2", "revenue": 1060110000, "costOfRevenue": 194536000, "grossProfit": 865574000, "grossProfitRatio": 0.8164945147, "researchAndDevelopmentExpenses": 536779000, "generalAndAdministrativeExpenses": 157344000, "sellingAndMarketingExpenses": 217801000, "sellingGeneralAndAdministrativeExpenses": 375145000, "otherExpenses": 2712000, "operatingExpenses": 914636000, "costAndExpenses": 1109172000, "interestIncome": 22593000, "interestExpense": 9001000, "depreciationAndAmortization": 17012000, "ebitda": -14096000, "ebitdaratio": -0.0132967334, "operatingIncome": -49062000, "operatingIncomeRatio": -0.046280103, "totalOtherIncomeExpensesNet": 8953000, "incomeBeforeTax": -40109000, "incomeBeforeTaxRatio": -0.037834753, "incomeTaxExpense": 44360000, "netIncome": -84469000, "netIncomeRatio": -0.0796794672, "eps": -0.33, "epsdiluted": -0.33, "weightedAverageShsOut": 258601000, "weightedAverageShsOutDil": 258601000, "link": "https://www.sec.gov/Archives/edgar/data/1650372/000165037224000010/0001650372-24-000010-index.htm", "finalLink": "https://www.sec.gov/Archives/edgar/data/1650372/000165037224000010/team-20231231.htm"}, {"date": "2023-09-30", "symbol": "TEAM", "reportedCurrency": "USD", "cik": "0001650372", "fillingDate": "2023-11-03", "acceptedDate": "2023-11-03 16:06:05", "calendarYear": "2024", "period": "Q1", "revenue": 977775000, "costOfRevenue": 178029000, "grossProfit": 799746000, "grossProfitRatio": 0.8179243691, "researchAndDevelopmentExpenses": 481738000, "generalAndAdministrativeExpenses": 143310000, "sellingAndMarketingExpenses": 193567000, "sellingGeneralAndAdministrativeExpenses": 336877000, "otherExpenses": 0, "operatingExpenses": 818615000, "costAndExpenses": 996644000, "interestIncome": 25226000, "interestExpense": 8976000, "depreciationAndAmortization": 15084000, "ebitda": 13106000, "ebitdaratio": 0.0134039017, "operatingIncome": -18869000, "operatingIncomeRatio": -0.0192978957, "totalOtherIncomeExpensesNet": 7915000, "incomeBeforeTax": -10954000, "incomeBeforeTaxRatio": -0.0112029864, "incomeTaxExpense": 20929000, "netIncome": -31883000, "netIncomeRatio": -0.0326077063, "eps": -0.12, "epsdiluted": -0.12, "weightedAverageShsOut": 257906999, "weightedAverageShsOutDil": 257907000, "link": "https://www.sec.gov/Archives/edgar/data/1650372/000165037223000060/0001650372-23-000060-index.htm", "finalLink": "https://www.sec.gov/Archives/edgar/data/1650372/000165037223000060/team-20230930.htm"}, {"date": "2023-06-30", "symbol": "TEAM", "reportedCurrency": "USD", "cik": "0001650372", "fillingDate": "2023-08-18", "acceptedDate": "2023-08-18 16:06:59", "calendarYear": "2023", "period": "Q4", "revenue": 939098000, "costOfRevenue": 169776000, "grossProfit": 769322000, "grossProfitRatio": 0.8192137562, "researchAndDevelopmentExpenses": 474855000, "generalAndAdministrativeExpenses": 142235000, "sellingAndMarketingExpenses": 202621000, "sellingGeneralAndAdministrativeExpenses": 344856000, "otherExpenses": 0, "operatingExpenses": 819711000, "costAndExpenses": 989487000, "interestIncome": 20579000, "interestExpense": 8540000, "depreciationAndAmortization": 15304000, "ebitda": -21602000, "ebitdaratio": -0.0230029241, "operatingIncome": -50389000, "operatingIncomeRatio": -0.0536568069, "totalOtherIncomeExpensesNet": 4943000, "incomeBeforeTax": -45446000, "incomeBeforeTaxRatio": -0.0483932454, "incomeTaxExpense": 13506000, "netIncome": -58952000, "netIncomeRatio": -0.062775131, "eps": -0.23, "epsdiluted": -0.23, "weightedAverageShsOut": 254811869, "weightedAverageShsOutDil": 257389000, "link": "https://www.sec.gov/Archives/edgar/data/1650372/000165037223000040/0001650372-23-000040-index.htm", "finalLink": "https://www.sec.gov/Archives/edgar/data/1650372/000165037223000040/team-20230630.htm"}, {"date": "2023-03-31", "symbol": "TEAM", "reportedCurrency": "USD", "cik": "0001650372", "fillingDate": "2023-05-05", "acceptedDate": "2023-05-05 16:06:42", "calendarYear": "2023", "period": "Q3", "revenue": 915453000, "costOfRevenue": 168652000, "grossProfit": 746801000, "grossProfitRatio": 0.8157720822, "researchAndDevelopmentExpenses": 522344000, "generalAndAdministrativeExpenses": 165103000, "sellingAndMarketingExpenses": 220921000, "sellingGeneralAndAdministrativeExpenses": 386024000, "otherExpenses": 0, "operatingExpenses": 908368000, "costAndExpenses": 1077020000, "interestIncome": 15047000, "interestExpense": 7978000, "depreciationAndAmortization": 15523000, "ebitda": -131940000, "ebitdaratio": -0.1441253674, "operatingIncome": -161567000, "operatingIncomeRatio": -0.17648858, "totalOtherIncomeExpensesNet": 6126000, "incomeBeforeTax": -155441000, "incomeBeforeTaxRatio": -0.169796811, "incomeTaxExpense": 53596000, "netIncome": -209037000, "netIncomeRatio": -0.2283426894, "eps": -0.81, "epsdiluted": -0.81, "weightedAverageShsOut": 256825000, "weightedAverageShsOutDil": 256825000, "link": "https://www.sec.gov/Archives/edgar/data/1650372/000165037223000024/0001650372-23-000024-index.htm", "finalLink": "https://www.sec.gov/Archives/edgar/data/1650372/000165037223000024/team-20230331.htm"}, {"date": "2022-12-31", "symbol": "TEAM", "reportedCurrency": "USD", "cik": "0001650372", "fillingDate": "2023-02-03", "acceptedDate": "2023-02-03 16:06:40", "calendarYear": "2023", "period": "Q2", "revenue": 872704000, "costOfRevenue": 155945000, "grossProfit": 716759000, "grossProfitRatio": 0.8213082557, "researchAndDevelopmentExpenses": 473676000, "generalAndAdministrativeExpenses": 156131000, "sellingAndMarketingExpenses": 183685000, "sellingGeneralAndAdministrativeExpenses": 339816000, "otherExpenses": 2506000, "operatingExpenses": 815998000, "costAndExpenses": 971943000, "interestIncome": 8963000, "interestExpense": 7508000, "depreciationAndAmortization": 15476000, "ebitda": -81549000, "ebitdaratio": -0.0934440543, "operatingIncome": -99239000, "operatingIncomeRatio": -0.1137143866, "totalOtherIncomeExpensesNet": -5294000, "incomeBeforeTax": -104533000, "incomeBeforeTaxRatio": -0.11978059, "incomeTaxExpense": 100498000, "netIncome": -205031000, "netIncomeRatio": -0.2349376192, "eps": -0.8, "epsdiluted": -0.8, "weightedAverageShsOut": 255874000, "weightedAverageShsOutDil": 255874000, "link": "https://www.sec.gov/Archives/edgar/data/1650372/000165037223000009/0001650372-23-000009-index.htm", "finalLink": "https://www.sec.gov/Archives/edgar/data/1650372/000165037223000009/team-20221231.htm"}, {"date": "2022-09-30", "symbol": "TEAM", "reportedCurrency": "USD", "cik": "0001650372", "fillingDate": "2022-11-04", "acceptedDate": "2022-11-04 16:30:17", "calendarYear": "2023", "period": "Q1", "revenue": 807392000, "costOfRevenue": 139392000, "grossProfit": 668000000, "grossProfitRatio": 0.8273552376, "researchAndDevelopmentExpenses": 399006000, "generalAndAdministrativeExpenses": 142893000, "sellingAndMarketingExpenses": 160128000, "sellingGeneralAndAdministrativeExpenses": 303021000, "otherExpenses": 0, "operatingExpenses": 702027000, "costAndExpenses": 841419000, "interestIncome": 5143000, "interestExpense": 6121000, "depreciationAndAmortization": 14620000, "ebitda": 15025000, "ebitdaratio": 0.0186093001, "operatingIncome": -34027000, "operatingIncomeRatio": -0.0421443363, "totalOtherIncomeExpensesNet": 28311000, "incomeBeforeTax": -5716000, "incomeBeforeTaxRatio": -0.0070795846, "incomeTaxExpense": 8025000, "netIncome": -13741000, "netIncomeRatio": -0.0170189945, "eps": -0.05, "epsdiluted": -0.05, "weightedAverageShsOut": 255167000, "weightedAverageShsOutDil": 255167000, "link": "https://www.sec.gov/Archives/edgar/data/1650372/000165037222000078/0001650372-22-000078-index.htm", "finalLink": "https://www.sec.gov/Archives/edgar/data/1650372/000165037222000078/team-20220930.htm"}, {"date": "2022-06-30", "symbol": "TEAM", "reportedCurrency": "USD", "cik": "0001650372", "fillingDate": "2022-08-04", "acceptedDate": "2022-08-04 16:07:03", "calendarYear": "2022", "period": "Q4", "revenue": 759841000, "costOfRevenue": 133154000, "grossProfit": 626687000, "grossProfitRatio": 0.8247607065, "researchAndDevelopmentExpenses": 379000000, "generalAndAdministrativeExpenses": 131632000, "sellingAndMarketingExpenses": 179308000, "sellingGeneralAndAdministrativeExpenses": 310940000, "otherExpenses": 0, "operatingExpenses": 689940000, "costAndExpenses": 823094000, "interestIncome": 1332000, "interestExpense": 6611000, "depreciationAndAmortization": 24610000, "ebitda": -37638000, "ebitdaratio": -0.0495340473, "operatingIncome": -63253000, "operatingIncomeRatio": -0.0832450473, "totalOtherIncomeExpensesNet": -5606000, "incomeBeforeTax": -68859000, "incomeBeforeTaxRatio": -0.0906229066, "incomeTaxExpense": 36604000, "netIncome": -105463000, "netIncomeRatio": -0.1387961429, "eps": -0.41, "epsdiluted": -0.41, "weightedAverageShsOut": 254476000, "weightedAverageShsOutDil": 254482000, "link": "https://www.sec.gov/Archives/edgar/data/1650372/000165037222000050/0001650372-22-000050-index.htm", "finalLink": "https://www.sec.gov/Archives/edgar/data/1650372/000165037222000050/ex991q4fy22.htm"}, {"date": "2022-03-31", "symbol": "TEAM", "reportedCurrency": "USD", "cik": "0001650372", "fillingDate": "2022-04-28", "acceptedDate": "2022-04-28 16:06:15", "calendarYear": "2022", "period": "Q3", "revenue": 740491000, "costOfRevenue": 116063000, "grossProfit": 624428000, "grossProfitRatio": 0.8432621058, "researchAndDevelopmentExpenses": 334161000, "generalAndAdministrativeExpenses": 114984000, "sellingAndMarketingExpenses": 142386000, "sellingGeneralAndAdministrativeExpenses": 257370000, "otherExpenses": 0, "operatingExpenses": 591531000, "costAndExpenses": 707594000, "interestIncome": 605000, "interestExpense": 4159000, "depreciationAndAmortization": 12239000, "ebitda": 22657000, "ebitdaratio": 0.0305972659, "operatingIncome": 32897000, "operatingIncomeRatio": 0.0444259282, "totalOtherIncomeExpensesNet": -26638000, "incomeBeforeTax": 6259000, "incomeBeforeTaxRatio": 0.0084524998, "incomeTaxExpense": 1598000, "netIncome": 4661000, "netIncomeRatio": 0.0062944722, "eps": -0.12, "epsdiluted": -0.12, "weightedAverageShsOut": 253723000, "weightedAverageShsOutDil": 255741000, "link": "https://www.sec.gov/Archives/edgar/data/1650372/000165037222000034/0001650372-22-000034-index.htm", "finalLink": "https://www.sec.gov/Archives/edgar/data/1650372/000165037222000034/ex991q3fy22.htm"}, {"date": "2021-12-31", "symbol": "TEAM", "reportedCurrency": "USD", "cik": "0001650372", "fillingDate": "2022-01-28", "acceptedDate": "2022-01-28 16:05:36", "calendarYear": "2022", "period": "Q2", "revenue": 688526000, "costOfRevenue": 110191000, "grossProfit": 578335000, "grossProfitRatio": 0.8399610182, "researchAndDevelopmentExpenses": 318569000, "generalAndAdministrativeExpenses": 115678000, "sellingAndMarketingExpenses": 121046000, "sellingGeneralAndAdministrativeExpenses": 236724000, "otherExpenses": 0, "operatingExpenses": 555293000, "costAndExpenses": 665484000, "interestIncome": 74000, "interestExpense": 21022000, "depreciationAndAmortization": 12298000, "ebitda": 13071000, "ebitdaratio": 0.0189840326, "operatingIncome": 23042000, "operatingIncomeRatio": 0.0334656934, "totalOtherIncomeExpensesNet": -43291000, "incomeBeforeTax": -20249000, "incomeBeforeTaxRatio": -0.0294092017, "incomeTaxExpense": 2079000, "netIncome": -22328000, "netIncomeRatio": -0.0324286955, "eps": -0.09, "epsdiluted": -0.09, "weightedAverageShsOut": 248088888, "weightedAverageShsOutDil": 252960000, "link": "https://www.sec.gov/Archives/edgar/data/1650372/000165037222000006/0001650372-22-000006-index.htm", "finalLink": "https://www.sec.gov/Archives/edgar/data/1650372/000165037222000006/0001650372-22-000006.txt"}, {"date": "2021-09-30", "symbol": "TEAM", "reportedCurrency": "USD", "cik": "0001650372", "fillingDate": "2021-10-28", "acceptedDate": "2021-10-28 16:09:58", "calendarYear": "2022", "period": "Q1", "revenue": 614024000, "costOfRevenue": 96256000, "grossProfit": 517768000, "grossProfitRatio": 0.8432373979, "researchAndDevelopmentExpenses": 272140000, "generalAndAdministrativeExpenses": 89822000, "sellingAndMarketingExpenses": 99329000, "sellingGeneralAndAdministrativeExpenses": 189151000, "otherExpenses": 0, "operatingExpenses": 461291000, "costAndExpenses": 557547000, "interestIncome": 277000, "interestExpense": 11518000, "depreciationAndAmortization": 13304000, "ebitda": -385746000, "ebitdaratio": -0.6282262583, "operatingIncome": 56477000, "operatingIncomeRatio": 0.0919784894, "totalOtherIncomeExpensesNet": -467045000, "incomeBeforeTax": -410568000, "incomeBeforeTaxRatio": -0.6686513882, "incomeTaxExpense": 636000, "netIncome": -411204000, "netIncomeRatio": -0.6696871784, "eps": -1.63, "epsdiluted": -1.63, "weightedAverageShsOut": 252106000, "weightedAverageShsOutDil": 252106000, "link": "https://www.sec.gov/Archives/edgar/data/1650372/000165037221000043/0001650372-21-000043-index.htm", "finalLink": "https://www.sec.gov/Archives/edgar/data/1650372/000165037221000043/ex991q1fy22.htm"}, {"date": "2021-06-30", "symbol": "TEAM", "reportedCurrency": "USD", "cik": "0001650372", "fillingDate": "2021-07-29", "acceptedDate": "2021-07-29 16:24:50", "calendarYear": "2021", "period": "Q4", "revenue": 559539000, "costOfRevenue": 97967000, "grossProfit": 461572000, "grossProfitRatio": 0.8249147959, "researchAndDevelopmentExpenses": 245929000, "generalAndAdministrativeExpenses": 89740000, "sellingAndMarketingExpenses": 133429000, "sellingGeneralAndAdministrativeExpenses": 223169000, "otherExpenses": 0, "operatingExpenses": 469098000, "costAndExpenses": 567065000, "interestIncome": 1008000, "interestExpense": 8099000, "depreciationAndAmortization": 23714000, "ebitda": -182205000, "ebitdaratio": -0.3256341381, "operatingIncome": -7526000, "operatingIncomeRatio": -0.0134503582, "totalOtherIncomeExpensesNet": -206492000, "incomeBeforeTax": -214018000, "incomeBeforeTaxRatio": -0.3824898711, "incomeTaxExpense": -945000, "netIncome": -213073000, "netIncomeRatio": -0.3808009808, "eps": -0.85, "epsdiluted": -0.85, "weightedAverageShsOut": 251260000, "weightedAverageShsOutDil": 251264000, "link": "https://www.sec.gov/Archives/edgar/data/1650372/000165037221000025/0001650372-21-000025-index.htm", "finalLink": "https://www.sec.gov/Archives/edgar/data/1650372/000165037221000025/ex991q4fy21.htm"}, {"date": "2021-03-31", "symbol": "TEAM", "reportedCurrency": "USD", "cik": "0001650372", "fillingDate": "2021-04-30", "acceptedDate": "2021-04-30 16:59:16", "calendarYear": "2021", "period": "Q3", "revenue": 568728000, "costOfRevenue": 84888000, "grossProfit": 483840000, "grossProfitRatio": 0.8507406001, "researchAndDevelopmentExpenses": 244098000, "generalAndAdministrativeExpenses": 78184000, "sellingAndMarketingExpenses": 92043000, "sellingGeneralAndAdministrativeExpenses": 170227000, "otherExpenses": 0, "operatingExpenses": 414325000, "costAndExpenses": 499213000, "interestIncome": 1464000, "interestExpense": 10591000, "depreciationAndAmortization": 23324000, "ebitda": 244965000, "ebitdaratio": 0.4307243533, "operatingIncome": 69515000, "operatingIncomeRatio": 0.1222289038, "totalOtherIncomeExpensesNet": 141535000, "incomeBeforeTax": 211050000, "incomeBeforeTaxRatio": 0.3710912774, "incomeTaxExpense": 51210000, "netIncome": 159840000, "netIncomeRatio": 0.281048234, "eps": 0.64, "epsdiluted": 0.63, "weightedAverageShsOut": 250279000, "weightedAverageShsOutDil": 255128000, "link": "https://www.sec.gov/Archives/edgar/data/1650372/000165037221000018/0001650372-21-000018-index.htm", "finalLink": "https://www.sec.gov/Archives/edgar/data/1650372/000165037221000018/0001650372-21-000018.txt"}, {"date": "2020-12-31", "symbol": "TEAM", "reportedCurrency": "USD", "cik": "0001650372", "fillingDate": "2021-01-29", "acceptedDate": "2021-01-29 16:10:09", "calendarYear": "2021", "period": "Q2", "revenue": 501359000, "costOfRevenue": 79482000, "grossProfit": 421877000, "grossProfitRatio": 0.841466893, "researchAndDevelopmentExpenses": 241064000, "generalAndAdministrativeExpenses": 75949000, "sellingAndMarketingExpenses": 77151000, "sellingGeneralAndAdministrativeExpenses": 153100000, "otherExpenses": 0, "operatingExpenses": 394164000, "costAndExpenses": 473646000, "interestIncome": 2112000, "interestExpense": 91448000, "depreciationAndAmortization": 23185000, "ebitda": -492739000, "ebitdaratio": -0.9828067313, "operatingIncome": 27713000, "operatingIncomeRatio": 0.0552757605, "totalOtherIncomeExpensesNet": -635085000, "incomeBeforeTax": -607372000, "incomeBeforeTaxRatio": -1.2114512754, "incomeTaxExpense": 14156000, "netIncome": -621528000, "netIncomeRatio": -1.239686532, "eps": -2.49, "epsdiluted": -2.49, "weightedAverageShsOut": 249188000, "weightedAverageShsOutDil": 249188000, "link": "https://www.sec.gov/Archives/edgar/data/1650372/000165037221000008/0001650372-21-000008-index.htm", "finalLink": "https://www.sec.gov/Archives/edgar/data/1650372/000165037221000008/0001650372-21-000008.txt"}, {"date": "2020-09-30", "symbol": "TEAM", "reportedCurrency": "USD", "cik": "0001650372", "fillingDate": "2020-11-03", "acceptedDate": "2020-11-03 16:04:45", "calendarYear": "2021", "period": "Q1", "revenue": 459506000, "costOfRevenue": 73684000, "grossProfit": 385822000, "grossProfitRatio": 0.8396451842, "researchAndDevelopmentExpenses": 232235000, "generalAndAdministrativeExpenses": 71369000, "sellingAndMarketingExpenses": 70286000, "sellingGeneralAndAdministrativeExpenses": 141655000, "otherExpenses": 0, "operatingExpenses": 373890000, "costAndExpenses": 447574000, "interestIncome": 2590000, "interestExpense": 12575000, "depreciationAndAmortization": 22625000, "ebitda": 10876000, "ebitdaratio": 0.0236688966, "operatingIncome": 11932000, "operatingIncomeRatio": 0.0259670168, "totalOtherIncomeExpensesNet": -36256000, "incomeBeforeTax": -24324000, "incomeBeforeTaxRatio": -0.0529351086, "incomeTaxExpense": -2770000, "netIncome": -21554000, "netIncomeRatio": -0.0469068957, "eps": -0.09, "epsdiluted": -0.09, "weightedAverageShsOut": 239488888, "weightedAverageShsOutDil": 248015000, "link": "https://www.sec.gov/Archives/edgar/data/1650372/000165037220000042/0001650372-20-000042-index.htm", "finalLink": "https://www.sec.gov/Archives/edgar/data/1650372/000165037220000042/0001650372-20-000042.txt"}, {"date": "2020-06-30", "symbol": "TEAM", "reportedCurrency": "USD", "cik": "0001650372", "fillingDate": "2020-07-30", "acceptedDate": "2020-07-30 18:55:13", "calendarYear": "2020", "period": "Q4", "revenue": 430476000, "costOfRevenue": 70112000, "grossProfit": 360364000, "grossProfitRatio": 0.8371291315, "researchAndDevelopmentExpenses": 210738000, "generalAndAdministrativeExpenses": 75014000, "sellingAndMarketingExpenses": 77892000, "sellingGeneralAndAdministrativeExpenses": 152906000, "otherExpenses": 0, "operatingExpenses": 363644000, "costAndExpenses": 433756000, "interestIncome": 3390000, "interestExpense": 12484000, "depreciationAndAmortization": 22078000, "ebitda": -361046000, "ebitdaratio": -0.8387134242, "operatingIncome": -3280000, "operatingIncomeRatio": -0.0076194724, "totalOtherIncomeExpensesNet": -392328000, "incomeBeforeTax": -395608000, "incomeBeforeTaxRatio": -0.9190012916, "incomeTaxExpense": -10385000, "netIncome": -385223000, "netIncomeRatio": -0.894876834, "eps": -1.56, "epsdiluted": -1.56, "weightedAverageShsOut": 246893000, "weightedAverageShsOutDil": 246909000, "link": "https://www.sec.gov/Archives/edgar/data/1650372/000165037220000025/0001650372-20-000025-index.htm", "finalLink": "https://www.sec.gov/Archives/edgar/data/1650372/000165037220000025/ex991q4fy20.htm"}, {"date": "2020-03-31", "symbol": "TEAM", "reportedCurrency": "USD", "cik": "0001650372", "fillingDate": "2020-05-01", "acceptedDate": "2020-05-01 16:17:14", "calendarYear": "2020", "period": "Q3", "revenue": 411582000, "costOfRevenue": 70655000, "grossProfit": 340927000, "grossProfitRatio": 0.8283331147, "researchAndDevelopmentExpenses": 204148000, "generalAndAdministrativeExpenses": 72214000, "sellingAndMarketingExpenses": 84485000, "sellingGeneralAndAdministrativeExpenses": 156699000, "otherExpenses": 0, "operatingExpenses": 360847000, "costAndExpenses": 431502000, "interestIncome": 7199000, "interestExpense": 12435000, "depreciationAndAmortization": 23683000, "ebitda": -130739000, "ebitdaratio": -0.3176499458, "operatingIncome": -19920000, "operatingIncomeRatio": -0.048398618, "totalOtherIncomeExpensesNet": -146937000, "incomeBeforeTax": -166857000, "incomeBeforeTaxRatio": -0.4054040264, "incomeTaxExpense": -8032000, "netIncome": -158825000, "netIncomeRatio": -0.3858890816, "eps": -0.65, "epsdiluted": -0.65, "weightedAverageShsOut": 244346153, "weightedAverageShsOutDil": 245504000, "link": "https://www.sec.gov/Archives/edgar/data/1650372/000165037220000012/0001650372-20-000012-index.htm", "finalLink": "https://www.sec.gov/Archives/edgar/data/1650372/000165037220000012/0001650372-20-000012.txt"}, {"date": "2019-12-31", "symbol": "TEAM", "reportedCurrency": "USD", "cik": "0001650372", "fillingDate": "2020-01-23", "acceptedDate": "2020-01-23 16:16:34", "calendarYear": "2020", "period": "Q2", "revenue": 408725000, "costOfRevenue": 65761000, "grossProfit": 342964000, "grossProfitRatio": 0.839106979, "researchAndDevelopmentExpenses": 172420000, "generalAndAdministrativeExpenses": 59440000, "sellingAndMarketingExpenses": 69263000, "sellingGeneralAndAdministrativeExpenses": 128703000, "otherExpenses": 0, "operatingExpenses": 301123000, "costAndExpenses": 366884000, "interestIncome": 8100000, "interestExpense": 12364000, "depreciationAndAmortization": 26622000, "ebitda": 180777000, "ebitdaratio": 0.4422949416, "operatingIncome": 41841000, "operatingIncomeRatio": 0.1023695639, "totalOtherIncomeExpensesNet": 99950000, "incomeBeforeTax": 141791000, "incomeBeforeTaxRatio": 0.3469105144, "incomeTaxExpense": 17717000, "netIncome": 124074000, "netIncomeRatio": 0.3035635207, "eps": 0.51, "epsdiluted": 0.49, "weightedAverageShsOut": 244203000, "weightedAverageShsOutDil": 250960000, "link": "https://www.sec.gov/Archives/edgar/data/1650372/000165037220000003/0001650372-20-000003-index.htm", "finalLink": "https://www.sec.gov/Archives/edgar/data/1650372/000165037220000003/q2fy20ex991.htm"}, {"date": "2019-09-30", "symbol": "TEAM", "reportedCurrency": "USD", "cik": "0001650372", "fillingDate": "2019-10-25", "acceptedDate": "2019-10-25 16:17:34", "calendarYear": "2020", "period": "Q1", "revenue": 363390000, "costOfRevenue": 62279000, "grossProfit": 301111000, "grossProfitRatio": 0.8286166378, "researchAndDevelopmentExpenses": 175882000, "generalAndAdministrativeExpenses": 61741000, "sellingAndMarketingExpenses": 68043000, "sellingGeneralAndAdministrativeExpenses": 129784000, "otherExpenses": 0, "operatingExpenses": 305666000, "costAndExpenses": 367945000, "interestIncome": 9112000, "interestExpense": 12327000, "depreciationAndAmortization": 25015000, "ebitda": 111807000, "ebitdaratio": 0.3076777016, "operatingIncome": -4555000, "operatingIncomeRatio": -0.0125347423, "totalOtherIncomeExpensesNet": 79020000, "incomeBeforeTax": 74465000, "incomeBeforeTaxRatio": 0.2049175817, "incomeTaxExpense": 5145000, "netIncome": 69320000, "netIncomeRatio": 0.1907592394, "eps": 0.29, "epsdiluted": 0.28, "weightedAverageShsOut": 242791000, "weightedAverageShsOutDil": 250883000, "link": "https://www.sec.gov/Archives/edgar/data/1650372/000165037219000030/0001650372-19-000030-index.htm", "finalLink": "https://www.sec.gov/Archives/edgar/data/1650372/000165037219000030/0001650372-19-000030.txt"}, {"date": "2019-06-30", "symbol": "TEAM", "reportedCurrency": "USD", "cik": "0001650372", "fillingDate": "2019-07-25", "acceptedDate": "2019-07-25 16:06:01", "calendarYear": "2019", "period": "Q4", "revenue": 334586000, "costOfRevenue": 61129000, "grossProfit": 273457000, "grossProfitRatio": 0.8172995881, "researchAndDevelopmentExpenses": 170321000, "generalAndAdministrativeExpenses": 58980000, "sellingAndMarketingExpenses": 76600000, "sellingGeneralAndAdministrativeExpenses": 135580000, "otherExpenses": 0, "operatingExpenses": 305901000, "costAndExpenses": 367030000, "interestIncome": 9272000, "interestExpense": 10217000, "depreciationAndAmortization": 15845000, "ebitda": -164800000, "ebitdaratio": -0.4925490009, "operatingIncome": -32444000, "operatingIncomeRatio": -0.0969675958, "totalOtherIncomeExpensesNet": -158418000, "incomeBeforeTax": -190862000, "incomeBeforeTaxRatio": -0.5704422779, "incomeTaxExpense": 46655000, "netIncome": -237517000, "netIncomeRatio": -0.7098832587, "eps": -0.99, "epsdiluted": -0.99, "weightedAverageShsOut": 241110000, "weightedAverageShsOutDil": 241121000, "link": "https://www.sec.gov/Archives/edgar/data/1650372/000165037219000016/0001650372-19-000016-index.htm", "finalLink": "https://www.sec.gov/Archives/edgar/data/1650372/000165037219000016/q4fy19ex991.htm"}, {"date": "2019-03-31", "symbol": "TEAM", "reportedCurrency": "USD", "cik": "0001650372", "fillingDate": "2019-04-26", "acceptedDate": "2019-04-26 16:10:03", "calendarYear": "2019", "period": "Q3", "revenue": 309270000, "costOfRevenue": 54189000, "grossProfit": 255081000, "grossProfitRatio": 0.8247841692, "researchAndDevelopmentExpenses": 153069000, "generalAndAdministrativeExpenses": 59025000, "sellingAndMarketingExpenses": 70544000, "sellingGeneralAndAdministrativeExpenses": 129569000, "otherExpenses": 0, "operatingExpenses": 282638000, "costAndExpenses": 336827000, "interestIncome": 9303000, "interestExpense": 10103000, "depreciationAndAmortization": 16303000, "ebitda": -175275000, "ebitdaratio": -0.5667378019, "operatingIncome": -27557000, "operatingIncomeRatio": -0.0891033725, "totalOtherIncomeExpensesNet": -174124000, "incomeBeforeTax": -201681000, "incomeBeforeTaxRatio": -0.6521195072, "incomeTaxExpense": 1163000, "netIncome": -202844000, "netIncomeRatio": -0.6558799754, "eps": -0.85, "epsdiluted": -0.85, "weightedAverageShsOut": 238640000, "weightedAverageShsOutDil": 239410000, "link": "https://www.sec.gov/Archives/edgar/data/1650372/000165037219000010/0001650372-19-000010-index.htm", "finalLink": "https://www.sec.gov/Archives/edgar/data/1650372/000165037219000010/0001650372-19-000010.txt"}, {"date": "2018-12-31", "symbol": "TEAM", "reportedCurrency": "USD", "cik": "0001650372", "fillingDate": "2019-02-01", "acceptedDate": "2019-02-01 16:05:06", "calendarYear": "2019", "period": "Q2", "revenue": 298979000, "costOfRevenue": 49782000, "grossProfit": 249197000, "grossProfitRatio": 0.8334933223, "researchAndDevelopmentExpenses": 131364000, "generalAndAdministrativeExpenses": 52052000, "sellingAndMarketingExpenses": 68950000, "sellingGeneralAndAdministrativeExpenses": 121002000, "otherExpenses": 0, "operatingExpenses": 252366000, "costAndExpenses": 302148000, "interestIncome": 7659000, "interestExpense": 10019000, "depreciationAndAmortization": 20685000, "ebitda": 57767000, "ebitdaratio": 0.1932142391, "operatingIncome": -3169000, "operatingIncomeRatio": -0.0105994066, "totalOtherIncomeExpensesNet": 30232000, "incomeBeforeTax": 27063000, "incomeBeforeTaxRatio": 0.0905180631, "incomeTaxExpense": -18122000, "netIncome": 45185000, "netIncomeRatio": 0.1511310159, "eps": 0.19, "epsdiluted": 0.18, "weightedAverageShsOut": 237740000, "weightedAverageShsOutDil": 247255000, "link": "https://www.sec.gov/Archives/edgar/data/1650372/000165037219000004/0001650372-19-000004-index.htm", "finalLink": "https://www.sec.gov/Archives/edgar/data/1650372/000165037219000004/0001650372-19-000004.txt"}, {"date": "2018-09-30", "symbol": "TEAM", "reportedCurrency": "USD", "cik": "0001650372", "fillingDate": "2018-11-02", "acceptedDate": "2018-11-01 18:07:39", "calendarYear": "2019", "period": "Q1", "revenue": 267292000, "costOfRevenue": 45185000, "grossProfit": 222107000, "grossProfitRatio": 0.830952666, "researchAndDevelopmentExpenses": 124380000, "generalAndAdministrativeExpenses": 45657000, "sellingAndMarketingExpenses": 52262000, "sellingGeneralAndAdministrativeExpenses": 97919000, "otherExpenses": 0, "operatingExpenses": 222299000, "costAndExpenses": 267484000, "interestIncome": 7266000, "interestExpense": 9902000, "depreciationAndAmortization": 17415000, "ebitda": -212759000, "ebitdaratio": -0.7959796777, "operatingIncome": -192000, "operatingIncomeRatio": -0.0007183156, "totalOtherIncomeExpensesNet": -239884000, "incomeBeforeTax": -240076000, "incomeBeforeTaxRatio": -0.8981787708, "incomeTaxExpense": 2369000, "netIncome": -242445000, "netIncomeRatio": -0.9070417371, "eps": -1.03, "epsdiluted": -1.03, "weightedAverageShsOut": 235383495, "weightedAverageShsOutDil": 236219000, "link": "https://www.sec.gov/Archives/edgar/data/1650372/000165037218000048/0001650372-18-000048-index.htm", "finalLink": "https://www.sec.gov/Archives/edgar/data/1650372/000165037218000048/0001650372-18-000048.txt"}, {"date": "2018-06-30", "symbol": "TEAM", "reportedCurrency": "USD", "cik": "0001650372", "fillingDate": "2018-08-30", "acceptedDate": "2018-08-30 17:16:15", "calendarYear": "2018", "period": "Q4", "revenue": 243783000, "costOfRevenue": 44196000, "grossProfit": 199587000, "grossProfitRatio": 0.8187076211, "researchAndDevelopmentExpenses": 111046000, "generalAndAdministrativeExpenses": 44766000, "sellingAndMarketingExpenses": 49062000, "sellingGeneralAndAdministrativeExpenses": 93828000, "otherExpenses": 0, "operatingExpenses": 204874000, "costAndExpenses": 249070000, "interestIncome": 5053000, "interestExpense": 6782000, "depreciationAndAmortization": 17754000, "ebitda": 2781000, "ebitdaratio": 0.0114076863, "operatingIncome": -5287000, "operatingIncomeRatio": -0.0216873203, "totalOtherIncomeExpensesNet": -16468000, "incomeBeforeTax": -21755000, "incomeBeforeTaxRatio": -0.0892392004, "incomeTaxExpense": 4096000, "netIncome": -25851000, "netIncomeRatio": -0.1060410283, "eps": -0.11, "epsdiluted": -0.11, "weightedAverageShsOut": 234196000, "weightedAverageShsOutDil": 234206000, "link": "https://www.sec.gov/Archives/edgar/data/1650372/000165037218000038/0001650372-18-000038-index.htm", "finalLink": "https://www.sec.gov/Archives/edgar/data/1650372/000165037218000038/a20-f06302018.htm"}, {"date": "2018-03-31", "symbol": "TEAM", "reportedCurrency": "USD", "cik": "0001650372", "fillingDate": "2018-04-19", "acceptedDate": "2018-04-19 16:09:49", "calendarYear": "2018", "period": "Q3", "revenue": 223723000, "costOfRevenue": 45240000, "grossProfit": 179090000, "grossProfitRatio": 0.8004988311, "researchAndDevelopmentExpenses": 108544000, "generalAndAdministrativeExpenses": 32167000, "sellingAndMarketingExpenses": 48655000, "sellingGeneralAndAdministrativeExpenses": 80822000, "otherExpenses": 0, "operatingExpenses": 189366000, "costAndExpenses": 234606000, "interestIncome": 2001000, "interestExpense": 8000, "depreciationAndAmortization": 20111000, "ebitda": 12576000, "ebitdaratio": 0.0562123698, "operatingIncome": -10276000, "operatingIncomeRatio": -0.0459317996, "totalOtherIncomeExpensesNet": 2733000, "incomeBeforeTax": -7543000, "incomeBeforeTaxRatio": -0.0337158003, "incomeTaxExpense": 8280000, "netIncome": -15823000, "netIncomeRatio": -0.070725853, "eps": -0.07, "epsdiluted": -0.07, "weightedAverageShsOut": 226042857, "weightedAverageShsOutDil": 232221000, "link": "https://www.sec.gov/Archives/edgar/data/1650372/000165037218000021/0001650372-18-000021-index.htm", "finalLink": "https://www.sec.gov/Archives/edgar/data/1650372/000165037218000021/ex991-03312018.htm"}, {"date": "2017-12-31", "symbol": "TEAM", "reportedCurrency": "USD", "cik": "0001650372", "fillingDate": "2018-01-18", "acceptedDate": "2018-01-18 16:08:35", "calendarYear": "2018", "period": "Q2", "revenue": 212626000, "costOfRevenue": 43164000, "grossProfit": 171414000, "grossProfitRatio": 0.8061761026, "researchAndDevelopmentExpenses": 101324000, "generalAndAdministrativeExpenses": 38584000, "sellingAndMarketingExpenses": 44519000, "sellingGeneralAndAdministrativeExpenses": 83103000, "otherExpenses": 0, "operatingExpenses": 184427000, "costAndExpenses": 227591000, "interestIncome": 1568000, "interestExpense": 7000, "depreciationAndAmortization": 20990000, "ebitda": 9052000, "ebitdaratio": 0.0425724041, "operatingIncome": -13013000, "operatingIncomeRatio": -0.0612013583, "totalOtherIncomeExpensesNet": 1068000, "incomeBeforeTax": -11945000, "incomeBeforeTaxRatio": -0.0561784542, "incomeTaxExpense": 52264000, "netIncome": -64209000, "netIncomeRatio": -0.3019809431, "eps": -0.28, "epsdiluted": -0.28, "weightedAverageShsOut": 229317857, "weightedAverageShsOutDil": 230208000, "link": "https://www.sec.gov/Archives/edgar/data/1650372/000165037218000002/0001650372-18-000002-index.htm", "finalLink": "https://www.sec.gov/Archives/edgar/data/1650372/000165037218000002/ex991-01182018.htm"}, {"date": "2017-09-30", "symbol": "TEAM", "reportedCurrency": "USD", "cik": "0001650372", "fillingDate": "2017-10-19", "acceptedDate": "2017-10-19 16:15:06", "calendarYear": "2018", "period": "Q1", "revenue": 193818000, "costOfRevenue": 40090000, "grossProfit": 155390000, "grossProfitRatio": 0.8017315213, "researchAndDevelopmentExpenses": 94862000, "generalAndAdministrativeExpenses": 35725000, "sellingAndMarketingExpenses": 45092000, "sellingGeneralAndAdministrativeExpenses": 80817000, "otherExpenses": 0, "operatingExpenses": 175679000, "costAndExpenses": 215769000, "interestIncome": 1255000, "interestExpense": 9000, "depreciationAndAmortization": 20580000, "ebitda": 881000, "ebitdaratio": 0.0045455014, "operatingIncome": -20289000, "operatingIncomeRatio": -0.1046806798, "totalOtherIncomeExpensesNet": 581000, "incomeBeforeTax": -19708000, "incomeBeforeTaxRatio": -0.1016830222, "incomeTaxExpense": -8238000, "netIncome": -11470000, "netIncomeRatio": -0.05917923, "eps": -0.05, "epsdiluted": -0.05, "weightedAverageShsOut": 228156000, "weightedAverageShsOutDil": 228156000, "link": "https://www.sec.gov/Archives/edgar/data/1650372/000165037217000028/0001650372-17-000028-index.htm", "finalLink": "https://www.sec.gov/Archives/edgar/data/1650372/000165037217000028/ex991-10192017.htm"}, {"date": "2017-06-30", "symbol": "TEAM", "reportedCurrency": "USD", "cik": "0001650372", "fillingDate": "2017-09-01", "acceptedDate": "2017-08-31 20:17:19", "calendarYear": "2017", "period": "Q4", "revenue": 174331000, "costOfRevenue": 36805000, "grossProfit": 137526000, "grossProfitRatio": 0.7888786274, "researchAndDevelopmentExpenses": 90691000, "generalAndAdministrativeExpenses": 33204000, "sellingAndMarketingExpenses": 45887000, "sellingGeneralAndAdministrativeExpenses": 79091000, "otherExpenses": 0, "operatingExpenses": 169782000, "costAndExpenses": 206587000, "interestIncome": 1048000, "interestExpense": 24000, "depreciationAndAmortization": 23766000, "ebitda": -7978000, "ebitdaratio": -0.0457635188, "operatingIncome": -32256000, "operatingIncomeRatio": -0.1850273331, "totalOtherIncomeExpensesNet": 488000, "incomeBeforeTax": -31768000, "incomeBeforeTaxRatio": -0.1822280604, "incomeTaxExpense": -11060000, "netIncome": -20708000, "netIncomeRatio": -0.1187855287, "eps": -0.09, "epsdiluted": -0.09, "weightedAverageShsOut": 225805000, "weightedAverageShsOutDil": 225805000, "link": "https://www.sec.gov/Archives/edgar/data/1650372/000165037217000022/0001650372-17-000022-index.htm", "finalLink": "https://www.sec.gov/Archives/edgar/data/1650372/000165037217000022/a20-f06302017.htm"}, {"date": "2017-03-31", "symbol": "TEAM", "reportedCurrency": "USD", "cik": "0001650372", "fillingDate": "2017-05-03", "acceptedDate": "2017-05-03 17:26:43", "calendarYear": "2017", "period": "Q3", "revenue": 159909000, "costOfRevenue": 32895000, "grossProfit": 127014000, "grossProfitRatio": 0.794289252, "researchAndDevelopmentExpenses": 82262000, "generalAndAdministrativeExpenses": 31190000, "sellingAndMarketingExpenses": 36625000, "sellingGeneralAndAdministrativeExpenses": 67815000, "otherExpenses": 0, "operatingExpenses": 150077000, "costAndExpenses": 182972000, "interestIncome": 1040000, "interestExpense": 6000, "depreciationAndAmortization": 18485000, "ebitda": -4030000, "ebitdaratio": -0.0252018335, "operatingIncome": -23063000, "operatingIncomeRatio": -0.1442257784, "totalOtherIncomeExpensesNet": 542000, "incomeBeforeTax": -22521000, "incomeBeforeTaxRatio": -0.1408363507, "incomeTaxExpense": -5060000, "netIncome": -17461000, "netIncomeRatio": -0.1091933537, "eps": -0.08, "epsdiluted": -0.08, "weightedAverageShsOut": 218262500, "weightedAverageShsOutDil": 223333000, "link": "https://www.sec.gov/Archives/edgar/data/1650372/000165037217000014/0001650372-17-000014-index.htm", "finalLink": "https://www.sec.gov/Archives/edgar/data/1650372/000165037217000014/0001650372-17-000014.txt"}, {"date": "2016-12-31", "symbol": "TEAM", "reportedCurrency": "USD", "cik": "0001650372", "fillingDate": "2017-02-02", "acceptedDate": "2017-02-01 18:49:04", "calendarYear": "2017", "period": "Q2", "revenue": 148909000, "costOfRevenue": 26899000, "grossProfit": 122010000, "grossProfitRatio": 0.8193594746, "researchAndDevelopmentExpenses": 69758000, "generalAndAdministrativeExpenses": 27475000, "sellingAndMarketingExpenses": 27416000, "sellingGeneralAndAdministrativeExpenses": 54891000, "otherExpenses": 0, "operatingExpenses": 124649000, "costAndExpenses": 151548000, "interestIncome": 1441000, "interestExpense": 38000, "depreciationAndAmortization": 11253000, "ebitda": 9804000, "ebitdaratio": 0.065838868, "operatingIncome": -2639000, "operatingIncomeRatio": -0.017722233, "totalOtherIncomeExpensesNet": 1152000, "incomeBeforeTax": -1487000, "incomeBeforeTaxRatio": -0.0099859646, "incomeTaxExpense": 211000, "netIncome": -1698000, "netIncomeRatio": -0.0114029374, "eps": -0.01, "epsdiluted": -0.01, "weightedAverageShsOut": 221316000, "weightedAverageShsOutDil": 221316000, "link": "https://www.sec.gov/Archives/edgar/data/1650372/000165037217000007/0001650372-17-000007-index.htm", "finalLink": "https://www.sec.gov/Archives/edgar/data/1650372/000165037217000007/0001650372-17-000007.txt"}, {"date": "2016-09-30", "symbol": "TEAM", "reportedCurrency": "USD", "cik": "0001650372", "fillingDate": "2016-11-03", "acceptedDate": "2016-11-02 21:19:59", "calendarYear": "2017", "period": "Q1", "revenue": 136787000, "costOfRevenue": 22562000, "grossProfit": 114225000, "grossProfitRatio": 0.835057425, "researchAndDevelopmentExpenses": 67458000, "generalAndAdministrativeExpenses": 26915000, "sellingAndMarketingExpenses": 24980000, "sellingGeneralAndAdministrativeExpenses": 51895000, "otherExpenses": 0, "operatingExpenses": 119353000, "costAndExpenses": 141915000, "interestIncome": 1322000, "interestExpense": 7000, "depreciationAndAmortization": 8042000, "ebitda": 4173000, "ebitdaratio": 0.030507285, "operatingIncome": -5128000, "operatingIncomeRatio": -0.0374889427, "totalOtherIncomeExpensesNet": 1252000, "incomeBeforeTax": -3876000, "incomeBeforeTaxRatio": -0.0283360261, "incomeTaxExpense": -1239000, "netIncome": -2637000, "netIncomeRatio": -0.0192781478, "eps": -0.01, "epsdiluted": -0.01, "weightedAverageShsOut": 218504000, "weightedAverageShsOutDil": 218504000, "link": "https://www.sec.gov/Archives/edgar/data/1650372/000165037216000028/0001650372-16-000028-index.htm", "finalLink": "https://www.sec.gov/Archives/edgar/data/1650372/000165037216000028/0001650372-16-000028.txt"}, {"date": "2016-06-30", "symbol": "TEAM", "reportedCurrency": "USD", "cik": "0001650372", "fillingDate": "2016-08-18", "acceptedDate": "2016-08-17 19:01:13", "calendarYear": "2016", "period": "Q4", "revenue": 127588000, "costOfRevenue": 21126000, "grossProfit": 106462000, "grossProfitRatio": 0.8344201649, "researchAndDevelopmentExpenses": 60830000, "generalAndAdministrativeExpenses": 26042000, "sellingAndMarketingExpenses": 30980000, "sellingGeneralAndAdministrativeExpenses": 57022000, "otherExpenses": 0, "operatingExpenses": 117852000, "costAndExpenses": 138978000, "interestIncome": 1244000, "interestExpense": 9000, "depreciationAndAmortization": 6342000, "ebitda": -4146000, "ebitdaratio": -0.032495219, "operatingIncome": -11390000, "operatingIncomeRatio": -0.0892717183, "totalOtherIncomeExpensesNet": 893000, "incomeBeforeTax": -10497000, "incomeBeforeTaxRatio": -0.0822726275, "incomeTaxExpense": -5795000, "netIncome": -4702000, "netIncomeRatio": -0.0368529956, "eps": -0.02, "epsdiluted": -0.02, "weightedAverageShsOut": 214276000, "weightedAverageShsOutDil": 214505000, "link": "https://www.sec.gov/Archives/edgar/data/1650372/000165037216000018/0001650372-16-000018-index.htm", "finalLink": "https://www.sec.gov/Archives/edgar/data/1650372/000165037216000018/a20-f06302016.htm"}, {"date": "2016-03-31", "symbol": "TEAM", "reportedCurrency": "USD", "cik": "0001650372", "fillingDate": "2016-05-12", "acceptedDate": "2016-05-12 09:23:09", "calendarYear": "2016", "period": "Q3", "revenue": 117942000, "costOfRevenue": 19764000, "grossProfit": 98178000, "grossProfitRatio": 0.8324261077, "researchAndDevelopmentExpenses": 54170000, "generalAndAdministrativeExpenses": 24507000, "sellingAndMarketingExpenses": 24436000, "sellingGeneralAndAdministrativeExpenses": 48943000, "otherExpenses": 0, "operatingExpenses": 103113000, "costAndExpenses": 122877000, "interestIncome": 703000, "interestExpense": 5000, "depreciationAndAmortization": 5678000, "ebitda": 1500000, "ebitdaratio": 0.0127181157, "operatingIncome": -4935000, "operatingIncomeRatio": -0.0418426006, "totalOtherIncomeExpensesNet": 752000, "incomeBeforeTax": -4183000, "incomeBeforeTaxRatio": -0.0354665853, "incomeTaxExpense": -3111000, "netIncome": -1072000, "netIncomeRatio": -0.0090892133, "eps": -0.01, "epsdiluted": -0.01, "weightedAverageShsOut": 212920000, "weightedAverageShsOutDil": 212920000, "link": "https://www.sec.gov/Archives/edgar/data/1650372/000165037216000012/0001650372-16-000012-index.htm", "finalLink": "https://www.sec.gov/Archives/edgar/data/1650372/000165037216000012/0001650372-16-000012.txt"}, {"date": "2015-12-31", "symbol": "TEAM", "reportedCurrency": "USD", "cik": "0001650372", "fillingDate": "2016-02-10", "acceptedDate": "2016-02-10 17:24:00", "calendarYear": "2016", "period": "Q2", "revenue": 109706000, "costOfRevenue": 18473000, "grossProfit": 91233000, "grossProfitRatio": 0.8316135854, "researchAndDevelopmentExpenses": 47846000, "generalAndAdministrativeExpenses": 18307000, "sellingAndMarketingExpenses": 21713000, "sellingGeneralAndAdministrativeExpenses": 40020000, "otherExpenses": 0, "operatingExpenses": 87866000, "costAndExpenses": 106339000, "interestIncome": 123000, "interestExpense": 49000, "depreciationAndAmortization": 5372000, "ebitda": 8681000, "ebitdaratio": 0.0791296739, "operatingIncome": 3367000, "operatingIncomeRatio": 0.0306911199, "totalOtherIncomeExpensesNet": -107000, "incomeBeforeTax": 3260000, "incomeBeforeTaxRatio": 0.0297157858, "incomeTaxExpense": -1805000, "netIncome": 5065000, "netIncomeRatio": 0.0461688513, "eps": 0.03, "epsdiluted": 0.03, "weightedAverageShsOut": 160328000, "weightedAverageShsOutDil": 165730000, "link": "https://www.sec.gov/Archives/edgar/data/1650372/000165037216000006/0001650372-16-000006-index.htm", "finalLink": "https://www.sec.gov/Archives/edgar/data/1650372/000165037216000006/0001650372-16-000006.txt"}, {"date": "2015-09-30", "symbol": "TEAM", "reportedCurrency": "USD", "cik": "0001650372", "fillingDate": "2015-09-30", "acceptedDate": "2015-09-29 20:00:00", "calendarYear": "2016", "period": "Q1", "revenue": 101822000, "costOfRevenue": 16420000, "grossProfit": 85402000, "grossProfitRatio": 0.8387381902, "researchAndDevelopmentExpenses": 45460000, "generalAndAdministrativeExpenses": 16602000, "sellingAndMarketingExpenses": 16262000, "sellingGeneralAndAdministrativeExpenses": 32864000, "otherExpenses": 0, "operatingExpenses": 78324000, "costAndExpenses": 94744000, "interestIncome": 46000, "interestExpense": 8000, "depreciationAndAmortization": 4534000, "ebitda": 11055000, "ebitdaratio": 0.1085718214, "operatingIncome": 7078000, "operatingIncomeRatio": 0.0695134647, "totalOtherIncomeExpensesNet": -565000, "incomeBeforeTax": 6513000, "incomeBeforeTaxRatio": 0.0639645656, "incomeTaxExpense": 1431000, "netIncome": 5082000, "netIncomeRatio": 0.0499106284, "eps": 0.0326, "epsdiluted": 0.0326, "weightedAverageShsOut": 155803022, "weightedAverageShsOutDil": 155803022, "link": "", "finalLink": ""}, {"date": "2015-06-30", "symbol": "TEAM", "reportedCurrency": "USD", "cik": "0001650372", "fillingDate": "2015-06-30", "acceptedDate": "2015-06-29 20:00:00", "calendarYear": "2015", "period": "Q4", "revenue": 91810000, "costOfRevenue": 15264000, "grossProfit": 76546000, "grossProfitRatio": 0.8337436009, "researchAndDevelopmentExpenses": 43175000, "generalAndAdministrativeExpenses": 18779000, "sellingAndMarketingExpenses": 19231000, "sellingGeneralAndAdministrativeExpenses": 38010000, "otherExpenses": 0, "operatingExpenses": 81185000, "costAndExpenses": 96449000, "interestIncome": 50000, "interestExpense": 10000, "depreciationAndAmortization": 4559000, "ebitda": 2046000, "ebitdaratio": 0.0222851541, "operatingIncome": -4639000, "operatingIncomeRatio": -0.0505282649, "totalOtherIncomeExpensesNet": 2116000, "incomeBeforeTax": -2523000, "incomeBeforeTaxRatio": -0.0274806666, "incomeTaxExpense": -1352000, "netIncome": -1171000, "netIncomeRatio": -0.0127546019, "eps": 0, "epsdiluted": 0, "weightedAverageShsOut": 208675129, "weightedAverageShsOutDil": 208675129, "link": "", "finalLink": ""}, {"date": "2015-03-31", "symbol": "TEAM", "reportedCurrency": "USD", "cik": "0001650372", "fillingDate": "2015-03-31", "acceptedDate": "2015-03-30 20:00:00", "calendarYear": "2015", "period": "Q3", "revenue": 83963000, "costOfRevenue": 13468000, "grossProfit": 70495000, "grossProfitRatio": 0.8395960125, "researchAndDevelopmentExpenses": 36910000, "generalAndAdministrativeExpenses": 15310000, "sellingAndMarketingExpenses": 19773000, "sellingGeneralAndAdministrativeExpenses": 35083000, "otherExpenses": 0, "operatingExpenses": 71993000, "costAndExpenses": 85461000, "interestIncome": 22000, "interestExpense": 32000, "depreciationAndAmortization": 3813000, "ebitda": 1070000, "ebitdaratio": 0.0127437085, "operatingIncome": -1498000, "operatingIncomeRatio": -0.017841192, "totalOtherIncomeExpensesNet": -1277000, "incomeBeforeTax": -2775000, "incomeBeforeTaxRatio": -0.0330502721, "incomeTaxExpense": -2127000, "netIncome": -648000, "netIncomeRatio": -0.0077176852, "eps": -0.0031, "epsdiluted": -0.0031, "weightedAverageShsOut": 208675129, "weightedAverageShsOutDil": 208675129, "link": "", "finalLink": ""}, {"date": "2014-12-31", "symbol": "TEAM", "reportedCurrency": "USD", "cik": "0001650372", "fillingDate": "2014-12-31", "acceptedDate": "2014-12-30 19:00:00", "calendarYear": "2015", "period": "Q2", "revenue": 75826000, "costOfRevenue": 12354000, "grossProfit": 63472000, "grossProfitRatio": 0.8370743544, "researchAndDevelopmentExpenses": 31543000, "generalAndAdministrativeExpenses": 10821000, "sellingAndMarketingExpenses": 16988000, "sellingGeneralAndAdministrativeExpenses": 27809000, "otherExpenses": 0, "operatingExpenses": 59352000, "costAndExpenses": 71706000, "interestIncome": 81000, "interestExpense": 16000, "depreciationAndAmortization": 3551000, "ebitda": 6844000, "ebitdaratio": 0.0902592778, "operatingIncome": 4120000, "operatingIncomeRatio": 0.0543349247, "totalOtherIncomeExpensesNet": -843000, "incomeBeforeTax": 3277000, "incomeBeforeTaxRatio": 0.0432173661, "incomeTaxExpense": -1734000, "netIncome": 5011000, "netIncomeRatio": 0.0660855116, "eps": 0.024, "epsdiluted": 0.024, "weightedAverageShsOut": 208675129, "weightedAverageShsOutDil": 208675129, "link": "", "finalLink": ""}, {"date": "2014-09-30", "symbol": "TEAM", "reportedCurrency": "USD", "cik": "0001650372", "fillingDate": "2014-09-30", "acceptedDate": "2014-09-30 00:00:00", "calendarYear": "2015", "period": "Q1", "revenue": 67922000, "costOfRevenue": 11846000, "grossProfit": 56076000, "grossProfitRatio": 0.8255940638, "researchAndDevelopmentExpenses": 29225000, "generalAndAdministrativeExpenses": 12758000, "sellingAndMarketingExpenses": 11997000, "sellingGeneralAndAdministrativeExpenses": 24755000, "otherExpenses": 0, "operatingExpenses": 53980000, "costAndExpenses": 65826000, "interestIncome": 73000, "interestExpense": 16000, "depreciationAndAmortization": 3588000, "ebitda": 4876000, "ebitdaratio": 0.0717882277, "operatingIncome": 2096000, "operatingIncomeRatio": 0.0308589264, "totalOtherIncomeExpensesNet": -824000, "incomeBeforeTax": 1272000, "incomeBeforeTaxRatio": 0.0187273637, "incomeTaxExpense": -2311000, "netIncome": 3583000, "netIncomeRatio": 0.0527516858, "eps": 0.0172, "epsdiluted": 0.0172, "weightedAverageShsOut": 208675129, "weightedAverageShsOutDil": 208675129, "link": "", "finalLink": ""}, {"date": "2014-06-30", "symbol": "TEAM", "reportedCurrency": "USD", "cik": "0001650372", "fillingDate": "2014-06-30", "acceptedDate": "2014-06-29 20:00:00", "calendarYear": "2014", "period": "Q4", "revenue": 61685000, "costOfRevenue": 10686000, "grossProfit": 50999000, "grossProfitRatio": 0.8267650158, "researchAndDevelopmentExpenses": 24722000, "generalAndAdministrativeExpenses": 11968000, "sellingAndMarketingExpenses": 11585000, "sellingGeneralAndAdministrativeExpenses": 23553000, "otherExpenses": 0, "operatingExpenses": 48265000, "costAndExpenses": 58951000, "interestIncome": 64000, "interestExpense": 0, "depreciationAndAmortization": 1106750, "ebitda": 3830750, "ebitdaratio": 0.0621018076, "operatingIncome": 2724000, "operatingIncomeRatio": 0.0441598444, "totalOtherIncomeExpensesNet": 74000, "incomeBeforeTax": 2798000, "incomeBeforeTaxRatio": 0.0453594877, "incomeTaxExpense": 1264000, "netIncome": 4062000, "netIncomeRatio": 0.065850693, "eps": 0.019, "epsdiluted": 0.019, "weightedAverageShsOut": 208675129, "weightedAverageShsOutDil": 208675129, "link": null, "finalLink": null}]