[{"date": "2025-06-30", "symbol": "MEDP", "reportedCurrency": "USD", "cik": "0001668397", "fillingDate": "2025-07-22", "acceptedDate": "2025-07-22 16:07:17", "calendarYear": "2025", "period": "Q2", "revenue": 603311000, "costOfRevenue": 423298000, "grossProfit": 180013000, "grossProfitRatio": 0.2983751332, "researchAndDevelopmentExpenses": 0, "generalAndAdministrativeExpenses": 0, "sellingAndMarketingExpenses": 0, "sellingGeneralAndAdministrativeExpenses": 46664000, "otherExpenses": 7014000, "operatingExpenses": 53678000, "costAndExpenses": 476976000, "interestIncome": 1078000, "interestExpense": 0, "depreciationAndAmortization": -6930000, "ebitda": 117608000, "ebitdaratio": 0.1949376027, "operatingIncome": 126335000, "operatingIncomeRatio": 0.209402779, "totalOtherIncomeExpensesNet": -1797000, "incomeBeforeTax": 124538000, "incomeBeforeTaxRatio": 0.2064242157, "incomeTaxExpense": 34278000, "netIncome": 90260000, "netIncomeRatio": 0.1496077479, "eps": 3.16, "epsdiluted": 3.1, "weightedAverageShsOut": 29489000, "weightedAverageShsOutDil": 30165000, "link": "https://www.sec.gov/Archives/edgar/data/1668397/000166839725000087/0001668397-25-000087-index.htm", "finalLink": "https://www.sec.gov/Archives/edgar/data/1668397/000166839725000087/medp-20250630.htm"}, {"date": "2025-03-31", "symbol": "MEDP", "reportedCurrency": "USD", "cik": "0001668397", "fillingDate": "2025-04-22", "acceptedDate": "2025-04-22 16:02:48", "calendarYear": "2025", "period": "Q1", "revenue": 558570000, "costOfRevenue": 380220000, "grossProfit": 178350000, "grossProfitRatio": 0.3192974918, "researchAndDevelopmentExpenses": 0, "generalAndAdministrativeExpenses": 0, "sellingAndMarketingExpenses": 0, "sellingGeneralAndAdministrativeExpenses": 57897000, "otherExpenses": 6930000, "operatingExpenses": 64827000, "costAndExpenses": 445047000, "interestIncome": 6463000, "interestExpense": 0, "depreciationAndAmortization": 6930000, "ebitda": 120453000, "ebitdaratio": 0.2156453086, "operatingIncome": 113523000, "operatingIncomeRatio": 0.2032386272, "totalOtherIncomeExpensesNet": 4647000, "incomeBeforeTax": 118170000, "incomeBeforeTaxRatio": 0.2115580858, "incomeTaxExpense": 3575000, "netIncome": 114595000, "netIncomeRatio": 0.2051578137, "eps": 3.77, "epsdiluted": 3.67, "weightedAverageShsOut": 30387000, "weightedAverageShsOutDil": 31196000, "link": "https://www.sec.gov/Archives/edgar/data/1668397/000166839725000059/0001668397-25-000059-index.htm", "finalLink": "https://www.sec.gov/Archives/edgar/data/1668397/000166839725000059/medp-20250331.htm"}, {"date": "2024-12-31", "symbol": "MEDP", "reportedCurrency": "USD", "cik": "0001668397", "fillingDate": "2025-02-11", "acceptedDate": "2025-02-11 16:03:10", "calendarYear": "2024", "period": "Q4", "revenue": 536589000, "costOfRevenue": 358272000, "grossProfit": 178317000, "grossProfitRatio": 0.3323157948, "researchAndDevelopmentExpenses": 0, "generalAndAdministrativeExpenses": 43933000, "sellingAndMarketingExpenses": 1500000, "sellingGeneralAndAdministrativeExpenses": 45433000, "otherExpenses": 7506000, "operatingExpenses": 52939000, "costAndExpenses": 411211000, "interestIncome": 7883000, "interestExpense": 0, "depreciationAndAmortization": 7506000, "ebitda": 132884000, "ebitdaratio": 0.2476457773, "operatingIncome": 125378000, "operatingIncomeRatio": 0.2336574175, "totalOtherIncomeExpensesNet": 8504000, "incomeBeforeTax": 133882000, "incomeBeforeTaxRatio": 0.2495056738, "incomeTaxExpense": 16864000, "netIncome": 117018000, "netIncomeRatio": 0.218077523, "eps": 3.78, "epsdiluted": 3.67, "weightedAverageShsOut": 30945000, "weightedAverageShsOutDil": 32014000, "link": "https://www.sec.gov/Archives/edgar/data/1668397/000166839725000017/0001668397-25-000017-index.htm", "finalLink": "https://www.sec.gov/Archives/edgar/data/1668397/000166839725000017/medp-20241231.htm"}, {"date": "2024-09-30", "symbol": "MEDP", "reportedCurrency": "USD", "cik": "0001668397", "fillingDate": "2024-10-22", "acceptedDate": "2024-10-22 16:02:53", "calendarYear": "2024", "period": "Q3", "revenue": 533317000, "costOfRevenue": 364309000, "grossProfit": 169008000, "grossProfitRatio": 0.3168997051, "researchAndDevelopmentExpenses": 0, "generalAndAdministrativeExpenses": 0, "sellingAndMarketingExpenses": 0, "sellingGeneralAndAdministrativeExpenses": 49217000, "otherExpenses": 7518000, "operatingExpenses": 56735000, "costAndExpenses": 421044000, "interestIncome": 7528000, "interestExpense": 0, "depreciationAndAmortization": 7518000, "ebitda": 119791000, "ebitdaratio": 0.2246150038, "operatingIncome": 112273000, "operatingIncomeRatio": 0.2105183221, "totalOtherIncomeExpensesNet": 6503000, "incomeBeforeTax": 118776000, "incomeBeforeTaxRatio": 0.2227118205, "incomeTaxExpense": 22350000, "netIncome": 96426000, "netIncomeRatio": 0.1808042871, "eps": 3.11, "epsdiluted": 3.01, "weightedAverageShsOut": 31047000, "weightedAverageShsOutDil": 32088000, "link": "https://www.sec.gov/Archives/edgar/data/1668397/000166839724000168/0001668397-24-000168-index.htm", "finalLink": "https://www.sec.gov/Archives/edgar/data/1668397/000166839724000168/medp-20240930.htm"}, {"date": "2024-06-30", "symbol": "MEDP", "reportedCurrency": "USD", "cik": "0001668397", "fillingDate": "2024-07-23", "acceptedDate": "2024-07-23 16:03:54", "calendarYear": "2024", "period": "Q2", "revenue": 528104000, "costOfRevenue": 374266000, "grossProfit": 153838000, "grossProfitRatio": 0.2913024707, "researchAndDevelopmentExpenses": 0, "generalAndAdministrativeExpenses": 0, "sellingAndMarketingExpenses": 0, "sellingGeneralAndAdministrativeExpenses": 41453000, "otherExpenses": 7235000, "operatingExpenses": 48688000, "costAndExpenses": 422954000, "interestIncome": 5465000, "interestExpense": 0, "depreciationAndAmortization": 7235000, "ebitda": 112385000, "ebitdaratio": 0.212808462, "operatingIncome": 105150000, "operatingIncomeRatio": 0.1991085089, "totalOtherIncomeExpensesNet": 5332000, "incomeBeforeTax": 110482000, "incomeBeforeTaxRatio": 0.2092050051, "incomeTaxExpense": 22131000, "netIncome": 88351000, "netIncomeRatio": 0.1672984867, "eps": 2.85, "epsdiluted": 2.75, "weightedAverageShsOut": 30990000, "weightedAverageShsOutDil": 32086000, "link": "https://www.sec.gov/Archives/edgar/data/1668397/000166839724000143/0001668397-24-000143-index.htm", "finalLink": "https://www.sec.gov/Archives/edgar/data/1668397/000166839724000143/medp-20240630.htm"}, {"date": "2024-03-31", "symbol": "MEDP", "reportedCurrency": "USD", "cik": "0001668397", "fillingDate": "2024-04-23", "acceptedDate": "2024-04-23 16:02:32", "calendarYear": "2024", "period": "Q1", "revenue": 511044000, "costOfRevenue": 355902000, "grossProfit": 155142000, "grossProfitRatio": 0.3035785568, "researchAndDevelopmentExpenses": 0, "generalAndAdministrativeExpenses": 0, "sellingAndMarketingExpenses": 0, "sellingGeneralAndAdministrativeExpenses": 44081000, "otherExpenses": 6992000, "operatingExpenses": 51073000, "costAndExpenses": 406975000, "interestIncome": 4120000, "interestExpense": 0, "depreciationAndAmortization": 6992000, "ebitda": 111061000, "ebitdaratio": 0.2173217962, "operatingIncome": 104069000, "operatingIncomeRatio": 0.2036399997, "totalOtherIncomeExpensesNet": 8713000, "incomeBeforeTax": 112782000, "incomeBeforeTaxRatio": 0.2206894123, "incomeTaxExpense": 10191000, "netIncome": 102591000, "netIncomeRatio": 0.2007478808, "eps": 3.32, "epsdiluted": 3.2, "weightedAverageShsOut": 30843000, "weightedAverageShsOutDil": 32001000, "link": "https://www.sec.gov/Archives/edgar/data/1668397/000166839724000091/0001668397-24-000091-index.htm", "finalLink": "https://www.sec.gov/Archives/edgar/data/1668397/000166839724000091/medp-20240331.htm"}, {"date": "2023-12-31", "symbol": "MEDP", "reportedCurrency": "USD", "cik": "0001668397", "fillingDate": "2024-02-12", "acceptedDate": "2024-02-12 16:15:53", "calendarYear": "2023", "period": "Q4", "revenue": 498401000, "costOfRevenue": 361595000, "grossProfit": 136806000, "grossProfitRatio": 0.2744898184, "researchAndDevelopmentExpenses": 0, "generalAndAdministrativeExpenses": 0, "sellingAndMarketingExpenses": 0, "sellingGeneralAndAdministrativeExpenses": 42514000, "otherExpenses": 6972000, "operatingExpenses": 49486000, "costAndExpenses": 411081000, "interestIncome": 1844000, "interestExpense": 0, "depreciationAndAmortization": 6972000, "ebitda": 96490000, "ebitdaratio": 0.19359913, "operatingIncome": 87320000, "operatingIncomeRatio": 0.1752002905, "totalOtherIncomeExpensesNet": 3387000, "incomeBeforeTax": 90707000, "incomeBeforeTaxRatio": 0.1819960233, "incomeTaxExpense": 12409000, "netIncome": 78298000, "netIncomeRatio": 0.1570984007, "eps": 2.55, "epsdiluted": 2.46, "weightedAverageShsOut": 30719000, "weightedAverageShsOutDil": 31825000, "link": "https://www.sec.gov/Archives/edgar/data/1668397/000166839724000013/0001668397-24-000013-index.htm", "finalLink": "https://www.sec.gov/Archives/edgar/data/1668397/000166839724000013/medp-20231231.htm"}, {"date": "2023-09-30", "symbol": "MEDP", "reportedCurrency": "USD", "cik": "0001668397", "fillingDate": "2023-10-24", "acceptedDate": "2023-10-24 16:02:38", "calendarYear": "2023", "period": "Q3", "revenue": 492499000, "costOfRevenue": 359306000, "grossProfit": 133193000, "grossProfitRatio": 0.2704431887, "researchAndDevelopmentExpenses": 0, "generalAndAdministrativeExpenses": 0, "sellingAndMarketingExpenses": 0, "sellingGeneralAndAdministrativeExpenses": 41407000, "otherExpenses": 6878000, "operatingExpenses": 48285000, "costAndExpenses": 407591000, "interestIncome": 0, "interestExpense": 105000, "depreciationAndAmortization": 6878000, "ebitda": 91786000, "ebitdaratio": 0.1863678911, "operatingIncome": 84908000, "operatingIncomeRatio": 0.1724023805, "totalOtherIncomeExpensesNet": -1707000, "incomeBeforeTax": 83201000, "incomeBeforeTaxRatio": 0.1689363836, "incomeTaxExpense": 12651000, "netIncome": 70550000, "netIncomeRatio": 0.1432490218, "eps": 2.3, "epsdiluted": 2.22, "weightedAverageShsOut": 30629000, "weightedAverageShsOutDil": 31762000, "link": "https://www.sec.gov/Archives/edgar/data/1668397/000166839723000048/0001668397-23-000048-index.htm", "finalLink": "https://www.sec.gov/Archives/edgar/data/1668397/000166839723000048/medp-20230930.htm"}, {"date": "2023-06-30", "symbol": "MEDP", "reportedCurrency": "USD", "cik": "0001668397", "fillingDate": "2023-07-25", "acceptedDate": "2023-07-25 16:02:37", "calendarYear": "2023", "period": "Q2", "revenue": 460868000, "costOfRevenue": 336551000, "grossProfit": 124317000, "grossProfitRatio": 0.2697453501, "researchAndDevelopmentExpenses": 0, "generalAndAdministrativeExpenses": 0, "sellingAndMarketingExpenses": 0, "sellingGeneralAndAdministrativeExpenses": 39404000, "otherExpenses": 6520000, "operatingExpenses": 45924000, "costAndExpenses": 382475000, "interestIncome": 0, "interestExpense": 1366000, "depreciationAndAmortization": 6520000, "ebitda": 84913000, "ebitdaratio": 0.1842458144, "operatingIncome": 78393000, "operatingIncomeRatio": 0.1700985966, "totalOtherIncomeExpensesNet": -2649000, "incomeBeforeTax": 75744000, "incomeBeforeTaxRatio": 0.1643507469, "incomeTaxExpense": 14676000, "netIncome": 61068000, "netIncomeRatio": 0.1325064878, "eps": 2, "epsdiluted": 1.93, "weightedAverageShsOut": 30537000, "weightedAverageShsOutDil": 31575000, "link": "https://www.sec.gov/Archives/edgar/data/1668397/000166839723000043/0001668397-23-000043-index.htm", "finalLink": "https://www.sec.gov/Archives/edgar/data/1668397/000166839723000043/medp-20230630.htm"}, {"date": "2023-03-31", "symbol": "MEDP", "reportedCurrency": "USD", "cik": "0001668397", "fillingDate": "2023-04-25", "acceptedDate": "2023-04-25 16:03:36", "calendarYear": "2023", "period": "Q1", "revenue": 434074000, "costOfRevenue": 303885000, "grossProfit": 130189000, "grossProfitRatio": 0.2999235153, "researchAndDevelopmentExpenses": 0, "generalAndAdministrativeExpenses": 0, "sellingAndMarketingExpenses": 0, "sellingGeneralAndAdministrativeExpenses": 38027000, "otherExpenses": 5958000, "operatingExpenses": 43985000, "costAndExpenses": 347870000, "interestIncome": 0, "interestExpense": 0, "depreciationAndAmortization": 5958000, "ebitda": 92162000, "ebitdaratio": 0.2123186369, "operatingIncome": 86204000, "operatingIncomeRatio": 0.1985928667, "totalOtherIncomeExpensesNet": -174000, "incomeBeforeTax": 86030000, "incomeBeforeTaxRatio": 0.1981920133, "incomeTaxExpense": 13136000, "netIncome": 72894000, "netIncomeRatio": 0.1679298921, "eps": 2.35, "epsdiluted": 2.27, "weightedAverageShsOut": 31008000, "weightedAverageShsOutDil": 32155000, "link": "https://www.sec.gov/Archives/edgar/data/1668397/000166839723000033/0001668397-23-000033-index.htm", "finalLink": "https://www.sec.gov/Archives/edgar/data/1668397/000166839723000033/medp-20230331.htm"}, {"date": "2022-12-31", "symbol": "MEDP", "reportedCurrency": "USD", "cik": "0001668397", "fillingDate": "2022-12-31", "acceptedDate": "2022-12-31 00:00:00", "calendarYear": "2022", "period": "Q4", "revenue": 394098000, "costOfRevenue": 278367000, "grossProfit": 115731000, "grossProfitRatio": 0.2936604601, "researchAndDevelopmentExpenses": 0, "generalAndAdministrativeExpenses": 0, "sellingAndMarketingExpenses": 0, "sellingGeneralAndAdministrativeExpenses": 33401000, "otherExpenses": 5899000, "operatingExpenses": 39300000, "costAndExpenses": 317667000, "interestIncome": 0, "interestExpense": 0, "depreciationAndAmortization": 5899000, "ebitda": 73303000, "ebitdaratio": 0.1860019589, "operatingIncome": 76431000, "operatingIncomeRatio": 0.193939071, "totalOtherIncomeExpensesNet": -2786000, "incomeBeforeTax": 73645000, "incomeBeforeTaxRatio": 0.1868697634, "incomeTaxExpense": 4975000, "netIncome": 68670000, "netIncomeRatio": 0.1742459997, "eps": 2.2, "epsdiluted": 2.11, "weightedAverageShsOut": 31192000, "weightedAverageShsOutDil": 32423000, "link": null, "finalLink": null}, {"date": "2022-09-30", "symbol": "MEDP", "reportedCurrency": "USD", "cik": "0001668397", "fillingDate": "2022-10-25", "acceptedDate": "2022-10-25 16:13:02", "calendarYear": "2022", "period": "Q3", "revenue": 383744000, "costOfRevenue": 264710000, "grossProfit": 119034000, "grossProfitRatio": 0.3101911691, "researchAndDevelopmentExpenses": 0, "generalAndAdministrativeExpenses": 0, "sellingAndMarketingExpenses": 0, "sellingGeneralAndAdministrativeExpenses": 35418000, "otherExpenses": 5789000, "operatingExpenses": 41207000, "costAndExpenses": 305917000, "interestIncome": 0, "interestExpense": 1584000, "depreciationAndAmortization": 5789000, "ebitda": 89265000, "ebitdaratio": 0.2326160148, "operatingIncome": 77827000, "operatingIncomeRatio": 0.2028096856, "totalOtherIncomeExpensesNet": 4065000, "incomeBeforeTax": 81892000, "incomeBeforeTaxRatio": 0.2134026851, "incomeTaxExpense": 15865000, "netIncome": 66027000, "netIncomeRatio": 0.1720600192, "eps": 2.13, "epsdiluted": 2.05, "weightedAverageShsOut": 31009000, "weightedAverageShsOutDil": 32253000, "link": "https://www.sec.gov/Archives/edgar/data/1668397/000166839722000009/0001668397-22-000009-index.htm", "finalLink": "https://www.sec.gov/Archives/edgar/data/1668397/000166839722000009/medp-20220930.htm"}, {"date": "2022-06-30", "symbol": "MEDP", "reportedCurrency": "USD", "cik": "0001668397", "fillingDate": "2022-07-26", "acceptedDate": "2022-07-26 16:06:11", "calendarYear": "2022", "period": "Q2", "revenue": 351207000, "costOfRevenue": 252211000, "grossProfit": 98996000, "grossProfitRatio": 0.2818736529, "researchAndDevelopmentExpenses": 0, "generalAndAdministrativeExpenses": 0, "sellingAndMarketingExpenses": 0, "sellingGeneralAndAdministrativeExpenses": 33215000, "otherExpenses": 5545000, "operatingExpenses": 38760000, "costAndExpenses": 290971000, "interestIncome": 0, "interestExpense": 548000, "depreciationAndAmortization": 5545000, "ebitda": 68092000, "ebitdaratio": 0.1938799625, "operatingIncome": 60236000, "operatingIncomeRatio": 0.1715113879, "totalOtherIncomeExpensesNet": 1763000, "incomeBeforeTax": 61999000, "incomeBeforeTaxRatio": 0.1765312195, "incomeTaxExpense": 12639000, "netIncome": 49360000, "netIncomeRatio": 0.1405438958, "eps": 1.52, "epsdiluted": 1.46, "weightedAverageShsOut": 32493000, "weightedAverageShsOutDil": 33695000, "link": "https://www.sec.gov/Archives/edgar/data/1668397/000095017022013080/0000950170-22-013080-index.htm", "finalLink": "https://www.sec.gov/Archives/edgar/data/1668397/000095017022013080/medp-20220630.htm"}, {"date": "2022-03-31", "symbol": "MEDP", "reportedCurrency": "USD", "cik": "0001668397", "fillingDate": "2022-04-26", "acceptedDate": "2022-04-26 16:06:11", "calendarYear": "2022", "period": "Q1", "revenue": 330947000, "costOfRevenue": 232270000, "grossProfit": 98677000, "grossProfitRatio": 0.2981655673, "researchAndDevelopmentExpenses": 0, "generalAndAdministrativeExpenses": 0, "sellingAndMarketingExpenses": 0, "sellingGeneralAndAdministrativeExpenses": 29366000, "otherExpenses": 5108000, "operatingExpenses": 34474000, "costAndExpenses": 266744000, "interestIncome": 54000, "interestExpense": 0, "depreciationAndAmortization": 5108000, "ebitda": 69311000, "ebitdaratio": 0.209432326, "operatingIncome": 64203000, "operatingIncomeRatio": 0.1939978305, "totalOtherIncomeExpensesNet": 1121000, "incomeBeforeTax": 65324000, "incomeBeforeTaxRatio": 0.1973850798, "incomeTaxExpense": 4013000, "netIncome": 61311000, "netIncomeRatio": 0.1852592711, "eps": 1.75, "epsdiluted": 1.69, "weightedAverageShsOut": 34918000, "weightedAverageShsOutDil": 36364000, "link": "https://www.sec.gov/Archives/edgar/data/1668397/000095017022006201/0000950170-22-006201-index.htm", "finalLink": "https://www.sec.gov/Archives/edgar/data/1668397/000095017022006201/medp-20220331.htm"}, {"date": "2021-12-31", "symbol": "MEDP", "reportedCurrency": "USD", "cik": "0001668397", "fillingDate": "2022-02-15", "acceptedDate": "2022-02-15 16:06:17", "calendarYear": "2021", "period": "Q4", "revenue": 308552000, "costOfRevenue": 220568000, "grossProfit": 87984000, "grossProfitRatio": 0.2851512873, "researchAndDevelopmentExpenses": 0, "generalAndAdministrativeExpenses": 0, "sellingAndMarketingExpenses": 0, "sellingGeneralAndAdministrativeExpenses": 27664000, "otherExpenses": 5465000, "operatingExpenses": 33129000, "costAndExpenses": 253697000, "interestIncome": 0, "interestExpense": 0, "depreciationAndAmortization": 5465000, "ebitda": 60320000, "ebitdaratio": 0.1954937903, "operatingIncome": 54855000, "operatingIncomeRatio": 0.177782027, "totalOtherIncomeExpensesNet": 1066000, "incomeBeforeTax": 55921000, "incomeBeforeTaxRatio": 0.1812368742, "incomeTaxExpense": 5887000, "netIncome": 50034000, "netIncomeRatio": 0.1621574321, "eps": 1.39, "epsdiluted": 1.32, "weightedAverageShsOut": 35979000, "weightedAverageShsOutDil": 37741000, "link": "https://www.sec.gov/Archives/edgar/data/1668397/000095017022001280/0000950170-22-001280-index.htm", "finalLink": "https://www.sec.gov/Archives/edgar/data/1668397/000095017022001280/medp-20211231.htm"}, {"date": "2021-09-30", "symbol": "MEDP", "reportedCurrency": "USD", "cik": "0001668397", "fillingDate": "2021-10-26", "acceptedDate": "2021-10-26 16:06:41", "calendarYear": "2021", "period": "Q3", "revenue": 295567000, "costOfRevenue": 208474000, "grossProfit": 87093000, "grossProfitRatio": 0.294664154, "researchAndDevelopmentExpenses": 0, "generalAndAdministrativeExpenses": 0, "sellingAndMarketingExpenses": 0, "sellingGeneralAndAdministrativeExpenses": 28046000, "otherExpenses": 5334000, "operatingExpenses": 33380000, "costAndExpenses": 241854000, "interestIncome": 0, "interestExpense": 41000, "depreciationAndAmortization": 5334000, "ebitda": 60111000, "ebitdaratio": 0.2033752077, "operatingIncome": 53713000, "operatingIncomeRatio": 0.1817286774, "totalOtherIncomeExpensesNet": 1023000, "incomeBeforeTax": 54736000, "incomeBeforeTaxRatio": 0.1851898216, "incomeTaxExpense": 6162000, "netIncome": 48574000, "netIncomeRatio": 0.1643417567, "eps": 1.35, "epsdiluted": 1.29, "weightedAverageShsOut": 31009000, "weightedAverageShsOutDil": 32253000, "link": "https://www.sec.gov/Archives/edgar/data/1668397/000095017021002308/0000950170-21-002308-index.htm", "finalLink": "https://www.sec.gov/Archives/edgar/data/1668397/000095017021002308/medp-20210930.htm"}, {"date": "2021-06-30", "symbol": "MEDP", "reportedCurrency": "USD", "cik": "0001668397", "fillingDate": "2021-07-27", "acceptedDate": "2021-07-27 16:40:08", "calendarYear": "2021", "period": "Q2", "revenue": 278293000, "costOfRevenue": 203642000, "grossProfit": 74651000, "grossProfitRatio": 0.2682460572, "researchAndDevelopmentExpenses": 0, "generalAndAdministrativeExpenses": 0, "sellingAndMarketingExpenses": 0, "sellingGeneralAndAdministrativeExpenses": 26973000, "otherExpenses": 5230000, "operatingExpenses": 32203000, "costAndExpenses": 235845000, "interestIncome": 0, "interestExpense": 27000, "depreciationAndAmortization": 5230000, "ebitda": 47943000, "ebitdaratio": 0.1722752638, "operatingIncome": 42448000, "operatingIncomeRatio": 0.1525298876, "totalOtherIncomeExpensesNet": 238000, "incomeBeforeTax": 42686000, "incomeBeforeTaxRatio": 0.1533851013, "incomeTaxExpense": 2752000, "netIncome": 39934000, "netIncomeRatio": 0.1434962432, "eps": 1.11, "epsdiluted": 1.06, "weightedAverageShsOut": 35894000, "weightedAverageShsOutDil": 37714000, "link": "https://www.sec.gov/Archives/edgar/data/1668397/000156459021038287/0001564590-21-038287-index.htm", "finalLink": "https://www.sec.gov/Archives/edgar/data/1668397/000156459021038287/medp-10q_20210630.htm"}, {"date": "2021-03-31", "symbol": "MEDP", "reportedCurrency": "USD", "cik": "0001668397", "fillingDate": "2021-04-27", "acceptedDate": "2021-04-27 16:05:53", "calendarYear": "2021", "period": "Q1", "revenue": 259965000, "costOfRevenue": 181538000, "grossProfit": 78427000, "grossProfitRatio": 0.3016829189, "researchAndDevelopmentExpenses": 0, "generalAndAdministrativeExpenses": 0, "sellingAndMarketingExpenses": 0, "sellingGeneralAndAdministrativeExpenses": 25738000, "otherExpenses": 5090000, "operatingExpenses": 30828000, "costAndExpenses": 212366000, "interestIncome": 0, "interestExpense": 0, "depreciationAndAmortization": 5090000, "ebitda": 52689000, "ebitdaratio": 0.2026772835, "operatingIncome": 47599000, "operatingIncomeRatio": 0.1830977247, "totalOtherIncomeExpensesNet": 910000, "incomeBeforeTax": 48509000, "incomeBeforeTaxRatio": 0.1865981959, "incomeTaxExpense": 5203000, "netIncome": 43306000, "netIncomeRatio": 0.1665839632, "eps": 1.21, "epsdiluted": 1.14, "weightedAverageShsOut": 35753000, "weightedAverageShsOutDil": 37749000, "link": "https://www.sec.gov/Archives/edgar/data/1668397/000156459021020883/0001564590-21-020883-index.htm", "finalLink": "https://www.sec.gov/Archives/edgar/data/1668397/000156459021020883/medp-10q_20210331.htm"}, {"date": "2020-12-31", "symbol": "MEDP", "reportedCurrency": "USD", "cik": "0001668397", "fillingDate": "2021-02-16", "acceptedDate": "2021-02-16 16:11:26", "calendarYear": "2020", "period": "Q4", "revenue": 259678000, "costOfRevenue": 176826000, "grossProfit": 82852000, "grossProfitRatio": 0.3190566779, "researchAndDevelopmentExpenses": 0, "generalAndAdministrativeExpenses": 0, "sellingAndMarketingExpenses": 0, "sellingGeneralAndAdministrativeExpenses": 22381000, "otherExpenses": 5483000, "operatingExpenses": 27864000, "costAndExpenses": 204690000, "interestIncome": 0, "interestExpense": 0, "depreciationAndAmortization": 5483000, "ebitda": 60471000, "ebitdaratio": 0.2328691687, "operatingIncome": 54988000, "operatingIncomeRatio": 0.2117545576, "totalOtherIncomeExpensesNet": -286000, "incomeBeforeTax": 54702000, "incomeBeforeTaxRatio": 0.2106531936, "incomeTaxExpense": 3836000, "netIncome": 50866000, "netIncomeRatio": 0.1958810527, "eps": 1.42, "epsdiluted": 1.34, "weightedAverageShsOut": 35578000, "weightedAverageShsOutDil": 37649000, "link": "https://www.sec.gov/Archives/edgar/data/1668397/000156459021006072/0001564590-21-006072-index.htm", "finalLink": "https://www.sec.gov/Archives/edgar/data/1668397/000156459021006072/medp-10k_20201231.htm"}, {"date": "2020-09-30", "symbol": "MEDP", "reportedCurrency": "USD", "cik": "0001668397", "fillingDate": "2020-10-27", "acceptedDate": "2020-10-27 16:05:48", "calendarYear": "2020", "period": "Q3", "revenue": 230373000, "costOfRevenue": 156214000, "grossProfit": 74159000, "grossProfitRatio": 0.3219083834, "researchAndDevelopmentExpenses": 0, "generalAndAdministrativeExpenses": 0, "sellingAndMarketingExpenses": 0, "sellingGeneralAndAdministrativeExpenses": 22796000, "otherExpenses": 4941000, "operatingExpenses": 27737000, "costAndExpenses": 183951000, "interestIncome": 0, "interestExpense": 0, "depreciationAndAmortization": 4941000, "ebitda": 51363000, "ebitdaratio": 0.2229558151, "operatingIncome": 46422000, "operatingIncomeRatio": 0.2015079892, "totalOtherIncomeExpensesNet": 568000, "incomeBeforeTax": 46990000, "incomeBeforeTaxRatio": 0.2039735559, "incomeTaxExpense": 5530000, "netIncome": 41460000, "netIncomeRatio": 0.1799690068, "eps": 1.16, "epsdiluted": 1.09, "weightedAverageShsOut": 35552000, "weightedAverageShsOutDil": 37763000, "link": "https://www.sec.gov/Archives/edgar/data/1668397/000156459020047972/0001564590-20-047972-index.htm", "finalLink": "https://www.sec.gov/Archives/edgar/data/1668397/000156459020047972/medp-10q_20200930.htm"}, {"date": "2020-06-30", "symbol": "MEDP", "reportedCurrency": "USD", "cik": "0001668397", "fillingDate": "2020-07-28", "acceptedDate": "2020-07-28 16:06:26", "calendarYear": "2020", "period": "Q2", "revenue": 204995000, "costOfRevenue": 148358000, "grossProfit": 56637000, "grossProfitRatio": 0.2762847874, "researchAndDevelopmentExpenses": 0, "generalAndAdministrativeExpenses": 0, "sellingAndMarketingExpenses": 0, "sellingGeneralAndAdministrativeExpenses": 21855000, "otherExpenses": 4654000, "operatingExpenses": 26509000, "costAndExpenses": 174867000, "interestIncome": 0, "interestExpense": 0, "depreciationAndAmortization": 4654000, "ebitda": 34782000, "ebitdaratio": 0.169672431, "operatingIncome": 30128000, "operatingIncomeRatio": 0.1469694383, "totalOtherIncomeExpensesNet": 234000, "incomeBeforeTax": 30362000, "incomeBeforeTaxRatio": 0.1481109295, "incomeTaxExpense": 6258000, "netIncome": 24104000, "netIncomeRatio": 0.1175833557, "eps": 0.68, "epsdiluted": 0.64, "weightedAverageShsOut": 35386000, "weightedAverageShsOutDil": 37328000, "link": "https://www.sec.gov/Archives/edgar/data/1668397/000156459020033881/0001564590-20-033881-index.htm", "finalLink": "https://www.sec.gov/Archives/edgar/data/1668397/000156459020033881/medp-10q_20200630.htm"}, {"date": "2020-03-31", "symbol": "MEDP", "reportedCurrency": "USD", "cik": "0001668397", "fillingDate": "2020-04-29", "acceptedDate": "2020-04-29 16:06:57", "calendarYear": "2020", "period": "Q1", "revenue": 230879000, "costOfRevenue": 165801000, "grossProfit": 65078000, "grossProfitRatio": 0.2818705902, "researchAndDevelopmentExpenses": 0, "generalAndAdministrativeExpenses": 0, "sellingAndMarketingExpenses": 0, "sellingGeneralAndAdministrativeExpenses": 25124000, "otherExpenses": 4450000, "operatingExpenses": 29574000, "costAndExpenses": 195375000, "interestIncome": 357000, "interestExpense": 0, "depreciationAndAmortization": 4450000, "ebitda": 39954000, "ebitdaratio": 0.1730516851, "operatingIncome": 35504000, "operatingIncomeRatio": 0.1537775198, "totalOtherIncomeExpensesNet": 974000, "incomeBeforeTax": 36478000, "incomeBeforeTaxRatio": 0.1579961798, "incomeTaxExpense": 7524000, "netIncome": 28954000, "netIncomeRatio": 0.1254076811, "eps": 0.8, "epsdiluted": 0.76, "weightedAverageShsOut": 36024000, "weightedAverageShsOutDil": 38030000, "link": "https://www.sec.gov/Archives/edgar/data/1668397/000156459020019699/0001564590-20-019699-index.htm", "finalLink": "https://www.sec.gov/Archives/edgar/data/1668397/000156459020019699/medp-10q_20200331.htm"}, {"date": "2019-12-31", "symbol": "MEDP", "reportedCurrency": "USD", "cik": "0001668397", "fillingDate": "2020-02-25", "acceptedDate": "2020-02-25 16:07:38", "calendarYear": "2019", "period": "Q4", "revenue": 229886000, "costOfRevenue": 167187000, "grossProfit": 62699000, "grossProfitRatio": 0.2727395318, "researchAndDevelopmentExpenses": 0, "generalAndAdministrativeExpenses": 0, "sellingAndMarketingExpenses": 0, "sellingGeneralAndAdministrativeExpenses": 21261000, "otherExpenses": 5320000, "operatingExpenses": 26581000, "costAndExpenses": 193768000, "interestIncome": 0, "interestExpense": -388000, "depreciationAndAmortization": 5320000, "ebitda": 41149000, "ebitdaratio": 0.1789974161, "operatingIncome": 36118000, "operatingIncomeRatio": 0.1571126558, "totalOtherIncomeExpensesNet": 99000, "incomeBeforeTax": 36217000, "incomeBeforeTaxRatio": 0.1575433041, "incomeTaxExpense": 6404000, "netIncome": 29813000, "netIncomeRatio": 0.1296860183, "eps": 0.82, "epsdiluted": 0.79, "weightedAverageShsOut": 36042000, "weightedAverageShsOutDil": 37928000, "link": "https://www.sec.gov/Archives/edgar/data/1668397/000156459020006385/0001564590-20-006385-index.htm", "finalLink": "https://www.sec.gov/Archives/edgar/data/1668397/000156459020006385/medp-10k_20191231.htm"}, {"date": "2019-09-30", "symbol": "MEDP", "reportedCurrency": "USD", "cik": "0001668397", "fillingDate": "2019-10-29", "acceptedDate": "2019-10-29 16:57:40", "calendarYear": "2019", "period": "Q3", "revenue": 216238000, "costOfRevenue": 152070000, "grossProfit": 64168000, "grossProfitRatio": 0.2967471027, "researchAndDevelopmentExpenses": 0, "generalAndAdministrativeExpenses": 0, "sellingAndMarketingExpenses": 0, "sellingGeneralAndAdministrativeExpenses": 29120000, "otherExpenses": 5057000, "operatingExpenses": 34177000, "costAndExpenses": 186247000, "interestIncome": 0, "interestExpense": 253000, "depreciationAndAmortization": 5057000, "ebitda": 35048000, "ebitdaratio": 0.1620806704, "operatingIncome": 29991000, "operatingIncomeRatio": 0.1386944015, "totalOtherIncomeExpensesNet": -526000, "incomeBeforeTax": 29465000, "incomeBeforeTaxRatio": 0.1362618966, "incomeTaxExpense": 5488000, "netIncome": 23977000, "netIncomeRatio": 0.1108824536, "eps": 0.67, "epsdiluted": 0.63, "weightedAverageShsOut": 35939000, "weightedAverageShsOutDil": 37835000, "link": "https://www.sec.gov/Archives/edgar/data/1668397/000156459019038396/0001564590-19-038396-index.htm", "finalLink": "https://www.sec.gov/Archives/edgar/data/1668397/000156459019038396/medp-10q_20190930.htm"}, {"date": "2019-06-30", "symbol": "MEDP", "reportedCurrency": "USD", "cik": "0001668397", "fillingDate": "2019-07-30", "acceptedDate": "2019-07-30 16:06:53", "calendarYear": "2019", "period": "Q2", "revenue": 214104000, "costOfRevenue": 150312000, "grossProfit": 63792000, "grossProfitRatio": 0.2979486605, "researchAndDevelopmentExpenses": 0, "generalAndAdministrativeExpenses": 0, "sellingAndMarketingExpenses": 0, "sellingGeneralAndAdministrativeExpenses": 23556000, "otherExpenses": 4977000, "operatingExpenses": 28533000, "costAndExpenses": 178845000, "interestIncome": 0, "interestExpense": 748000, "depreciationAndAmortization": 4977000, "ebitda": 40236000, "ebitdaratio": 0.1879273624, "operatingIncome": 35259000, "operatingIncomeRatio": 0.16468165, "totalOtherIncomeExpensesNet": -767000, "incomeBeforeTax": 34492000, "incomeBeforeTaxRatio": 0.1610992789, "incomeTaxExpense": 7037000, "netIncome": 27455000, "netIncomeRatio": 0.1282320741, "eps": 0.76, "epsdiluted": 0.73, "weightedAverageShsOut": 35839000, "weightedAverageShsOutDil": 37389000, "link": "https://www.sec.gov/Archives/edgar/data/1668397/000156459019026975/0001564590-19-026975-index.htm", "finalLink": "https://www.sec.gov/Archives/edgar/data/1668397/000156459019026975/medp-10q_20190630.htm"}, {"date": "2019-03-31", "symbol": "MEDP", "reportedCurrency": "USD", "cik": "0001668397", "fillingDate": "2019-04-30", "acceptedDate": "2019-04-30 16:06:48", "calendarYear": "2019", "period": "Q1", "revenue": 200741000, "costOfRevenue": 145703000, "grossProfit": 55038000, "grossProfitRatio": 0.2741741846, "researchAndDevelopmentExpenses": 0, "generalAndAdministrativeExpenses": 0, "sellingAndMarketingExpenses": 0, "sellingGeneralAndAdministrativeExpenses": 21308000, "otherExpenses": 7835000, "operatingExpenses": 29143000, "costAndExpenses": 174846000, "interestIncome": 0, "interestExpense": 955000, "depreciationAndAmortization": 7835000, "ebitda": 33730000, "ebitdaratio": 0.1680274583, "operatingIncome": 25895000, "operatingIncomeRatio": 0.1289970659, "totalOtherIncomeExpensesNet": -1237000, "incomeBeforeTax": 24658000, "incomeBeforeTaxRatio": 0.1228348967, "incomeTaxExpense": 5460000, "netIncome": 19198000, "netIncomeRatio": 0.0956356698, "eps": 0.54, "epsdiluted": 0.51, "weightedAverageShsOut": 35698000, "weightedAverageShsOutDil": 37285000, "link": "https://www.sec.gov/Archives/edgar/data/1668397/000156459019014269/0001564590-19-014269-index.htm", "finalLink": "https://www.sec.gov/Archives/edgar/data/1668397/000156459019014269/medp-10q_20190331.htm"}, {"date": "2018-12-31", "symbol": "MEDP", "reportedCurrency": "USD", "cik": "0001668397", "fillingDate": "2019-02-26", "acceptedDate": "2019-02-26 16:04:36", "calendarYear": "2018", "period": "Q4", "revenue": 192115000, "costOfRevenue": 131133000, "grossProfit": 60982000, "grossProfitRatio": 0.3174244593, "researchAndDevelopmentExpenses": 0, "generalAndAdministrativeExpenses": 0, "sellingAndMarketingExpenses": 0, "sellingGeneralAndAdministrativeExpenses": 20569000, "otherExpenses": 9747000, "operatingExpenses": 30316000, "costAndExpenses": 161449000, "interestIncome": 0, "interestExpense": 1599000, "depreciationAndAmortization": 9747000, "ebitda": 40666000, "ebitdaratio": 0.2116752986, "operatingIncome": 30666000, "operatingIncomeRatio": 0.1596231424, "totalOtherIncomeExpensesNet": -1346000, "incomeBeforeTax": 29320000, "incomeBeforeTaxRatio": 0.1526169222, "incomeTaxExpense": 6559000, "netIncome": 22761000, "netIncomeRatio": 0.1184759129, "eps": 0.64, "epsdiluted": 0.61, "weightedAverageShsOut": 35612000, "weightedAverageShsOutDil": 37198000, "link": "https://www.sec.gov/Archives/edgar/data/1668397/000156459019004451/0001564590-19-004451-index.htm", "finalLink": "https://www.sec.gov/Archives/edgar/data/1668397/000156459019004451/medp-10k_20181231.htm"}, {"date": "2018-09-30", "symbol": "MEDP", "reportedCurrency": "USD", "cik": "0001668397", "fillingDate": "2018-10-30", "acceptedDate": "2018-10-30 16:03:37", "calendarYear": "2018", "period": "Q3", "revenue": 179253000, "costOfRevenue": 123996000, "grossProfit": 55257000, "grossProfitRatio": 0.3082626232, "researchAndDevelopmentExpenses": 0, "generalAndAdministrativeExpenses": 0, "sellingAndMarketingExpenses": 0, "sellingGeneralAndAdministrativeExpenses": 18606000, "otherExpenses": 9733000, "operatingExpenses": 28339000, "costAndExpenses": 152335000, "interestIncome": 0, "interestExpense": 1941000, "depreciationAndAmortization": 9733000, "ebitda": 37133000, "ebitdaratio": 0.2071541341, "operatingIncome": 26918000, "operatingIncomeRatio": 0.1501676402, "totalOtherIncomeExpensesNet": -1459000, "incomeBeforeTax": 25459000, "incomeBeforeTaxRatio": 0.1420283064, "incomeTaxExpense": 6154000, "netIncome": 19305000, "netIncomeRatio": 0.1076969423, "eps": 0.54, "epsdiluted": 0.52, "weightedAverageShsOut": 35569000, "weightedAverageShsOutDil": 37125000, "link": "https://www.sec.gov/Archives/edgar/data/1668397/000156459018025605/0001564590-18-025605-index.htm", "finalLink": "https://www.sec.gov/Archives/edgar/data/1668397/000156459018025605/medp-10q_20180930.htm"}, {"date": "2018-06-30", "symbol": "MEDP", "reportedCurrency": "USD", "cik": "0001668397", "fillingDate": "2018-07-31", "acceptedDate": "2018-07-31 16:03:34", "calendarYear": "2018", "period": "Q2", "revenue": 170144000, "costOfRevenue": 116676000, "grossProfit": 53468000, "grossProfitRatio": 0.3142514576, "researchAndDevelopmentExpenses": 0, "generalAndAdministrativeExpenses": 0, "sellingAndMarketingExpenses": 0, "sellingGeneralAndAdministrativeExpenses": 20507000, "otherExpenses": 9616000, "operatingExpenses": 30123000, "costAndExpenses": 146799000, "interestIncome": 0, "interestExpense": 2308000, "depreciationAndAmortization": 9616000, "ebitda": 33439000, "ebitdaratio": 0.1965335245, "operatingIncome": 23345000, "operatingIncomeRatio": 0.1372073068, "totalOtherIncomeExpensesNet": -1830000, "incomeBeforeTax": 21515000, "incomeBeforeTaxRatio": 0.1264517115, "incomeTaxExpense": 4947000, "netIncome": 16568000, "netIncomeRatio": 0.09737634, "eps": 0.46, "epsdiluted": 0.45, "weightedAverageShsOut": 35519000, "weightedAverageShsOutDil": 36664000, "link": "https://www.sec.gov/Archives/edgar/data/1668397/000156459018018100/0001564590-18-018100-index.htm", "finalLink": "https://www.sec.gov/Archives/edgar/data/1668397/000156459018018100/medp-10q_20180630.htm"}, {"date": "2018-03-31", "symbol": "MEDP", "reportedCurrency": "USD", "cik": "0001668397", "fillingDate": "2018-05-01", "acceptedDate": "2018-05-01 16:02:21", "calendarYear": "2018", "period": "Q1", "revenue": 163077000, "costOfRevenue": 117254000, "grossProfit": 45823000, "grossProfitRatio": 0.2809899618, "researchAndDevelopmentExpenses": 0, "generalAndAdministrativeExpenses": 0, "sellingAndMarketingExpenses": 0, "sellingGeneralAndAdministrativeExpenses": 15999000, "otherExpenses": 9705000, "operatingExpenses": 25704000, "costAndExpenses": 142958000, "interestIncome": 0, "interestExpense": 2309000, "depreciationAndAmortization": 9705000, "ebitda": 29671000, "ebitdaratio": 0.1819447255, "operatingIncome": 20119000, "operatingIncomeRatio": 0.1233711682, "totalOtherIncomeExpensesNet": -2462000, "incomeBeforeTax": 17657000, "incomeBeforeTaxRatio": 0.1082740055, "incomeTaxExpense": 3106000, "netIncome": 14551000, "netIncomeRatio": 0.0892277881, "eps": 0.41, "epsdiluted": 0.4, "weightedAverageShsOut": 35486000, "weightedAverageShsOutDil": 36449000, "link": "https://www.sec.gov/Archives/edgar/data/1668397/000156459018010013/0001564590-18-010013-index.htm", "finalLink": "https://www.sec.gov/Archives/edgar/data/1668397/000156459018010013/medp-10q_20180331.htm"}, {"date": "2017-12-31", "symbol": "MEDP", "reportedCurrency": "USD", "cik": "0001668397", "fillingDate": "2018-02-27", "acceptedDate": "2018-02-27 16:06:52", "calendarYear": "2017", "period": "Q4", "revenue": 112682000, "costOfRevenue": 68803000, "grossProfit": 43879000, "grossProfitRatio": 0.3894055839, "researchAndDevelopmentExpenses": 0, "generalAndAdministrativeExpenses": 0, "sellingAndMarketingExpenses": 0, "sellingGeneralAndAdministrativeExpenses": 16842000, "otherExpenses": 11600000, "operatingExpenses": 28442000, "costAndExpenses": 97245000, "interestIncome": 0, "interestExpense": 2051000, "depreciationAndAmortization": 11600000, "ebitda": 27325000, "ebitdaratio": 0.2424965833, "operatingIncome": 15437000, "operatingIncomeRatio": 0.1369961485, "totalOtherIncomeExpensesNet": -1763000, "incomeBeforeTax": 13674000, "incomeBeforeTaxRatio": 0.1213503488, "incomeTaxExpense": 2383000, "netIncome": 11291000, "netIncomeRatio": 0.1002023393, "eps": 0.31, "epsdiluted": 0.29, "weightedAverageShsOut": 36840000, "weightedAverageShsOutDil": 37755000, "link": "https://www.sec.gov/Archives/edgar/data/1668397/000156459018003500/0001564590-18-003500-index.htm", "finalLink": "https://www.sec.gov/Archives/edgar/data/1668397/000156459018003500/medp-10k_20171231.htm"}, {"date": "2017-09-30", "symbol": "MEDP", "reportedCurrency": "USD", "cik": "0001668397", "fillingDate": "2017-10-31", "acceptedDate": "2017-10-31 16:02:16", "calendarYear": "2017", "period": "Q3", "revenue": 110643000, "costOfRevenue": 65106000, "grossProfit": 45537000, "grossProfitRatio": 0.4115669315, "researchAndDevelopmentExpenses": 0, "generalAndAdministrativeExpenses": 0, "sellingAndMarketingExpenses": 0, "sellingGeneralAndAdministrativeExpenses": 16606000, "otherExpenses": 11733000, "operatingExpenses": 28339000, "costAndExpenses": 93445000, "interestIncome": 0, "interestExpense": 1906000, "depreciationAndAmortization": 11733000, "ebitda": 28786000, "ebitdaratio": 0.2601700966, "operatingIncome": 17198000, "operatingIncomeRatio": 0.1554368555, "totalOtherIncomeExpensesNet": -2051000, "incomeBeforeTax": 15147000, "incomeBeforeTaxRatio": 0.1368997587, "incomeTaxExpense": 5316000, "netIncome": 9831000, "netIncomeRatio": 0.0888533391, "eps": 0.25, "epsdiluted": 0.25, "weightedAverageShsOut": 38579000, "weightedAverageShsOutDil": 39329000, "link": "https://www.sec.gov/Archives/edgar/data/1668397/000156459017020518/0001564590-17-020518-index.htm", "finalLink": "https://www.sec.gov/Archives/edgar/data/1668397/000156459017020518/medp-10q_20170930.htm"}, {"date": "2017-06-30", "symbol": "MEDP", "reportedCurrency": "USD", "cik": "0001668397", "fillingDate": "2017-08-01", "acceptedDate": "2017-08-01 16:03:25", "calendarYear": "2017", "period": "Q2", "revenue": 106216000, "costOfRevenue": 63619000, "grossProfit": 42597000, "grossProfitRatio": 0.4010412744, "researchAndDevelopmentExpenses": 0, "generalAndAdministrativeExpenses": 0, "sellingAndMarketingExpenses": 0, "sellingGeneralAndAdministrativeExpenses": 14755000, "otherExpenses": 11563000, "operatingExpenses": 26318000, "costAndExpenses": 89937000, "interestIncome": 0, "interestExpense": 1808000, "depreciationAndAmortization": 11563000, "ebitda": 27717000, "ebitdaratio": 0.2609493862, "operatingIncome": 16279000, "operatingIncomeRatio": 0.1532631619, "totalOtherIncomeExpensesNet": -1933000, "incomeBeforeTax": 14346000, "incomeBeforeTaxRatio": 0.1350643971, "incomeTaxExpense": 4793000, "netIncome": 9553000, "netIncomeRatio": 0.0899393688, "eps": 0.24, "epsdiluted": 0.23, "weightedAverageShsOut": 40183000, "weightedAverageShsOutDil": 40825000, "link": "https://www.sec.gov/Archives/edgar/data/1668397/000156459017014638/0001564590-17-014638-index.htm", "finalLink": "https://www.sec.gov/Archives/edgar/data/1668397/000156459017014638/medp-10q_20170630.htm"}, {"date": "2017-03-31", "symbol": "MEDP", "reportedCurrency": "USD", "cik": "0001668397", "fillingDate": "2017-05-02", "acceptedDate": "2017-05-02 16:06:52", "calendarYear": "2017", "period": "Q1", "revenue": 106611000, "costOfRevenue": 63935000, "grossProfit": 42676000, "grossProfitRatio": 0.4002964047, "researchAndDevelopmentExpenses": 0, "generalAndAdministrativeExpenses": 0, "sellingAndMarketingExpenses": 0, "sellingGeneralAndAdministrativeExpenses": 15154000, "otherExpenses": 11578000, "operatingExpenses": 26732000, "costAndExpenses": 90667000, "interestIncome": 0, "interestExpense": 1794000, "depreciationAndAmortization": 11578000, "ebitda": 27150000, "ebitdaratio": 0.2546641529, "operatingIncome": 15944000, "operatingIncomeRatio": 0.149553048, "totalOtherIncomeExpensesNet": -2166000, "incomeBeforeTax": 13778000, "incomeBeforeTaxRatio": 0.1292361951, "incomeTaxExpense": 5331000, "netIncome": 8447000, "netIncomeRatio": 0.0792319742, "eps": 0.21, "epsdiluted": 0.2, "weightedAverageShsOut": 40669000, "weightedAverageShsOutDil": 41508000, "link": "https://www.sec.gov/Archives/edgar/data/1668397/000156459017008111/0001564590-17-008111-index.htm", "finalLink": "https://www.sec.gov/Archives/edgar/data/1668397/000156459017008111/medp-10q_20170331.htm"}, {"date": "2016-12-31", "symbol": "MEDP", "reportedCurrency": "USD", "cik": "0001668397", "fillingDate": "2017-02-28", "acceptedDate": "2017-02-28 16:02:16", "calendarYear": "2016", "period": "Q4", "revenue": 108243000, "costOfRevenue": 63941000, "grossProfit": 44302000, "grossProfitRatio": 0.4092828174, "researchAndDevelopmentExpenses": 0, "generalAndAdministrativeExpenses": 0, "sellingAndMarketingExpenses": 0, "sellingGeneralAndAdministrativeExpenses": 16783000, "otherExpenses": 14629000, "operatingExpenses": 31412000, "costAndExpenses": 95353000, "interestIncome": 0, "interestExpense": 2834000, "depreciationAndAmortization": 14629000, "ebitda": 17689000, "ebitdaratio": 0.1634193435, "operatingIncome": 12890000, "operatingIncomeRatio": 0.119083913, "totalOtherIncomeExpensesNet": -12664000, "incomeBeforeTax": 226000, "incomeBeforeTaxRatio": 0.0020878948, "incomeTaxExpense": 247000, "netIncome": -21000, "netIncomeRatio": -0.0001940079, "eps": -0.0005, "epsdiluted": -0.0005, "weightedAverageShsOut": 40660000, "weightedAverageShsOutDil": 40660000, "link": "https://www.sec.gov/Archives/edgar/data/1668397/000156459017002839/0001564590-17-002839-index.htm", "finalLink": "https://www.sec.gov/Archives/edgar/data/1668397/000156459017002839/medp-10k_20161231.htm"}, {"date": "2016-09-30", "symbol": "MEDP", "reportedCurrency": "USD", "cik": "0001668397", "fillingDate": "2016-11-03", "acceptedDate": "2016-11-03 17:01:13", "calendarYear": "2016", "period": "Q3", "revenue": 107799000, "costOfRevenue": 64208000, "grossProfit": 43591000, "grossProfitRatio": 0.4043729534, "researchAndDevelopmentExpenses": 0, "generalAndAdministrativeExpenses": 0, "sellingAndMarketingExpenses": 0, "sellingGeneralAndAdministrativeExpenses": 16391000, "otherExpenses": 14583000, "operatingExpenses": 30974000, "costAndExpenses": 95182000, "interestIncome": 0, "interestExpense": 4656000, "depreciationAndAmortization": 14583000, "ebitda": 26822000, "ebitdaratio": 0.2488149241, "operatingIncome": 12617000, "operatingIncomeRatio": 0.1170419021, "totalOtherIncomeExpensesNet": -5034000, "incomeBeforeTax": 7583000, "incomeBeforeTaxRatio": 0.0703438807, "incomeTaxExpense": 2547000, "netIncome": 5036000, "netIncomeRatio": 0.0467165744, "eps": 0.14, "epsdiluted": 0.13, "weightedAverageShsOut": 37118000, "weightedAverageShsOutDil": 37623000, "link": "https://www.sec.gov/Archives/edgar/data/1668397/000156459016027424/0001564590-16-027424-index.htm", "finalLink": "https://www.sec.gov/Archives/edgar/data/1668397/000156459016027424/medp-10q_20160930.htm"}, {"date": "2016-06-30", "symbol": "MEDP", "reportedCurrency": "USD", "cik": "0001668397", "fillingDate": "2016-06-30", "acceptedDate": "2016-06-30 00:00:00", "calendarYear": "2016", "period": "Q2", "revenue": 105954000, "costOfRevenue": 62555000, "grossProfit": 43399000, "grossProfitRatio": 0.4096022802, "researchAndDevelopmentExpenses": 0, "generalAndAdministrativeExpenses": 0, "sellingAndMarketingExpenses": 0, "sellingGeneralAndAdministrativeExpenses": 14824000, "otherExpenses": 14461000, "operatingExpenses": 29285000, "costAndExpenses": 91840000, "interestIncome": 0, "interestExpense": 5921000, "depreciationAndAmortization": 14461000, "ebitda": 28569000, "ebitdaratio": 0.2696358797, "operatingIncome": 14114000, "operatingIncomeRatio": 0.133208751, "totalOtherIncomeExpensesNet": -5927000, "incomeBeforeTax": 8187000, "incomeBeforeTaxRatio": 0.0772693811, "incomeTaxExpense": 3225000, "netIncome": 4962000, "netIncomeRatio": 0.0468316439, "eps": 0.15, "epsdiluted": 0.15, "weightedAverageShsOut": 39642113, "weightedAverageShsOutDil": 39642113, "link": null, "finalLink": null}, {"date": "2016-03-31", "symbol": "MEDP", "reportedCurrency": "USD", "cik": "0001668397", "fillingDate": "2016-03-31", "acceptedDate": "2016-03-31 00:00:00", "calendarYear": "2016", "period": "Q1", "revenue": 99586000, "costOfRevenue": 58767000, "grossProfit": 40819000, "grossProfitRatio": 0.4098869319, "researchAndDevelopmentExpenses": 0, "generalAndAdministrativeExpenses": 0, "sellingAndMarketingExpenses": 0, "sellingGeneralAndAdministrativeExpenses": 13509000, "otherExpenses": 14441000, "operatingExpenses": 27950000, "costAndExpenses": 86717000, "interestIncome": 0, "interestExpense": 5973000, "depreciationAndAmortization": 14441000, "ebitda": 26375000, "ebitdaratio": 0.2648464644, "operatingIncome": 12869000, "operatingIncomeRatio": 0.1292249915, "totalOtherIncomeExpensesNet": -6908000, "incomeBeforeTax": 5961000, "incomeBeforeTaxRatio": 0.0598578113, "incomeTaxExpense": 2513000, "netIncome": 3448000, "netIncomeRatio": 0.0346233406, "eps": 0.11, "epsdiluted": 0.11, "weightedAverageShsOut": 39631000, "weightedAverageShsOutDil": 39631000, "link": null, "finalLink": null}, {"date": "2015-12-31", "symbol": "MEDP", "reportedCurrency": "USD", "cik": "0001668397", "fillingDate": "2015-12-31", "acceptedDate": "2015-12-31 00:00:00", "calendarYear": "2015", "period": "Q4", "revenue": 96041000, "costOfRevenue": 54579000, "grossProfit": 41462000, "grossProfitRatio": 0.4317114566, "researchAndDevelopmentExpenses": 0, "generalAndAdministrativeExpenses": 0, "sellingAndMarketingExpenses": 0, "sellingGeneralAndAdministrativeExpenses": 18255000, "otherExpenses": 24096000, "operatingExpenses": 42351000, "costAndExpenses": 96930000, "interestIncome": 0, "interestExpense": 6547000, "depreciationAndAmortization": 14783000, "ebitda": 13689000, "ebitdaratio": 0.1425328766, "operatingIncome": -889000, "operatingIncomeRatio": -0.0092564634, "totalOtherIncomeExpensesNet": -6752000, "incomeBeforeTax": -7641000, "incomeBeforeTaxRatio": -0.0795597713, "incomeTaxExpense": 935000, "netIncome": -8576000, "netIncomeRatio": -0.0892951968, "eps": -0.27, "epsdiluted": -0.27, "weightedAverageShsOut": 39631000, "weightedAverageShsOutDil": 39631000, "link": null, "finalLink": null}, {"date": "2015-09-30", "symbol": "MEDP", "reportedCurrency": "USD", "cik": "0001668397", "fillingDate": "2015-09-30", "acceptedDate": "2015-09-30 00:00:00", "calendarYear": "2015", "period": "Q3", "revenue": 92131000, "costOfRevenue": 52256000, "grossProfit": 39875000, "grossProfitRatio": 0.4328076326, "researchAndDevelopmentExpenses": 0, "generalAndAdministrativeExpenses": 0, "sellingAndMarketingExpenses": 0, "sellingGeneralAndAdministrativeExpenses": 15295000, "otherExpenses": 17385000, "operatingExpenses": 32680000, "costAndExpenses": 84936000, "interestIncome": 0, "interestExpense": 6737000, "depreciationAndAmortization": 17385000, "ebitda": 24630000, "ebitdaratio": 0.2673367271, "operatingIncome": 7195000, "operatingIncomeRatio": 0.0780953208, "totalOtherIncomeExpensesNet": -6687000, "incomeBeforeTax": 508000, "incomeBeforeTaxRatio": 0.0055138878, "incomeTaxExpense": 641000, "netIncome": -133000, "netIncomeRatio": -0.0014435966, "eps": -0.0042, "epsdiluted": -0.0042, "weightedAverageShsOut": 39631000, "weightedAverageShsOutDil": 39631000, "link": null, "finalLink": null}, {"date": "2015-06-30", "symbol": "MEDP", "reportedCurrency": "USD", "cik": "0001668397", "fillingDate": "2015-06-30", "acceptedDate": "2015-06-30 00:00:00", "calendarYear": "2015", "period": "Q2", "revenue": 87854000, "costOfRevenue": 49702000, "grossProfit": 38152000, "grossProfitRatio": 0.4342659412, "researchAndDevelopmentExpenses": 0, "generalAndAdministrativeExpenses": 0, "sellingAndMarketingExpenses": 0, "sellingGeneralAndAdministrativeExpenses": 11706000, "otherExpenses": 18579000, "operatingExpenses": 30285000, "costAndExpenses": 79987000, "interestIncome": 0, "interestExpense": 6902000, "depreciationAndAmortization": 18579000, "ebitda": 26444000, "ebitdaratio": 0.3009993853, "operatingIncome": 7867000, "operatingIncomeRatio": 0.0895462927, "totalOtherIncomeExpensesNet": -6904000, "incomeBeforeTax": 963000, "incomeBeforeTaxRatio": 0.0109613677, "incomeTaxExpense": 868000, "netIncome": 95000, "netIncomeRatio": 0.0010813395, "eps": 0.003, "epsdiluted": 0.003, "weightedAverageShsOut": 39631000, "weightedAverageShsOutDil": 39631000, "link": null, "finalLink": null}, {"date": "2015-03-31", "symbol": "MEDP", "reportedCurrency": "USD", "cik": "0001668397", "fillingDate": "2015-03-31", "acceptedDate": "2015-03-31 00:00:00", "calendarYear": "2015", "period": "Q1", "revenue": 83033000, "costOfRevenue": 46128000, "grossProfit": 36905000, "grossProfitRatio": 0.4444618405, "researchAndDevelopmentExpenses": 0, "generalAndAdministrativeExpenses": 0, "sellingAndMarketingExpenses": 0, "sellingGeneralAndAdministrativeExpenses": 11742000, "otherExpenses": 18774000, "operatingExpenses": 30516000, "costAndExpenses": 76644000, "interestIncome": 0, "interestExpense": 7073000, "depreciationAndAmortization": 18774000, "ebitda": 24187000, "ebitdaratio": 0.2912938229, "operatingIncome": 6389000, "operatingIncomeRatio": 0.0769453109, "totalOtherIncomeExpensesNet": -8049000, "incomeBeforeTax": -1660000, "incomeBeforeTaxRatio": -0.0199920514, "incomeTaxExpense": -1601000, "netIncome": -59000, "netIncomeRatio": -0.0007105609, "eps": -0.0019, "epsdiluted": -0.0019, "weightedAverageShsOut": 39631000, "weightedAverageShsOutDil": 39631000, "link": null, "finalLink": null}, {"date": "2014-03-31", "symbol": "MEDP", "reportedCurrency": "USD", "cik": "0001668397", "fillingDate": "2014-03-31", "acceptedDate": "2014-03-31 00:00:00", "calendarYear": "2014", "period": "Q1", "revenue": 77929000, "costOfRevenue": 46438000, "grossProfit": 31491000, "grossProfitRatio": 0.4040986026, "researchAndDevelopmentExpenses": 0, "generalAndAdministrativeExpenses": 0, "sellingAndMarketingExpenses": 0, "sellingGeneralAndAdministrativeExpenses": 10203000, "otherExpenses": 19451000, "operatingExpenses": 29654000, "costAndExpenses": 76092000, "interestIncome": 0, "interestExpense": 3272000, "depreciationAndAmortization": 7031000, "ebitda": 10081000, "ebitdaratio": 0.1293613417, "operatingIncome": 1837000, "operatingIncomeRatio": 0.0235727393, "totalOtherIncomeExpensesNet": -2059000, "incomeBeforeTax": -222000, "incomeBeforeTaxRatio": -0.0028487469, "incomeTaxExpense": 1014000, "netIncome": -1236000, "netIncomeRatio": -0.0158605911, "eps": -0.0312, "epsdiluted": -0.0312, "weightedAverageShsOut": 39631000, "weightedAverageShsOutDil": 39631000, "link": null, "finalLink": null}]