[{"date": "2025-07-31", "symbol": "INTU", "reportedCurrency": "USD", "cik": "0000896878", "fillingDate": "2025-08-21", "acceptedDate": "2025-08-21 16:02:20", "calendarYear": "2025", "period": "Q4", "revenue": 3831000000, "costOfRevenue": 834000000, "grossProfit": 2997000000, "grossProfitRatio": 0.7823022709, "researchAndDevelopmentExpenses": 801000000, "generalAndAdministrativeExpenses": 424000000, "sellingAndMarketingExpenses": 1251000000, "sellingGeneralAndAdministrativeExpenses": 1675000000, "otherExpenses": 182000000, "operatingExpenses": 2658000000, "costAndExpenses": 3492000000, "interestIncome": 0, "interestExpense": 59000000, "depreciationAndAmortization": 208000000, "ebitda": 633000000, "ebitdaratio": 0.1652310102, "operatingIncome": 339000000, "operatingIncomeRatio": 0.0884886453, "totalOtherIncomeExpensesNet": 27000000, "incomeBeforeTax": 366000000, "incomeBeforeTaxRatio": 0.0955364135, "incomeTaxExpense": -15000000, "netIncome": 381000000, "netIncomeRatio": 0.0994518403, "eps": 1.36, "epsdiluted": 1.35, "weightedAverageShsOut": 279000000, "weightedAverageShsOutDil": 282000000, "link": "https://www.sec.gov/Archives/edgar/data/896878/000089687825000031/0000896878-25-000031-index.htm", "finalLink": "https://www.sec.gov/Archives/edgar/data/896878/000089687825000031/fy25q4earningspressrelease.htm"}, {"date": "2025-04-30", "symbol": "INTU", "reportedCurrency": "USD", "cik": "0000896878", "fillingDate": "2025-05-22", "acceptedDate": "2025-05-22 16:17:32", "calendarYear": "2025", "period": "Q3", "revenue": 7754000000, "costOfRevenue": 1138000000, "grossProfit": 6616000000, "grossProfitRatio": 0.8532370389, "researchAndDevelopmentExpenses": 707000000, "generalAndAdministrativeExpenses": 394000000, "sellingAndMarketingExpenses": 1618000000, "sellingGeneralAndAdministrativeExpenses": 2012000000, "otherExpenses": 177000000, "operatingExpenses": 2896000000, "costAndExpenses": 4034000000, "interestIncome": 39000000, "interestExpense": 68000000, "depreciationAndAmortization": 201000000, "ebitda": 3953000000, "ebitdaratio": 0.5098013928, "operatingIncome": 3720000000, "operatingIncomeRatio": 0.4797523859, "totalOtherIncomeExpensesNet": -36000000, "incomeBeforeTax": 3684000000, "incomeBeforeTaxRatio": 0.4751096208, "incomeTaxExpense": 864000000, "netIncome": 2820000000, "netIncomeRatio": 0.3636832603, "eps": 10.09, "epsdiluted": 10.02, "weightedAverageShsOut": 280000000, "weightedAverageShsOutDil": 282000000, "link": "https://www.sec.gov/Archives/edgar/data/896878/000089687825000022/0000896878-25-000022-index.htm", "finalLink": "https://www.sec.gov/Archives/edgar/data/896878/000089687825000022/intu-20250430.htm"}, {"date": "2025-01-31", "symbol": "INTU", "reportedCurrency": "USD", "cik": "0000896878", "fillingDate": "2025-02-25", "acceptedDate": "2025-02-25 16:11:24", "calendarYear": "2025", "period": "Q2", "revenue": 3963000000, "costOfRevenue": 937000000, "grossProfit": 3026000000, "grossProfitRatio": 0.7635629574, "researchAndDevelopmentExpenses": 716000000, "generalAndAdministrativeExpenses": 389000000, "sellingAndMarketingExpenses": 1204000000, "sellingGeneralAndAdministrativeExpenses": 1593000000, "otherExpenses": 124000000, "operatingExpenses": 2433000000, "costAndExpenses": 3370000000, "interestIncome": 34000000, "interestExpense": 60000000, "depreciationAndAmortization": 199000000, "ebitda": 830000000, "ebitdaratio": 0.209437295, "operatingIncome": 593000000, "operatingIncomeRatio": 0.1496341156, "totalOtherIncomeExpensesNet": -22000000, "incomeBeforeTax": 571000000, "incomeBeforeTaxRatio": 0.1440827656, "incomeTaxExpense": 100000000, "netIncome": 471000000, "netIncomeRatio": 0.1188493565, "eps": 1.68, "epsdiluted": 1.66, "weightedAverageShsOut": 280000000, "weightedAverageShsOutDil": 283000000, "link": "https://www.sec.gov/Archives/edgar/data/896878/000089687825000015/0000896878-25-000015-index.htm", "finalLink": "https://www.sec.gov/Archives/edgar/data/896878/000089687825000015/intu-20250131.htm"}, {"date": "2024-10-31", "symbol": "INTU", "reportedCurrency": "USD", "cik": "0000896878", "fillingDate": "2024-11-21", "acceptedDate": "2024-11-21 16:17:51", "calendarYear": "2025", "period": "Q1", "revenue": 3283000000, "costOfRevenue": 823000000, "grossProfit": 2460000000, "grossProfitRatio": 0.7493146512, "researchAndDevelopmentExpenses": 704000000, "generalAndAdministrativeExpenses": 394000000, "sellingAndMarketingExpenses": 962000000, "sellingGeneralAndAdministrativeExpenses": 1356000000, "otherExpenses": 129000000, "operatingExpenses": 2189000000, "costAndExpenses": 3012000000, "interestIncome": 42000000, "interestExpense": 60000000, "depreciationAndAmortization": 201000000, "ebitda": 474000000, "ebitdaratio": 0.1443801401, "operatingIncome": 271000000, "operatingIncomeRatio": 0.0825464514, "totalOtherIncomeExpensesNet": -58000000, "incomeBeforeTax": 213000000, "incomeBeforeTaxRatio": 0.0648796832, "incomeTaxExpense": 16000000, "netIncome": 197000000, "netIncomeRatio": 0.060006092, "eps": 0.7, "epsdiluted": 0.7, "weightedAverageShsOut": 280000000, "weightedAverageShsOutDil": 283000000, "link": "https://www.sec.gov/Archives/edgar/data/896878/000089687824000053/0000896878-24-000053-index.htm", "finalLink": "https://www.sec.gov/Archives/edgar/data/896878/000089687824000053/intu-20241031.htm"}, {"date": "2024-07-31", "symbol": "INTU", "reportedCurrency": "USD", "cik": "0000896878", "fillingDate": "2024-09-04", "acceptedDate": "2024-09-04 18:26:27", "calendarYear": "2024", "period": "Q4", "revenue": 3184000000, "costOfRevenue": 783000000, "grossProfit": 2401000000, "grossProfitRatio": 0.7540829146, "researchAndDevelopmentExpenses": 725000000, "generalAndAdministrativeExpenses": 382000000, "sellingAndMarketingExpenses": 1104000000, "sellingGeneralAndAdministrativeExpenses": 1481000000, "otherExpenses": 346000000, "operatingExpenses": 2552000000, "costAndExpenses": 3335000000, "interestIncome": 59000000, "interestExpense": 61000000, "depreciationAndAmortization": 208000000, "ebitda": 128000000, "ebitdaratio": 0.040201005, "operatingIncome": -151000000, "operatingIncomeRatio": -0.0474246231, "totalOtherIncomeExpensesNet": 11000000, "incomeBeforeTax": -140000000, "incomeBeforeTaxRatio": -0.0439698492, "incomeTaxExpense": -120000000, "netIncome": -20000000, "netIncomeRatio": -0.006281407, "eps": -0.0714, "epsdiluted": -0.07, "weightedAverageShsOut": 280000000, "weightedAverageShsOutDil": 284000000, "link": "https://www.sec.gov/Archives/edgar/data/896878/000089687824000039/0000896878-24-000039-index.htm", "finalLink": "https://www.sec.gov/Archives/edgar/data/896878/000089687824000039/intu-20240731.htm"}, {"date": "2024-04-30", "symbol": "INTU", "reportedCurrency": "USD", "cik": "0000896878", "fillingDate": "2024-05-23", "acceptedDate": "2024-05-23 16:14:03", "calendarYear": "2024", "period": "Q3", "revenue": 6737000000, "costOfRevenue": 1187000000, "grossProfit": 5550000000, "grossProfitRatio": 0.823808817, "researchAndDevelopmentExpenses": 671000000, "generalAndAdministrativeExpenses": 350000000, "sellingAndMarketingExpenses": 1419000000, "sellingGeneralAndAdministrativeExpenses": 1774000000, "otherExpenses": 0, "operatingExpenses": 2445000000, "costAndExpenses": 3632000000, "interestIncome": 34000000, "interestExpense": 72000000, "depreciationAndAmortization": 198000000, "ebitda": 3303000000, "ebitdaratio": 0.4902775716, "operatingIncome": 3105000000, "operatingIncomeRatio": 0.4608876354, "totalOtherIncomeExpensesNet": -33000000, "incomeBeforeTax": 3072000000, "incomeBeforeTaxRatio": 0.4559893128, "incomeTaxExpense": 683000000, "netIncome": 2389000000, "netIncomeRatio": 0.3546088764, "eps": 8.53, "epsdiluted": 8.41, "weightedAverageShsOut": 280000000, "weightedAverageShsOutDil": 284000000, "link": "https://www.sec.gov/Archives/edgar/data/896878/000089687824000026/0000896878-24-000026-index.htm", "finalLink": "https://www.sec.gov/Archives/edgar/data/896878/000089687824000026/intu-20240430.htm"}, {"date": "2024-01-31", "symbol": "INTU", "reportedCurrency": "USD", "cik": "0000896878", "fillingDate": "2024-02-22", "acceptedDate": "2024-02-22 16:09:42", "calendarYear": "2024", "period": "Q2", "revenue": 3386000000, "costOfRevenue": 855000000, "grossProfit": 2531000000, "grossProfitRatio": 0.7474896633, "researchAndDevelopmentExpenses": 678000000, "generalAndAdministrativeExpenses": 344000000, "sellingAndMarketingExpenses": 1020000000, "sellingGeneralAndAdministrativeExpenses": 1364000000, "otherExpenses": 120000000, "operatingExpenses": 2162000000, "costAndExpenses": 3017000000, "interestIncome": 22000000, "interestExpense": 57000000, "depreciationAndAmortization": 192000000, "ebitda": 603000000, "ebitdaratio": 0.1780862374, "operatingIncome": 369000000, "operatingIncomeRatio": 0.1089781453, "totalOtherIncomeExpensesNet": -15000000, "incomeBeforeTax": 354000000, "incomeBeforeTaxRatio": 0.1045481394, "incomeTaxExpense": 1000000, "netIncome": 353000000, "netIncomeRatio": 0.1042528057, "eps": 1.26, "epsdiluted": 1.24, "weightedAverageShsOut": 280000000, "weightedAverageShsOutDil": 284000000, "link": "https://www.sec.gov/Archives/edgar/data/896878/000089687824000011/0000896878-24-000011-index.htm", "finalLink": "https://www.sec.gov/Archives/edgar/data/896878/000089687824000011/intu-20240131.htm"}, {"date": "2023-10-31", "symbol": "INTU", "reportedCurrency": "USD", "cik": "0000896878", "fillingDate": "2023-11-28", "acceptedDate": "2023-11-28 16:17:02", "calendarYear": "2024", "period": "Q1", "revenue": 2978000000, "costOfRevenue": 760000000, "grossProfit": 2218000000, "grossProfitRatio": 0.7447951645, "researchAndDevelopmentExpenses": 680000000, "generalAndAdministrativeExpenses": 342000000, "sellingAndMarketingExpenses": 769000000, "sellingGeneralAndAdministrativeExpenses": 1111000000, "otherExpenses": 120000000, "operatingExpenses": 1911000000, "costAndExpenses": 2671000000, "interestIncome": 36000000, "interestExpense": 65000000, "depreciationAndAmortization": 191000000, "ebitda": 520000000, "ebitdaratio": 0.1746138348, "operatingIncome": 307000000, "operatingIncomeRatio": 0.1030893217, "totalOtherIncomeExpensesNet": -43000000, "incomeBeforeTax": 264000000, "incomeBeforeTaxRatio": 0.0886501007, "incomeTaxExpense": 23000000, "netIncome": 241000000, "netIncomeRatio": 0.0809267965, "eps": 0.86, "epsdiluted": 0.85, "weightedAverageShsOut": 280000000, "weightedAverageShsOutDil": 283000000, "link": "https://www.sec.gov/Archives/edgar/data/896878/000089687823000041/0000896878-23-000041-index.htm", "finalLink": "https://www.sec.gov/Archives/edgar/data/896878/000089687823000041/intu-20231031.htm"}, {"date": "2023-07-31", "symbol": "INTU", "reportedCurrency": "USD", "cik": "0000896878", "fillingDate": "2023-09-01", "acceptedDate": "2023-09-01 16:08:03", "calendarYear": "2023", "period": "Q4", "revenue": 2712000000, "costOfRevenue": 713000000, "grossProfit": 1999000000, "grossProfitRatio": 0.7370943953, "researchAndDevelopmentExpenses": 680000000, "generalAndAdministrativeExpenses": 460000000, "sellingAndMarketingExpenses": 721000000, "sellingGeneralAndAdministrativeExpenses": 1181000000, "otherExpenses": 121000000, "operatingExpenses": 1982000000, "costAndExpenses": 2695000000, "interestIncome": 46000000, "interestExpense": 68000000, "depreciationAndAmortization": 195000000, "ebitda": 271000000, "ebitdaratio": 0.0999262537, "operatingIncome": 17000000, "operatingIncomeRatio": 0.0062684366, "totalOtherIncomeExpensesNet": -22000000, "incomeBeforeTax": -5000000, "incomeBeforeTaxRatio": -0.0018436578, "incomeTaxExpense": -94000000, "netIncome": 89000000, "netIncomeRatio": 0.0328171091, "eps": 0.32, "epsdiluted": 0.31, "weightedAverageShsOut": 280000000, "weightedAverageShsOutDil": 283000000, "link": "https://www.sec.gov/Archives/edgar/data/896878/000089687823000034/0000896878-23-000034-index.htm", "finalLink": "https://www.sec.gov/Archives/edgar/data/896878/000089687823000034/intu-20230731.htm"}, {"date": "2023-04-30", "symbol": "INTU", "reportedCurrency": "USD", "cik": "0000896878", "fillingDate": "2023-05-23", "acceptedDate": "2023-05-23 16:03:14", "calendarYear": "2023", "period": "Q3", "revenue": 6018000000, "costOfRevenue": 981000000, "grossProfit": 5037000000, "grossProfitRatio": 0.8369890329, "researchAndDevelopmentExpenses": 604000000, "generalAndAdministrativeExpenses": 332000000, "sellingAndMarketingExpenses": 1203000000, "sellingGeneralAndAdministrativeExpenses": 1535000000, "otherExpenses": 120000000, "operatingExpenses": 2259000000, "costAndExpenses": 3240000000, "interestIncome": 28000000, "interestExpense": 66000000, "depreciationAndAmortization": 193000000, "ebitda": 2993000000, "ebitdaratio": 0.4973413094, "operatingIncome": 2778000000, "operatingIncomeRatio": 0.4616151545, "totalOtherIncomeExpensesNet": -44000000, "incomeBeforeTax": 2734000000, "incomeBeforeTaxRatio": 0.4543037554, "incomeTaxExpense": 647000000, "netIncome": 2087000000, "netIncomeRatio": 0.3467929545, "eps": 7.43, "epsdiluted": 7.37, "weightedAverageShsOut": 281000000, "weightedAverageShsOutDil": 283000000, "link": "https://www.sec.gov/Archives/edgar/data/896878/000089687823000020/0000896878-23-000020-index.htm", "finalLink": "https://www.sec.gov/Archives/edgar/data/896878/000089687823000020/intu-20230430.htm"}, {"date": "2023-01-31", "symbol": "INTU", "reportedCurrency": "USD", "cik": "0000896878", "fillingDate": "2023-02-23", "acceptedDate": "2023-02-23 16:19:24", "calendarYear": "2023", "period": "Q2", "revenue": 3041000000, "costOfRevenue": 773000000, "grossProfit": 2268000000, "grossProfitRatio": 0.7458073002, "researchAndDevelopmentExpenses": 630000000, "generalAndAdministrativeExpenses": 323000000, "sellingAndMarketingExpenses": 924000000, "sellingGeneralAndAdministrativeExpenses": 1247000000, "otherExpenses": 121000000, "operatingExpenses": 1998000000, "costAndExpenses": 2771000000, "interestIncome": 15000000, "interestExpense": 65000000, "depreciationAndAmortization": 209000000, "ebitda": 502000000, "ebitdaratio": 0.1650772772, "operatingIncome": 270000000, "operatingIncomeRatio": 0.0887865834, "totalOtherIncomeExpensesNet": -42000000, "incomeBeforeTax": 228000000, "incomeBeforeTaxRatio": 0.0749753371, "incomeTaxExpense": 60000000, "netIncome": 168000000, "netIncomeRatio": 0.0552449852, "eps": 0.6, "epsdiluted": 0.6, "weightedAverageShsOut": 281000000, "weightedAverageShsOutDil": 282000000, "link": "https://www.sec.gov/Archives/edgar/data/896878/000089687823000010/0000896878-23-000010-index.htm", "finalLink": "https://www.sec.gov/Archives/edgar/data/896878/000089687823000010/intu-20230131.htm"}, {"date": "2022-10-31", "symbol": "INTU", "reportedCurrency": "USD", "cik": "0000896878", "fillingDate": "2022-11-29", "acceptedDate": "2022-11-29 16:02:57", "calendarYear": "2023", "period": "Q1", "revenue": 2597000000, "costOfRevenue": 676000000, "grossProfit": 1921000000, "grossProfitRatio": 0.7396996534, "researchAndDevelopmentExpenses": 625000000, "generalAndAdministrativeExpenses": 304000000, "sellingAndMarketingExpenses": 795000000, "sellingGeneralAndAdministrativeExpenses": 1099000000, "otherExpenses": 121000000, "operatingExpenses": 1845000000, "costAndExpenses": 2521000000, "interestIncome": 15000000, "interestExpense": 49000000, "depreciationAndAmortization": 209000000, "ebitda": 290000000, "ebitdaratio": 0.1116673084, "operatingIncome": 76000000, "operatingIncomeRatio": 0.029264536, "totalOtherIncomeExpensesNet": -44000000, "incomeBeforeTax": 32000000, "incomeBeforeTaxRatio": 0.0123219099, "incomeTaxExpense": -8000000, "netIncome": 40000000, "netIncomeRatio": 0.0154023874, "eps": 0.14, "epsdiluted": 0.14, "weightedAverageShsOut": 281000000, "weightedAverageShsOutDil": 284000000, "link": "https://www.sec.gov/Archives/edgar/data/896878/000089687822000036/0000896878-22-000036-index.htm", "finalLink": "https://www.sec.gov/Archives/edgar/data/896878/000089687822000036/intu-20221031.htm"}, {"date": "2022-07-31", "symbol": "INTU", "reportedCurrency": "USD", "cik": "0000896878", "fillingDate": "2022-09-02", "acceptedDate": "2022-09-02 17:09:05", "calendarYear": "2022", "period": "Q4", "revenue": 2414000000, "costOfRevenue": 600000000, "grossProfit": 1814000000, "grossProfitRatio": 0.7514498757, "researchAndDevelopmentExpenses": 627000000, "generalAndAdministrativeExpenses": 334000000, "sellingAndMarketingExpenses": 807000000, "sellingGeneralAndAdministrativeExpenses": 1141000000, "otherExpenses": 121000000, "operatingExpenses": 1889000000, "costAndExpenses": 2489000000, "interestIncome": 9000000, "interestExpense": 32000000, "depreciationAndAmortization": 208000000, "ebitda": 141000000, "ebitdaratio": 0.0584092792, "operatingIncome": -75000000, "operatingIncomeRatio": -0.0310687655, "totalOtherIncomeExpensesNet": -24000000, "incomeBeforeTax": -99000000, "incomeBeforeTaxRatio": -0.0410107705, "incomeTaxExpense": -43000000, "netIncome": -56000000, "netIncomeRatio": -0.0231980116, "eps": -0.2, "epsdiluted": -0.2, "weightedAverageShsOut": 278028775, "weightedAverageShsOutDil": 282000000, "link": "https://www.sec.gov/Archives/edgar/data/896878/000089687822000028/0000896878-22-000028-index.htm", "finalLink": "https://www.sec.gov/Archives/edgar/data/896878/000089687822000028/intu-20220731.htm"}, {"date": "2022-04-30", "symbol": "INTU", "reportedCurrency": "USD", "cik": "0000896878", "fillingDate": "2022-05-24", "acceptedDate": "2022-05-24 16:04:31", "calendarYear": "2022", "period": "Q3", "revenue": 5632000000, "costOfRevenue": 824000000, "grossProfit": 4808000000, "grossProfitRatio": 0.8536931818, "researchAndDevelopmentExpenses": 600000000, "generalAndAdministrativeExpenses": 465000000, "sellingAndMarketingExpenses": 1227000000, "sellingGeneralAndAdministrativeExpenses": 1692000000, "otherExpenses": 121000000, "operatingExpenses": 2413000000, "costAndExpenses": 3237000000, "interestIncome": 10000000, "interestExpense": 22000000, "depreciationAndAmortization": 209000000, "ebitda": 2603000000, "ebitdaratio": 0.4621803977, "operatingIncome": 2395000000, "operatingIncomeRatio": 0.4252485795, "totalOtherIncomeExpensesNet": -22000000, "incomeBeforeTax": 2373000000, "incomeBeforeTaxRatio": 0.4213423295, "incomeTaxExpense": 579000000, "netIncome": 1794000000, "netIncomeRatio": 0.3185369318, "eps": 6.36, "epsdiluted": 6.27, "weightedAverageShsOut": 282000000, "weightedAverageShsOutDil": 286000000, "link": "https://www.sec.gov/Archives/edgar/data/896878/000089687822000021/0000896878-22-000021-index.htm", "finalLink": "https://www.sec.gov/Archives/edgar/data/896878/000089687822000021/intu-20220430.htm"}, {"date": "2022-01-31", "symbol": "INTU", "reportedCurrency": "USD", "cik": "0000896878", "fillingDate": "2022-03-02", "acceptedDate": "2022-03-02 15:03:42", "calendarYear": "2022", "period": "Q2", "revenue": 2673000000, "costOfRevenue": 565000000, "grossProfit": 2108000000, "grossProfitRatio": 0.7886270108, "researchAndDevelopmentExpenses": 590000000, "generalAndAdministrativeExpenses": 399000000, "sellingAndMarketingExpenses": 942000000, "sellingGeneralAndAdministrativeExpenses": 1341000000, "otherExpenses": 121000000, "operatingExpenses": 2052000000, "costAndExpenses": 2617000000, "interestIncome": 0, "interestExpense": 21000000, "depreciationAndAmortization": 215000000, "ebitda": 266000000, "ebitdaratio": 0.0995136551, "operatingIncome": 56000000, "operatingIncomeRatio": 0.0209502432, "totalOtherIncomeExpensesNet": -26000000, "incomeBeforeTax": 30000000, "incomeBeforeTaxRatio": 0.0112233446, "incomeTaxExpense": -70000000, "netIncome": 100000000, "netIncomeRatio": 0.0374111485, "eps": 0.35, "epsdiluted": 0.35, "weightedAverageShsOut": 283000000, "weightedAverageShsOutDil": 287000000, "link": "https://www.sec.gov/Archives/edgar/data/896878/000089687822000010/0000896878-22-000010-index.htm", "finalLink": "https://www.sec.gov/Archives/edgar/data/896878/000089687822000010/intu-20220131.htm"}, {"date": "2021-10-31", "symbol": "INTU", "reportedCurrency": "USD", "cik": "0000896878", "fillingDate": "2021-11-18", "acceptedDate": "2021-11-18 16:36:00", "calendarYear": "2022", "period": "Q1", "revenue": 2007000000, "costOfRevenue": 417000000, "grossProfit": 1590000000, "grossProfitRatio": 0.7922272048, "researchAndDevelopmentExpenses": 530000000, "generalAndAdministrativeExpenses": 262000000, "sellingAndMarketingExpenses": 550000000, "sellingGeneralAndAdministrativeExpenses": 812000000, "otherExpenses": 53000000, "operatingExpenses": 1395000000, "costAndExpenses": 1812000000, "interestIncome": 46000000, "interestExpense": 7000000, "depreciationAndAmortization": 114000000, "ebitda": 359000000, "ebitdaratio": 0.1788739412, "operatingIncome": 195000000, "operatingIncomeRatio": 0.0971599402, "totalOtherIncomeExpensesNet": 43000000, "incomeBeforeTax": 238000000, "incomeBeforeTaxRatio": 0.1185849527, "incomeTaxExpense": 10000000, "netIncome": 228000000, "netIncomeRatio": 0.1136023916, "eps": 0.84, "epsdiluted": 0.82, "weightedAverageShsOut": 273000000, "weightedAverageShsOutDil": 277000000, "link": "https://www.sec.gov/Archives/edgar/data/896878/000089687821000260/0000896878-21-000260-index.htm", "finalLink": "https://www.sec.gov/Archives/edgar/data/896878/000089687821000260/intu-20211031.htm"}, {"date": "2021-07-31", "symbol": "INTU", "reportedCurrency": "USD", "cik": "0000896878", "fillingDate": "2021-09-08", "acceptedDate": "2021-09-08 16:09:57", "calendarYear": "2021", "period": "Q4", "revenue": 2561000000, "costOfRevenue": 465000000, "grossProfit": 2096000000, "grossProfitRatio": 0.8184303007, "researchAndDevelopmentExpenses": 521000000, "generalAndAdministrativeExpenses": 274000000, "sellingAndMarketingExpenses": 845000000, "sellingGeneralAndAdministrativeExpenses": 1119000000, "otherExpenses": 58000000, "operatingExpenses": 1694000000, "costAndExpenses": 2159000000, "interestIncome": 4000000, "interestExpense": 7000000, "depreciationAndAmortization": 113000000, "ebitda": 523000000, "ebitdaratio": 0.2042171027, "operatingIncome": 402000000, "operatingIncomeRatio": 0.1569699336, "totalOtherIncomeExpensesNet": 1000000, "incomeBeforeTax": 403000000, "incomeBeforeTaxRatio": 0.1573604061, "incomeTaxExpense": 23000000, "netIncome": 380000000, "netIncomeRatio": 0.1483795392, "eps": 1.39, "epsdiluted": 1.37, "weightedAverageShsOut": 273000000, "weightedAverageShsOutDil": 277000000, "link": "https://www.sec.gov/Archives/edgar/data/896878/000089687821000233/0000896878-21-000233-index.htm", "finalLink": "https://www.sec.gov/Archives/edgar/data/896878/000089687821000233/intu-20210731.htm"}, {"date": "2021-04-30", "symbol": "INTU", "reportedCurrency": "USD", "cik": "0000896878", "fillingDate": "2021-05-25", "acceptedDate": "2021-05-25 16:06:47", "calendarYear": "2021", "period": "Q3", "revenue": 4173000000, "costOfRevenue": 595000000, "grossProfit": 3578000000, "grossProfitRatio": 0.8574167266, "researchAndDevelopmentExpenses": 464000000, "generalAndAdministrativeExpenses": 289000000, "sellingAndMarketingExpenses": 857000000, "sellingGeneralAndAdministrativeExpenses": 1146000000, "otherExpenses": 54000000, "operatingExpenses": 1664000000, "costAndExpenses": 2259000000, "interestIncome": 4000000, "interestExpense": 7000000, "depreciationAndAmortization": 113000000, "ebitda": 2041000000, "ebitdaratio": 0.4890965732, "operatingIncome": 1914000000, "operatingIncomeRatio": 0.4586628325, "totalOtherIncomeExpensesNet": 7000000, "incomeBeforeTax": 1921000000, "incomeBeforeTaxRatio": 0.4603402828, "incomeTaxExpense": 457000000, "netIncome": 1464000000, "netIncomeRatio": 0.3508267434, "eps": 5.36, "epsdiluted": 5.3, "weightedAverageShsOut": 273000000, "weightedAverageShsOutDil": 276000000, "link": "https://www.sec.gov/Archives/edgar/data/896878/000089687821000115/0000896878-21-000115-index.htm", "finalLink": "https://www.sec.gov/Archives/edgar/data/896878/000089687821000115/intu-20210430.htm"}, {"date": "2021-01-31", "symbol": "INTU", "reportedCurrency": "USD", "cik": "0000896878", "fillingDate": "2021-02-23", "acceptedDate": "2021-02-23 16:09:29", "calendarYear": "2021", "period": "Q2", "revenue": 1576000000, "costOfRevenue": 367000000, "grossProfit": 1209000000, "grossProfitRatio": 0.7671319797, "researchAndDevelopmentExpenses": 368000000, "generalAndAdministrativeExpenses": 236000000, "sellingAndMarketingExpenses": 580000000, "sellingGeneralAndAdministrativeExpenses": 816000000, "otherExpenses": 50000000, "operatingExpenses": 1234000000, "costAndExpenses": 1601000000, "interestIncome": 40000000, "interestExpense": 7000000, "depreciationAndAmortization": 91000000, "ebitda": 120000000, "ebitdaratio": 0.076142132, "operatingIncome": -25000000, "operatingIncomeRatio": -0.0158629442, "totalOtherIncomeExpensesNet": 47000000, "incomeBeforeTax": 22000000, "incomeBeforeTaxRatio": 0.0139593909, "incomeTaxExpense": 2000000, "netIncome": 20000000, "netIncomeRatio": 0.0126903553, "eps": 0.07, "epsdiluted": 0.07, "weightedAverageShsOut": 270000000, "weightedAverageShsOutDil": 273000000, "link": "https://www.sec.gov/Archives/edgar/data/896878/000089687821000059/0000896878-21-000059-index.htm", "finalLink": "https://www.sec.gov/Archives/edgar/data/896878/000089687821000059/intu-20210131.htm"}, {"date": "2020-10-31", "symbol": "INTU", "reportedCurrency": "USD", "cik": "0000896878", "fillingDate": "2020-11-19", "acceptedDate": "2020-11-19 16:07:05", "calendarYear": "2021", "period": "Q1", "revenue": 1323000000, "costOfRevenue": 256000000, "grossProfit": 1067000000, "grossProfitRatio": 0.8065003779, "researchAndDevelopmentExpenses": 325000000, "generalAndAdministrativeExpenses": 169000000, "sellingAndMarketingExpenses": 362000000, "sellingGeneralAndAdministrativeExpenses": 531000000, "otherExpenses": 6000000, "operatingExpenses": 858000000, "costAndExpenses": 1114000000, "interestIncome": 10000000, "interestExpense": 8000000, "depreciationAndAmortization": 46000000, "ebitda": 264000000, "ebitdaratio": 0.1995464853, "operatingIncome": 209000000, "operatingIncomeRatio": 0.1579743008, "totalOtherIncomeExpensesNet": 1000000, "incomeBeforeTax": 210000000, "incomeBeforeTaxRatio": 0.1587301587, "incomeTaxExpense": 12000000, "netIncome": 198000000, "netIncomeRatio": 0.1496598639, "eps": 0.75, "epsdiluted": 0.75, "weightedAverageShsOut": 263000000, "weightedAverageShsOutDil": 265000000, "link": "https://www.sec.gov/Archives/edgar/data/896878/000089687820000223/0000896878-20-000223-index.htm", "finalLink": "https://www.sec.gov/Archives/edgar/data/896878/000089687820000223/intu-20201031.htm"}, {"date": "2020-07-31", "symbol": "INTU", "reportedCurrency": "USD", "cik": "0000896878", "fillingDate": "2020-08-31", "acceptedDate": "2020-08-31 16:31:44", "calendarYear": "2020", "period": "Q4", "revenue": 1816000000, "costOfRevenue": 322000000, "grossProfit": 1494000000, "grossProfitRatio": 0.8226872247, "researchAndDevelopmentExpenses": 393000000, "generalAndAdministrativeExpenses": 193000000, "sellingAndMarketingExpenses": 424000000, "sellingGeneralAndAdministrativeExpenses": 617000000, "otherExpenses": 4000000, "operatingExpenses": 1011000000, "costAndExpenses": 1333000000, "interestIncome": 6000000, "interestExpense": 12000000, "depreciationAndAmortization": 50000000, "ebitda": 548000000, "ebitdaratio": 0.3017621145, "operatingIncome": 483000000, "operatingIncomeRatio": 0.265969163, "totalOtherIncomeExpensesNet": 3000000, "incomeBeforeTax": 486000000, "incomeBeforeTaxRatio": 0.2676211454, "incomeTaxExpense": 41000000, "netIncome": 445000000, "netIncomeRatio": 0.2450440529, "eps": 1.7, "epsdiluted": 1.68, "weightedAverageShsOut": 262000000, "weightedAverageShsOutDil": 264000000, "link": "https://www.sec.gov/Archives/edgar/data/896878/000089687820000148/0000896878-20-000148-index.htm", "finalLink": "https://www.sec.gov/Archives/edgar/data/896878/000089687820000148/fy20q410-kdocument.htm"}, {"date": "2020-04-30", "symbol": "INTU", "reportedCurrency": "USD", "cik": "0000896878", "fillingDate": "2020-05-21", "acceptedDate": "2020-05-21 16:22:09", "calendarYear": "2020", "period": "Q3", "revenue": 3002000000, "costOfRevenue": 426000000, "grossProfit": 2576000000, "grossProfitRatio": 0.8580946036, "researchAndDevelopmentExpenses": 332000000, "generalAndAdministrativeExpenses": 181000000, "sellingAndMarketingExpenses": 648000000, "sellingGeneralAndAdministrativeExpenses": 829000000, "otherExpenses": 0, "operatingExpenses": 1163000000, "costAndExpenses": 1589000000, "interestIncome": 10000000, "interestExpense": 2000000, "depreciationAndAmortization": 54000000, "ebitda": 1464000000, "ebitdaratio": 0.4876748834, "operatingIncome": 1413000000, "operatingIncomeRatio": 0.4706862092, "totalOtherIncomeExpensesNet": -5000000, "incomeBeforeTax": 1408000000, "incomeBeforeTaxRatio": 0.4690206529, "incomeTaxExpense": 324000000, "netIncome": 1084000000, "netIncomeRatio": 0.3610926049, "eps": 4.15, "epsdiluted": 4.11, "weightedAverageShsOut": 261000000, "weightedAverageShsOutDil": 264000000, "link": "https://www.sec.gov/Archives/edgar/data/896878/000089687820000065/0000896878-20-000065-index.htm", "finalLink": "https://www.sec.gov/Archives/edgar/data/896878/000089687820000065/a10-qdocumentxfy20q3.htm"}, {"date": "2020-01-31", "symbol": "INTU", "reportedCurrency": "USD", "cik": "0000896878", "fillingDate": "2020-02-24", "acceptedDate": "2020-02-24 16:43:37", "calendarYear": "2020", "period": "Q2", "revenue": 1696000000, "costOfRevenue": 340000000, "grossProfit": 1356000000, "grossProfitRatio": 0.7995283019, "researchAndDevelopmentExpenses": 333000000, "generalAndAdministrativeExpenses": 159000000, "sellingAndMarketingExpenses": 593000000, "sellingGeneralAndAdministrativeExpenses": 752000000, "otherExpenses": 4000000, "operatingExpenses": 1086000000, "costAndExpenses": 1426000000, "interestIncome": 11000000, "interestExpense": 3000000, "depreciationAndAmortization": 57000000, "ebitda": 342000000, "ebitdaratio": 0.2016509434, "operatingIncome": 270000000, "operatingIncomeRatio": 0.1591981132, "totalOtherIncomeExpensesNet": 12000000, "incomeBeforeTax": 282000000, "incomeBeforeTaxRatio": 0.1662735849, "incomeTaxExpense": 42000000, "netIncome": 240000000, "netIncomeRatio": 0.141509434, "eps": 0.92, "epsdiluted": 0.91, "weightedAverageShsOut": 261000000, "weightedAverageShsOutDil": 264000000, "link": "https://www.sec.gov/Archives/edgar/data/896878/000089687820000027/0000896878-20-000027-index.htm", "finalLink": "https://www.sec.gov/Archives/edgar/data/896878/000089687820000027/a10-qdocumentxfy20q2.htm"}, {"date": "2019-10-31", "symbol": "INTU", "reportedCurrency": "USD", "cik": "0000896878", "fillingDate": "2019-11-21", "acceptedDate": "2019-11-21 16:50:58", "calendarYear": "2020", "period": "Q1", "revenue": 1165000000, "costOfRevenue": 290000000, "grossProfit": 875000000, "grossProfitRatio": 0.7510729614, "researchAndDevelopmentExpenses": 334000000, "generalAndAdministrativeExpenses": 146000000, "sellingAndMarketingExpenses": 383000000, "sellingGeneralAndAdministrativeExpenses": 529000000, "otherExpenses": 2000000, "operatingExpenses": 865000000, "costAndExpenses": 1155000000, "interestIncome": 12000000, "interestExpense": 2000000, "depreciationAndAmortization": 57000000, "ebitda": 81000000, "ebitdaratio": 0.069527897, "operatingIncome": 10000000, "operatingIncomeRatio": 0.008583691, "totalOtherIncomeExpensesNet": 12000000, "incomeBeforeTax": 22000000, "incomeBeforeTaxRatio": 0.0188841202, "incomeTaxExpense": -35000000, "netIncome": 57000000, "netIncomeRatio": 0.0489270386, "eps": 0.22, "epsdiluted": 0.22, "weightedAverageShsOut": 261000000, "weightedAverageShsOutDil": 264000000, "link": "https://www.sec.gov/Archives/edgar/data/896878/000089687819000174/0000896878-19-000174-index.htm", "finalLink": "https://www.sec.gov/Archives/edgar/data/896878/000089687819000174/a10-qdocumentxfy20q1.htm"}, {"date": "2019-07-31", "symbol": "INTU", "reportedCurrency": "USD", "cik": "0000896878", "fillingDate": "2019-08-30", "acceptedDate": "2019-08-30 16:30:04", "calendarYear": "2019", "period": "Q4", "revenue": 994000000, "costOfRevenue": 281000000, "grossProfit": 713000000, "grossProfitRatio": 0.7173038229, "researchAndDevelopmentExpenses": 333000000, "generalAndAdministrativeExpenses": 150000000, "sellingAndMarketingExpenses": 381000000, "sellingGeneralAndAdministrativeExpenses": 531000000, "otherExpenses": 2000000, "operatingExpenses": 866000000, "costAndExpenses": 1147000000, "interestIncome": 19000000, "interestExpense": 4000000, "depreciationAndAmortization": 59000000, "ebitda": -75000000, "ebitdaratio": -0.0754527163, "operatingIncome": -153000000, "operatingIncomeRatio": -0.1539235412, "totalOtherIncomeExpensesNet": 16000000, "incomeBeforeTax": -137000000, "incomeBeforeTaxRatio": -0.1378269618, "incomeTaxExpense": -93000000, "netIncome": -44000000, "netIncomeRatio": -0.0442655936, "eps": -0.17, "epsdiluted": -0.17, "weightedAverageShsOut": 254902528, "weightedAverageShsOutDil": 260000000, "link": "https://www.sec.gov/Archives/edgar/data/896878/000089687819000132/0000896878-19-000132-index.htm", "finalLink": "https://www.sec.gov/Archives/edgar/data/896878/000089687819000132/fy19q410-kdocument.htm"}, {"date": "2019-04-30", "symbol": "INTU", "reportedCurrency": "USD", "cik": "0000896878", "fillingDate": "2019-05-23", "acceptedDate": "2019-05-23 16:08:01", "calendarYear": "2019", "period": "Q3", "revenue": 3272000000, "costOfRevenue": 354000000, "grossProfit": 2918000000, "grossProfitRatio": 0.891809291, "researchAndDevelopmentExpenses": 311000000, "generalAndAdministrativeExpenses": 170000000, "sellingAndMarketingExpenses": 652000000, "sellingGeneralAndAdministrativeExpenses": 822000000, "otherExpenses": 3000000, "operatingExpenses": 1134000000, "costAndExpenses": 1488000000, "interestIncome": 14000000, "interestExpense": 4000000, "depreciationAndAmortization": 54000000, "ebitda": 1855000000, "ebitdaratio": 0.5669315403, "operatingIncome": 1784000000, "operatingIncomeRatio": 0.5452322738, "totalOtherIncomeExpensesNet": 13000000, "incomeBeforeTax": 1797000000, "incomeBeforeTaxRatio": 0.549205379, "incomeTaxExpense": 419000000, "netIncome": 1378000000, "netIncomeRatio": 0.4211491443, "eps": 5.3, "epsdiluted": 5.22, "weightedAverageShsOut": 260000000, "weightedAverageShsOutDil": 264000000, "link": "https://www.sec.gov/Archives/edgar/data/896878/000089687819000077/0000896878-19-000077-index.htm", "finalLink": "https://www.sec.gov/Archives/edgar/data/896878/000089687819000077/a10-qdocumentxfy19q3.htm"}, {"date": "2019-01-31", "symbol": "INTU", "reportedCurrency": "USD", "cik": "0000896878", "fillingDate": "2019-02-22", "acceptedDate": "2019-02-22 13:47:45", "calendarYear": "2019", "period": "Q2", "revenue": 1502000000, "costOfRevenue": 285000000, "grossProfit": 1217000000, "grossProfitRatio": 0.810252996, "researchAndDevelopmentExpenses": 295000000, "generalAndAdministrativeExpenses": 140000000, "sellingAndMarketingExpenses": 548000000, "sellingGeneralAndAdministrativeExpenses": 688000000, "otherExpenses": -1000000, "operatingExpenses": 984000000, "costAndExpenses": 1269000000, "interestIncome": 6000000, "interestExpense": 4000000, "depreciationAndAmortization": 55000000, "ebitda": 294000000, "ebitdaratio": 0.1957390146, "operatingIncome": 233000000, "operatingIncomeRatio": 0.155126498, "totalOtherIncomeExpensesNet": 2000000, "incomeBeforeTax": 235000000, "incomeBeforeTaxRatio": 0.1564580559, "incomeTaxExpense": 46000000, "netIncome": 189000000, "netIncomeRatio": 0.1258322237, "eps": 0.73, "epsdiluted": 0.72, "weightedAverageShsOut": 260000000, "weightedAverageShsOutDil": 264000000, "link": "https://www.sec.gov/Archives/edgar/data/896878/000089687819000042/0000896878-19-000042-index.htm", "finalLink": "https://www.sec.gov/Archives/edgar/data/896878/000089687819000042/a10-qdocumentxfy19q2.htm"}, {"date": "2018-10-31", "symbol": "INTU", "reportedCurrency": "USD", "cik": "0000896878", "fillingDate": "2018-11-20", "acceptedDate": "2018-11-20 15:15:13", "calendarYear": "2019", "period": "Q1", "revenue": 1016000000, "costOfRevenue": 247000000, "grossProfit": 769000000, "grossProfitRatio": 0.7568897638, "researchAndDevelopmentExpenses": 294000000, "generalAndAdministrativeExpenses": 137000000, "sellingAndMarketingExpenses": 346000000, "sellingGeneralAndAdministrativeExpenses": 483000000, "otherExpenses": 0, "operatingExpenses": 779000000, "costAndExpenses": 1026000000, "interestIncome": 7000000, "interestExpense": 4000000, "depreciationAndAmortization": 57000000, "ebitda": 47000000, "ebitdaratio": 0.0462598425, "operatingIncome": -10000000, "operatingIncomeRatio": -0.0098425197, "totalOtherIncomeExpensesNet": -4000000, "incomeBeforeTax": -14000000, "incomeBeforeTaxRatio": -0.0137795276, "incomeTaxExpense": -48000000, "netIncome": 34000000, "netIncomeRatio": 0.0334645669, "eps": 0.13, "epsdiluted": 0.13, "weightedAverageShsOut": 260000000, "weightedAverageShsOutDil": 264000000, "link": "https://www.sec.gov/Archives/edgar/data/896878/000089687818000212/0000896878-18-000212-index.htm", "finalLink": "https://www.sec.gov/Archives/edgar/data/896878/000089687818000212/a10-qdocumentxfy19q1.htm"}, {"date": "2018-07-31", "symbol": "INTU", "reportedCurrency": "USD", "cik": "0000896878", "fillingDate": "2018-08-31", "acceptedDate": "2018-08-31 17:05:17", "calendarYear": "2018", "period": "Q4", "revenue": 988000000, "costOfRevenue": 231000000, "grossProfit": 757000000, "grossProfitRatio": 0.766194332, "researchAndDevelopmentExpenses": 311000000, "generalAndAdministrativeExpenses": 217000000, "sellingAndMarketingExpenses": 308000000, "sellingGeneralAndAdministrativeExpenses": 525000000, "otherExpenses": 1000000, "operatingExpenses": 838000000, "costAndExpenses": 1069000000, "interestIncome": 8000000, "interestExpense": 4000000, "depreciationAndAmortization": 2000000, "ebitda": -68000000, "ebitdaratio": -0.0688259109, "operatingIncome": -81000000, "operatingIncomeRatio": -0.0819838057, "totalOtherIncomeExpensesNet": 7000000, "incomeBeforeTax": -74000000, "incomeBeforeTaxRatio": -0.0748987854, "incomeTaxExpense": -123000000, "netIncome": 49000000, "netIncomeRatio": 0.0495951417, "eps": 0.19, "epsdiluted": 0.18, "weightedAverageShsOut": 258000000, "weightedAverageShsOutDil": 263000000, "link": "https://www.sec.gov/Archives/edgar/data/896878/000089687818000171/0000896878-18-000171-index.htm", "finalLink": "https://www.sec.gov/Archives/edgar/data/896878/000089687818000171/fy18q410-kdocument.htm"}, {"date": "2018-04-30", "symbol": "INTU", "reportedCurrency": "USD", "cik": "0000896878", "fillingDate": "2018-05-22", "acceptedDate": "2018-05-22 16:16:15", "calendarYear": "2018", "period": "Q3", "revenue": 2925000000, "costOfRevenue": 304000000, "grossProfit": 2621000000, "grossProfitRatio": 0.8960683761, "researchAndDevelopmentExpenses": 296000000, "generalAndAdministrativeExpenses": 159000000, "sellingAndMarketingExpenses": 549000000, "sellingGeneralAndAdministrativeExpenses": 708000000, "otherExpenses": 3000000, "operatingExpenses": 1006000000, "costAndExpenses": 1310000000, "interestIncome": 10000000, "interestExpense": 5000000, "depreciationAndAmortization": 64000000, "ebitda": 1672000000, "ebitdaratio": 0.5716239316, "operatingIncome": 1615000000, "operatingIncomeRatio": 0.5521367521, "totalOtherIncomeExpensesNet": 2000000, "incomeBeforeTax": 1603000000, "incomeBeforeTaxRatio": 0.548034188, "incomeTaxExpense": 417000000, "netIncome": 1200000000, "netIncomeRatio": 0.4102564103, "eps": 4.62, "epsdiluted": 4.53, "weightedAverageShsOut": 257000000, "weightedAverageShsOutDil": 262000000, "link": "https://www.sec.gov/Archives/edgar/data/896878/000089687818000075/0000896878-18-000075-index.htm", "finalLink": "https://www.sec.gov/Archives/edgar/data/896878/000089687818000075/a10-qdocumentxfy18q3.htm"}, {"date": "2018-01-31", "symbol": "INTU", "reportedCurrency": "USD", "cik": "0000896878", "fillingDate": "2018-02-22", "acceptedDate": "2018-02-22 16:18:32", "calendarYear": "2018", "period": "Q2", "revenue": 1165000000, "costOfRevenue": 246000000, "grossProfit": 919000000, "grossProfitRatio": 0.7888412017, "researchAndDevelopmentExpenses": 286000000, "generalAndAdministrativeExpenses": 143000000, "sellingAndMarketingExpenses": 469000000, "sellingGeneralAndAdministrativeExpenses": 612000000, "otherExpenses": 3000000, "operatingExpenses": 899000000, "costAndExpenses": 1145000000, "interestIncome": 2000000, "interestExpense": 6000000, "depreciationAndAmortization": 62000000, "ebitda": 261000000, "ebitdaratio": 0.2240343348, "operatingIncome": 20000000, "operatingIncomeRatio": 0.017167382, "totalOtherIncomeExpensesNet": -1000000, "incomeBeforeTax": 19000000, "incomeBeforeTaxRatio": 0.0163090129, "incomeTaxExpense": 40000000, "netIncome": -21000000, "netIncomeRatio": -0.0180257511, "eps": -0.082, "epsdiluted": -0.0808, "weightedAverageShsOut": 256000000, "weightedAverageShsOutDil": 260000000, "link": "https://www.sec.gov/Archives/edgar/data/896878/000089687818000036/0000896878-18-000036-index.htm", "finalLink": "https://www.sec.gov/Archives/edgar/data/896878/000089687818000036/fy18q210-qdocument.htm"}, {"date": "2017-10-31", "symbol": "INTU", "reportedCurrency": "USD", "cik": "0000896878", "fillingDate": "2017-11-20", "acceptedDate": "2017-11-20 16:11:50", "calendarYear": "2018", "period": "Q1", "revenue": 886000000, "costOfRevenue": 196000000, "grossProfit": 690000000, "grossProfitRatio": 0.7787810384, "researchAndDevelopmentExpenses": 293000000, "generalAndAdministrativeExpenses": 145000000, "sellingAndMarketingExpenses": 308000000, "sellingGeneralAndAdministrativeExpenses": 453000000, "otherExpenses": 1000000, "operatingExpenses": 747000000, "costAndExpenses": 943000000, "interestIncome": 2000000, "interestExpense": 5000000, "depreciationAndAmortization": 65000000, "ebitda": 33000000, "ebitdaratio": 0.0372460497, "operatingIncome": -57000000, "operatingIncomeRatio": -0.0643340858, "totalOtherIncomeExpensesNet": -2000000, "incomeBeforeTax": -59000000, "incomeBeforeTaxRatio": -0.0665914221, "incomeTaxExpense": -42000000, "netIncome": -17000000, "netIncomeRatio": -0.0191873589, "eps": -0.0664, "epsdiluted": -0.0664, "weightedAverageShsOut": 256000000, "weightedAverageShsOutDil": 256000000, "link": "https://www.sec.gov/Archives/edgar/data/896878/000089687817000170/0000896878-17-000170-index.htm", "finalLink": "https://www.sec.gov/Archives/edgar/data/896878/000089687817000170/fy18q110-qdocument.htm"}, {"date": "2017-07-31", "symbol": "INTU", "reportedCurrency": "USD", "cik": "0000896878", "fillingDate": "2017-09-01", "acceptedDate": "2017-09-01 16:13:14", "calendarYear": "2017", "period": "Q4", "revenue": 842000000, "costOfRevenue": 183000000, "grossProfit": 659000000, "grossProfitRatio": 0.7826603325, "researchAndDevelopmentExpenses": 263000000, "generalAndAdministrativeExpenses": 141000000, "sellingAndMarketingExpenses": 265000000, "sellingGeneralAndAdministrativeExpenses": 406000000, "otherExpenses": -1000000, "operatingExpenses": 669000000, "costAndExpenses": 852000000, "interestIncome": 2000000, "interestExpense": 3000000, "depreciationAndAmortization": 62000000, "ebitda": 55000000, "ebitdaratio": 0.0653206651, "operatingIncome": -10000000, "operatingIncomeRatio": -0.0118764846, "totalOtherIncomeExpensesNet": 0, "incomeBeforeTax": -10000000, "incomeBeforeTaxRatio": -0.0118764846, "incomeTaxExpense": -34000000, "netIncome": 24000000, "netIncomeRatio": 0.0285035629, "eps": 0.09, "epsdiluted": 0.09, "weightedAverageShsOut": 257000000, "weightedAverageShsOutDil": 261000000, "link": "https://www.sec.gov/Archives/edgar/data/896878/000089687817000130/0000896878-17-000130-index.htm", "finalLink": "https://www.sec.gov/Archives/edgar/data/896878/000089687817000130/fy17q410-kdocument.htm"}, {"date": "2017-04-30", "symbol": "INTU", "reportedCurrency": "USD", "cik": "0000896878", "fillingDate": "2017-05-23", "acceptedDate": "2017-05-23 16:07:30", "calendarYear": "2017", "period": "Q3", "revenue": 2541000000, "costOfRevenue": 237000000, "grossProfit": 2304000000, "grossProfitRatio": 0.906729634, "researchAndDevelopmentExpenses": 246000000, "generalAndAdministrativeExpenses": 146000000, "sellingAndMarketingExpenses": 467000000, "sellingGeneralAndAdministrativeExpenses": 613000000, "otherExpenses": 1000000, "operatingExpenses": 860000000, "costAndExpenses": 1097000000, "interestIncome": 2000000, "interestExpense": 8000000, "depreciationAndAmortization": 62000000, "ebitda": 1509000000, "ebitdaratio": 0.5938606848, "operatingIncome": 1444000000, "operatingIncomeRatio": 0.5682802046, "totalOtherIncomeExpensesNet": -5000000, "incomeBeforeTax": 1439000000, "incomeBeforeTaxRatio": 0.5663124754, "incomeTaxExpense": 475000000, "netIncome": 964000000, "netIncomeRatio": 0.3793781976, "eps": 3.76, "epsdiluted": 3.7, "weightedAverageShsOut": 256000000, "weightedAverageShsOutDil": 260000000, "link": "https://www.sec.gov/Archives/edgar/data/896878/000089687817000048/0000896878-17-000048-index.htm", "finalLink": "https://www.sec.gov/Archives/edgar/data/896878/000089687817000048/fy17q310qdocument.htm"}, {"date": "2017-01-31", "symbol": "INTU", "reportedCurrency": "USD", "cik": "0000896878", "fillingDate": "2017-02-23", "acceptedDate": "2017-02-23 16:22:43", "calendarYear": "2017", "period": "Q2", "revenue": 1016000000, "costOfRevenue": 206000000, "grossProfit": 810000000, "grossProfitRatio": 0.7972440945, "researchAndDevelopmentExpenses": 243000000, "generalAndAdministrativeExpenses": 140000000, "sellingAndMarketingExpenses": 405000000, "sellingGeneralAndAdministrativeExpenses": 545000000, "otherExpenses": -2000000, "operatingExpenses": 788000000, "costAndExpenses": 994000000, "interestIncome": 1000000, "interestExpense": 11000000, "depreciationAndAmortization": 57000000, "ebitda": 79000000, "ebitdaratio": 0.0777559055, "operatingIncome": 22000000, "operatingIncomeRatio": 0.0216535433, "totalOtherIncomeExpensesNet": -12000000, "incomeBeforeTax": 10000000, "incomeBeforeTaxRatio": 0.0098425197, "incomeTaxExpense": -3000000, "netIncome": 13000000, "netIncomeRatio": 0.0127952756, "eps": 0.05, "epsdiluted": 0.05, "weightedAverageShsOut": 257000000, "weightedAverageShsOutDil": 260000000, "link": "https://www.sec.gov/Archives/edgar/data/896878/000089687817000030/0000896878-17-000030-index.htm", "finalLink": "https://www.sec.gov/Archives/edgar/data/896878/000089687817000030/fy17q210qdocument.htm"}, {"date": "2016-10-31", "symbol": "INTU", "reportedCurrency": "USD", "cik": "0000896878", "fillingDate": "2016-11-18", "acceptedDate": "2016-11-18 14:38:16", "calendarYear": "2017", "period": "Q1", "revenue": 778000000, "costOfRevenue": 183000000, "grossProfit": 595000000, "grossProfitRatio": 0.764781491, "researchAndDevelopmentExpenses": 246000000, "generalAndAdministrativeExpenses": 126000000, "sellingAndMarketingExpenses": 283000000, "sellingGeneralAndAdministrativeExpenses": 409000000, "otherExpenses": 1000000, "operatingExpenses": 656000000, "costAndExpenses": 839000000, "interestIncome": 1000000, "interestExpense": 11000000, "depreciationAndAmortization": 55000000, "ebitda": -8000000, "ebitdaratio": -0.0102827763, "operatingIncome": -61000000, "operatingIncomeRatio": -0.0784061697, "totalOtherIncomeExpensesNet": -11000000, "incomeBeforeTax": -72000000, "incomeBeforeTaxRatio": -0.0925449871, "incomeTaxExpense": -42000000, "netIncome": -30000000, "netIncomeRatio": -0.0385604113, "eps": -0.12, "epsdiluted": -0.12, "weightedAverageShsOut": 250000000, "weightedAverageShsOutDil": 258000000, "link": "https://www.sec.gov/Archives/edgar/data/896878/000089687816000316/0000896878-16-000316-index.htm", "finalLink": "https://www.sec.gov/Archives/edgar/data/896878/000089687816000316/fy17q110qdocument.htm"}, {"date": "2016-07-31", "symbol": "INTU", "reportedCurrency": "USD", "cik": "0000896878", "fillingDate": "2016-09-01", "acceptedDate": "2016-09-01 16:23:59", "calendarYear": "2016", "period": "Q4", "revenue": 754000000, "costOfRevenue": 171000000, "grossProfit": 583000000, "grossProfitRatio": 0.7732095491, "researchAndDevelopmentExpenses": 235000000, "generalAndAdministrativeExpenses": 132000000, "sellingAndMarketingExpenses": 266000000, "sellingGeneralAndAdministrativeExpenses": 398000000, "otherExpenses": 6000000, "operatingExpenses": 639000000, "costAndExpenses": 810000000, "interestIncome": 1000000, "interestExpense": 9000000, "depreciationAndAmortization": 63000000, "ebitda": 10000000, "ebitdaratio": 0.0132625995, "operatingIncome": -56000000, "operatingIncomeRatio": -0.074270557, "totalOtherIncomeExpensesNet": -6000000, "incomeBeforeTax": -62000000, "incomeBeforeTaxRatio": -0.0822281167, "incomeTaxExpense": -22000000, "netIncome": -40000000, "netIncomeRatio": -0.0530503979, "eps": -0.16, "epsdiluted": -0.16, "weightedAverageShsOut": 252024068, "weightedAverageShsOutDil": 257000000, "link": "https://www.sec.gov/Archives/edgar/data/896878/000089687816000286/0000896878-16-000286-index.htm", "finalLink": "https://www.sec.gov/Archives/edgar/data/896878/000089687816000286/fy16q410-kdocument.htm"}, {"date": "2016-04-30", "symbol": "INTU", "reportedCurrency": "USD", "cik": "0000896878", "fillingDate": "2016-05-24", "acceptedDate": "2016-05-24 16:12:42", "calendarYear": "2016", "period": "Q3", "revenue": 2304000000, "costOfRevenue": 216000000, "grossProfit": 2088000000, "grossProfitRatio": 0.90625, "researchAndDevelopmentExpenses": 228000000, "generalAndAdministrativeExpenses": 149000000, "sellingAndMarketingExpenses": 423000000, "sellingGeneralAndAdministrativeExpenses": 572000000, "otherExpenses": 3000000, "operatingExpenses": 803000000, "costAndExpenses": 1019000000, "interestIncome": 1000000, "interestExpense": 10000000, "depreciationAndAmortization": 62000000, "ebitda": 1349000000, "ebitdaratio": 0.5855034722, "operatingIncome": 1285000000, "operatingIncomeRatio": 0.5577256944, "totalOtherIncomeExpensesNet": -8000000, "incomeBeforeTax": 1277000000, "incomeBeforeTaxRatio": 0.5542534722, "incomeTaxExpense": 429000000, "netIncome": 1026000000, "netIncomeRatio": 0.4453125, "eps": 4, "epsdiluted": 3.94, "weightedAverageShsOut": 257000000, "weightedAverageShsOutDil": 260000000, "link": "https://www.sec.gov/Archives/edgar/data/896878/000089687816000225/0000896878-16-000225-index.htm", "finalLink": "https://www.sec.gov/Archives/edgar/data/896878/000089687816000225/fy16q310qdocument.htm"}, {"date": "2016-01-31", "symbol": "INTU", "reportedCurrency": "USD", "cik": "0000896878", "fillingDate": "2016-02-25", "acceptedDate": "2016-02-25 16:35:26", "calendarYear": "2016", "period": "Q2", "revenue": 923000000, "costOfRevenue": 199000000, "grossProfit": 724000000, "grossProfitRatio": 0.7843986999, "researchAndDevelopmentExpenses": 205000000, "generalAndAdministrativeExpenses": 120000000, "sellingAndMarketingExpenses": 356000000, "sellingGeneralAndAdministrativeExpenses": 476000000, "otherExpenses": 1000000, "operatingExpenses": 682000000, "costAndExpenses": 881000000, "interestIncome": 0, "interestExpense": 9000000, "depreciationAndAmortization": 52000000, "ebitda": 94000000, "ebitdaratio": 0.1018418202, "operatingIncome": 42000000, "operatingIncomeRatio": 0.045503792, "totalOtherIncomeExpensesNet": -14000000, "incomeBeforeTax": 28000000, "incomeBeforeTaxRatio": 0.0303358613, "incomeTaxExpense": -1000000, "netIncome": 24000000, "netIncomeRatio": 0.0260021668, "eps": 0.09, "epsdiluted": 0.09, "weightedAverageShsOut": 263000000, "weightedAverageShsOutDil": 266000000, "link": "https://www.sec.gov/Archives/edgar/data/896878/000089687816000197/0000896878-16-000197-index.htm", "finalLink": "https://www.sec.gov/Archives/edgar/data/896878/000089687816000197/fy16q210qdocument.htm"}, {"date": "2015-10-31", "symbol": "INTU", "reportedCurrency": "USD", "cik": "0000896878", "fillingDate": "2015-11-20", "acceptedDate": "2015-11-20 14:50:05", "calendarYear": "2016", "period": "Q1", "revenue": 713000000, "costOfRevenue": 166000000, "grossProfit": 547000000, "grossProfitRatio": 0.7671809257, "researchAndDevelopmentExpenses": 213000000, "generalAndAdministrativeExpenses": 117000000, "sellingAndMarketingExpenses": 244000000, "sellingGeneralAndAdministrativeExpenses": 361000000, "otherExpenses": 0, "operatingExpenses": 576000000, "costAndExpenses": 742000000, "interestIncome": 2000000, "interestExpense": 11000000, "depreciationAndAmortization": 49000000, "ebitda": 20000000, "ebitdaratio": 0.0280504909, "operatingIncome": -29000000, "operatingIncomeRatio": -0.0406732118, "totalOtherIncomeExpensesNet": -11000000, "incomeBeforeTax": -40000000, "incomeBeforeTaxRatio": -0.0561009818, "incomeTaxExpense": -9000000, "netIncome": -31000000, "netIncomeRatio": -0.0434782609, "eps": -0.11, "epsdiluted": -0.11, "weightedAverageShsOut": 272000000, "weightedAverageShsOutDil": 272000000, "link": "https://www.sec.gov/Archives/edgar/data/896878/000089687815000140/0000896878-15-000140-index.htm", "finalLink": "https://www.sec.gov/Archives/edgar/data/896878/000089687815000140/fy16q110qdocument.htm"}, {"date": "2015-07-31", "symbol": "INTU", "reportedCurrency": "USD", "cik": "0000896878", "fillingDate": "2015-09-01", "acceptedDate": "2015-09-01 16:06:33", "calendarYear": "2015", "period": "Q4", "revenue": 696000000, "costOfRevenue": 176000000, "grossProfit": 520000000, "grossProfitRatio": 0.7471264368, "researchAndDevelopmentExpenses": 215000000, "generalAndAdministrativeExpenses": 118000000, "sellingAndMarketingExpenses": 280000000, "sellingGeneralAndAdministrativeExpenses": 398000000, "otherExpenses": 0, "operatingExpenses": 616000000, "costAndExpenses": 792000000, "interestIncome": 0, "interestExpense": 8000000, "depreciationAndAmortization": 61000000, "ebitda": -35000000, "ebitdaratio": -0.0502873563, "operatingIncome": -130000000, "operatingIncomeRatio": -0.1867816092, "totalOtherIncomeExpensesNet": -8000000, "incomeBeforeTax": -138000000, "incomeBeforeTaxRatio": -0.1982758621, "incomeTaxExpense": -36000000, "netIncome": 14000000, "netIncomeRatio": 0.0201149425, "eps": 0.05, "epsdiluted": 0.05, "weightedAverageShsOut": 277000000, "weightedAverageShsOutDil": 277000000, "link": "https://www.sec.gov/Archives/edgar/data/896878/000089687815000116/0000896878-15-000116-index.htm", "finalLink": "https://www.sec.gov/Archives/edgar/data/896878/000089687815000116/fy15q410-kdocument.htm"}, {"date": "2015-04-30", "symbol": "INTU", "reportedCurrency": "USD", "cik": "0000896878", "fillingDate": "2015-05-22", "acceptedDate": "2015-05-22 14:11:51", "calendarYear": "2015", "period": "Q3", "revenue": 2194000000, "costOfRevenue": 219000000, "grossProfit": 1975000000, "grossProfitRatio": 0.9001823154, "researchAndDevelopmentExpenses": 217000000, "generalAndAdministrativeExpenses": 135000000, "sellingAndMarketingExpenses": 448000000, "sellingGeneralAndAdministrativeExpenses": 583000000, "otherExpenses": -1000000, "operatingExpenses": 806000000, "costAndExpenses": 1025000000, "interestIncome": 1000000, "interestExpense": 7000000, "depreciationAndAmortization": 6000000, "ebitda": 1126000000, "ebitdaratio": 0.5132178669, "operatingIncome": 906000000, "operatingIncomeRatio": 0.4129443938, "totalOtherIncomeExpensesNet": -6000000, "incomeBeforeTax": 900000000, "incomeBeforeTaxRatio": 0.4102096627, "incomeTaxExpense": 399000000, "netIncome": 501000000, "netIncomeRatio": 0.2283500456, "eps": 1.81, "epsdiluted": 1.78, "weightedAverageShsOut": 277000000, "weightedAverageShsOutDil": 282000000, "link": "https://www.sec.gov/Archives/edgar/data/896878/000089687815000050/0000896878-15-000050-index.htm", "finalLink": "https://www.sec.gov/Archives/edgar/data/896878/000089687815000050/fy15q310qdocument.htm"}, {"date": "2015-01-31", "symbol": "INTU", "reportedCurrency": "USD", "cik": "0000896878", "fillingDate": "2015-02-19", "acceptedDate": "2015-02-19 16:13:19", "calendarYear": "2015", "period": "Q2", "revenue": 808000000, "costOfRevenue": 206000000, "grossProfit": 602000000, "grossProfitRatio": 0.745049505, "researchAndDevelopmentExpenses": 200000000, "generalAndAdministrativeExpenses": 118000000, "sellingAndMarketingExpenses": 376000000, "sellingGeneralAndAdministrativeExpenses": 494000000, "otherExpenses": 6000000, "operatingExpenses": 700000000, "costAndExpenses": 906000000, "interestIncome": 2000000, "interestExpense": 7000000, "depreciationAndAmortization": 57000000, "ebitda": -39000000, "ebitdaratio": -0.0482673267, "operatingIncome": -98000000, "operatingIncomeRatio": -0.1212871287, "totalOtherIncomeExpensesNet": -5000000, "incomeBeforeTax": -103000000, "incomeBeforeTaxRatio": -0.1274752475, "incomeTaxExpense": -37000000, "netIncome": -66000000, "netIncomeRatio": -0.0816831683, "eps": -0.23, "epsdiluted": -0.23, "weightedAverageShsOut": 285000000, "weightedAverageShsOutDil": 285000000, "link": "https://www.sec.gov/Archives/edgar/data/896878/000089687815000034/0000896878-15-000034-index.htm", "finalLink": "https://www.sec.gov/Archives/edgar/data/896878/000089687815000034/fy15q210qdocument.htm"}, {"date": "2014-10-31", "symbol": "INTU", "reportedCurrency": "USD", "cik": "0000896878", "fillingDate": "2014-11-21", "acceptedDate": "2014-11-21 13:52:08", "calendarYear": "2015", "period": "Q1", "revenue": 672000000, "costOfRevenue": 175000000, "grossProfit": 497000000, "grossProfitRatio": 0.7395833333, "researchAndDevelopmentExpenses": 200000000, "generalAndAdministrativeExpenses": 124000000, "sellingAndMarketingExpenses": 281000000, "sellingGeneralAndAdministrativeExpenses": 405000000, "otherExpenses": 0, "operatingExpenses": 611000000, "costAndExpenses": 786000000, "interestIncome": 2000000, "interestExpense": 7000000, "depreciationAndAmortization": 54000000, "ebitda": -60000000, "ebitdaratio": -0.0892857143, "operatingIncome": -114000000, "operatingIncomeRatio": -0.1696428571, "totalOtherIncomeExpensesNet": -7000000, "incomeBeforeTax": -121000000, "incomeBeforeTaxRatio": -0.1800595238, "incomeTaxExpense": -37000000, "netIncome": -84000000, "netIncomeRatio": -0.125, "eps": -0.29, "epsdiluted": -0.29, "weightedAverageShsOut": 286000000, "weightedAverageShsOutDil": 286000000, "link": "https://www.sec.gov/Archives/edgar/data/896878/000089687814000187/0000896878-14-000187-index.htm", "finalLink": "https://www.sec.gov/Archives/edgar/data/896878/000089687814000187/fy15q110qdocument.htm"}, {"date": "2014-07-31", "symbol": "INTU", "reportedCurrency": "USD", "cik": "0000896878", "fillingDate": "2014-09-12", "acceptedDate": "2014-09-12 15:19:09", "calendarYear": "2014", "period": "Q4", "revenue": 714000000, "costOfRevenue": 179000000, "grossProfit": 535000000, "grossProfitRatio": 0.7492997199, "researchAndDevelopmentExpenses": 210000000, "generalAndAdministrativeExpenses": 133000000, "sellingAndMarketingExpenses": 259000000, "sellingGeneralAndAdministrativeExpenses": 392000000, "otherExpenses": 6000000, "operatingExpenses": 608000000, "costAndExpenses": 787000000, "interestIncome": 23000000, "interestExpense": 7000000, "depreciationAndAmortization": 50000000, "ebitda": -21000000, "ebitdaratio": -0.0294117647, "operatingIncome": -73000000, "operatingIncomeRatio": -0.1022408964, "totalOtherIncomeExpensesNet": 16000000, "incomeBeforeTax": -57000000, "incomeBeforeTaxRatio": -0.0798319328, "incomeTaxExpense": -18000000, "netIncome": -39000000, "netIncomeRatio": -0.0546218487, "eps": -0.14, "epsdiluted": -0.14, "weightedAverageShsOut": 284000000, "weightedAverageShsOutDil": 284000000, "link": "https://www.sec.gov/Archives/edgar/data/896878/000089687814000163/0000896878-14-000163-index.htm", "finalLink": "https://www.sec.gov/Archives/edgar/data/896878/000089687814000163/fy14q410-kdocument.htm"}, {"date": "2014-04-30", "symbol": "INTU", "reportedCurrency": "USD", "cik": "0000896878", "fillingDate": "2014-05-21", "acceptedDate": "2014-05-21 13:35:27", "calendarYear": "2014", "period": "Q3", "revenue": 2388000000, "costOfRevenue": 170000000, "grossProfit": 2218000000, "grossProfitRatio": 0.9288107203, "researchAndDevelopmentExpenses": 186000000, "generalAndAdministrativeExpenses": 121000000, "sellingAndMarketingExpenses": 412000000, "sellingGeneralAndAdministrativeExpenses": 533000000, "otherExpenses": 1000000, "operatingExpenses": 724000000, "costAndExpenses": 894000000, "interestIncome": 3000000, "interestExpense": 8000000, "depreciationAndAmortization": 47000000, "ebitda": 1544000000, "ebitdaratio": 0.6465661642, "operatingIncome": 1494000000, "operatingIncomeRatio": 0.6256281407, "totalOtherIncomeExpensesNet": -5000000, "incomeBeforeTax": 1489000000, "incomeBeforeTaxRatio": 0.6235343384, "incomeTaxExpense": 505000000, "netIncome": 984000000, "netIncomeRatio": 0.4120603015, "eps": 3.47, "epsdiluted": 3.39, "weightedAverageShsOut": 284000000, "weightedAverageShsOutDil": 290000000, "link": "https://www.sec.gov/Archives/edgar/data/896878/000089687814000051/0000896878-14-000051-index.htm", "finalLink": "https://www.sec.gov/Archives/edgar/data/896878/000089687814000051/fy14q310qdocument.htm"}, {"date": "2014-01-31", "symbol": "INTU", "reportedCurrency": "USD", "cik": "0000896878", "fillingDate": "2014-02-21", "acceptedDate": "2014-02-21 14:15:19", "calendarYear": "2014", "period": "Q2", "revenue": 782000000, "costOfRevenue": 176000000, "grossProfit": 606000000, "grossProfitRatio": 0.7749360614, "researchAndDevelopmentExpenses": 186000000, "generalAndAdministrativeExpenses": 109000000, "sellingAndMarketingExpenses": 352000000, "sellingGeneralAndAdministrativeExpenses": 461000000, "otherExpenses": -1000000, "operatingExpenses": 652000000, "costAndExpenses": 828000000, "interestIncome": 1000000, "interestExpense": 8000000, "depreciationAndAmortization": 50000000, "ebitda": 4000000, "ebitdaratio": 0.0051150895, "operatingIncome": -46000000, "operatingIncomeRatio": -0.0588235294, "totalOtherIncomeExpensesNet": -8000000, "incomeBeforeTax": -54000000, "incomeBeforeTaxRatio": -0.0690537084, "incomeTaxExpense": -17000000, "netIncome": -37000000, "netIncomeRatio": -0.047314578, "eps": -0.13, "epsdiluted": -0.13, "weightedAverageShsOut": 284000000, "weightedAverageShsOutDil": 284000000, "link": "https://www.sec.gov/Archives/edgar/data/896878/000089687814000040/0000896878-14-000040-index.htm", "finalLink": "https://www.sec.gov/Archives/edgar/data/896878/000089687814000040/fy14q210qdocument.htm"}, {"date": "2013-10-31", "symbol": "INTU", "reportedCurrency": "USD", "cik": "0000896878", "fillingDate": "2013-11-22", "acceptedDate": "2013-11-22 14:26:08", "calendarYear": "2014", "period": "Q1", "revenue": 622000000, "costOfRevenue": 143000000, "grossProfit": 479000000, "grossProfitRatio": 0.770096463, "researchAndDevelopmentExpenses": 176000000, "generalAndAdministrativeExpenses": 118000000, "sellingAndMarketingExpenses": 258000000, "sellingGeneralAndAdministrativeExpenses": 376000000, "otherExpenses": 4000000, "operatingExpenses": 556000000, "costAndExpenses": 699000000, "interestIncome": 5000000, "interestExpense": 8000000, "depreciationAndAmortization": 50000000, "ebitda": -22000000, "ebitdaratio": -0.0353697749, "operatingIncome": -77000000, "operatingIncomeRatio": -0.1237942122, "totalOtherIncomeExpensesNet": -3000000, "incomeBeforeTax": -80000000, "incomeBeforeTaxRatio": -0.1286173633, "incomeTaxExpense": -23000000, "netIncome": -11000000, "netIncomeRatio": -0.0176848875, "eps": -0.0386, "epsdiluted": -0.0382, "weightedAverageShsOut": 285000000, "weightedAverageShsOutDil": 288000000, "link": "https://www.sec.gov/Archives/edgar/data/896878/000089687813000163/0000896878-13-000163-index.htm", "finalLink": "https://www.sec.gov/Archives/edgar/data/896878/000089687813000163/fy14q110qdocument.htm"}, {"date": "2013-07-31", "symbol": "INTU", "reportedCurrency": "USD", "cik": "0000896878", "fillingDate": "2013-09-13", "acceptedDate": "2013-09-13 16:00:38", "calendarYear": "2013", "period": "Q4", "revenue": 634000000, "costOfRevenue": 127000000, "grossProfit": 507000000, "grossProfitRatio": 0.7996845426, "researchAndDevelopmentExpenses": 182000000, "generalAndAdministrativeExpenses": 115000000, "sellingAndMarketingExpenses": 256000000, "sellingGeneralAndAdministrativeExpenses": 371000000, "otherExpenses": 14000000, "operatingExpenses": 567000000, "costAndExpenses": 694000000, "interestIncome": 1000000, "interestExpense": 7000000, "depreciationAndAmortization": 63000000, "ebitda": 26000000, "ebitdaratio": 0.0410094637, "operatingIncome": -60000000, "operatingIncomeRatio": -0.094637224, "totalOtherIncomeExpensesNet": 16000000, "incomeBeforeTax": -67000000, "incomeBeforeTaxRatio": -0.1056782334, "incomeTaxExpense": -21000000, "netIncome": -16000000, "netIncomeRatio": -0.0252365931, "eps": -0.0537, "epsdiluted": -0.0537, "weightedAverageShsOut": 298000000, "weightedAverageShsOutDil": 298000000, "link": "https://www.sec.gov/Archives/edgar/data/896878/000089687813000149/0000896878-13-000149-index.htm", "finalLink": "https://www.sec.gov/Archives/edgar/data/896878/000089687813000149/fy13q410-kdocument.htm"}, {"date": "2013-04-30", "symbol": "INTU", "reportedCurrency": "USD", "cik": "0000896878", "fillingDate": "2013-05-30", "acceptedDate": "2013-05-30 14:09:24", "calendarYear": "2013", "period": "Q3", "revenue": 2178000000, "costOfRevenue": 187000000, "grossProfit": 1991000000, "grossProfitRatio": 0.9141414141, "researchAndDevelopmentExpenses": 177000000, "generalAndAdministrativeExpenses": 108000000, "sellingAndMarketingExpenses": 406000000, "sellingGeneralAndAdministrativeExpenses": 514000000, "otherExpenses": 2000000, "operatingExpenses": 698000000, "costAndExpenses": 885000000, "interestIncome": 3000000, "interestExpense": 8000000, "depreciationAndAmortization": 57000000, "ebitda": 1343000000, "ebitdaratio": 0.616620753, "operatingIncome": 1247000000, "operatingIncomeRatio": 0.572543618, "totalOtherIncomeExpensesNet": -40000000, "incomeBeforeTax": 1242000000, "incomeBeforeTaxRatio": 0.5702479339, "incomeTaxExpense": 420000000, "netIncome": 822000000, "netIncomeRatio": 0.3774104683, "eps": 2.77, "epsdiluted": 2.71, "weightedAverageShsOut": 297000000, "weightedAverageShsOutDil": 304000000, "link": "https://www.sec.gov/Archives/edgar/data/896878/000089687813000068/0000896878-13-000068-index.htm", "finalLink": "https://www.sec.gov/Archives/edgar/data/896878/000089687813000068/fy13q310qdocument.htm"}, {"date": "2013-01-31", "symbol": "INTU", "reportedCurrency": "USD", "cik": "0000896878", "fillingDate": "2013-03-01", "acceptedDate": "2013-03-01 14:40:26", "calendarYear": "2013", "period": "Q2", "revenue": 968000000, "costOfRevenue": 208000000, "grossProfit": 760000000, "grossProfitRatio": 0.7851239669, "researchAndDevelopmentExpenses": 179000000, "generalAndAdministrativeExpenses": 109000000, "sellingAndMarketingExpenses": 372000000, "sellingGeneralAndAdministrativeExpenses": 481000000, "otherExpenses": 1000000, "operatingExpenses": 667000000, "costAndExpenses": 875000000, "interestIncome": 1000000, "interestExpense": 7000000, "depreciationAndAmortization": 58000000, "ebitda": 143000000, "ebitdaratio": 0.1477272727, "operatingIncome": 93000000, "operatingIncomeRatio": 0.0960743802, "totalOtherIncomeExpensesNet": -15000000, "incomeBeforeTax": 87000000, "incomeBeforeTaxRatio": 0.0898760331, "incomeTaxExpense": 16000000, "netIncome": 71000000, "netIncomeRatio": 0.0733471074, "eps": 0.24, "epsdiluted": 0.23, "weightedAverageShsOut": 296000000, "weightedAverageShsOutDil": 303000000, "link": "https://www.sec.gov/Archives/edgar/data/896878/000089687813000052/0000896878-13-000052-index.htm", "finalLink": "https://www.sec.gov/Archives/edgar/data/896878/000089687813000052/fy13q210qdocument.htm"}, {"date": "2012-10-31", "symbol": "INTU", "reportedCurrency": "USD", "cik": "0000896878", "fillingDate": "2012-11-29", "acceptedDate": "2012-11-29 14:02:37", "calendarYear": "2013", "period": "Q1", "revenue": 647000000, "costOfRevenue": 182000000, "grossProfit": 465000000, "grossProfitRatio": 0.7187017002, "researchAndDevelopmentExpenses": 178000000, "generalAndAdministrativeExpenses": 98000000, "sellingAndMarketingExpenses": 251000000, "sellingGeneralAndAdministrativeExpenses": 349000000, "otherExpenses": 1000000, "operatingExpenses": 534000000, "costAndExpenses": 716000000, "interestIncome": 2000000, "interestExpense": 8000000, "depreciationAndAmortization": 54000000, "ebitda": -17000000, "ebitdaratio": -0.0262751159, "operatingIncome": -69000000, "operatingIncomeRatio": -0.1066460587, "totalOtherIncomeExpensesNet": -10000000, "incomeBeforeTax": -75000000, "incomeBeforeTaxRatio": -0.1159196291, "incomeTaxExpense": -24000000, "netIncome": -19000000, "netIncomeRatio": -0.029366306, "eps": -0.0642, "epsdiluted": -0.0642, "weightedAverageShsOut": 296000000, "weightedAverageShsOutDil": 296000000, "link": "https://www.sec.gov/Archives/edgar/data/896878/000089687812000176/0000896878-12-000176-index.htm", "finalLink": "https://www.sec.gov/Archives/edgar/data/896878/000089687812000176/fy13q110qdocument.htm"}, {"date": "2012-07-31", "symbol": "INTU", "reportedCurrency": "USD", "cik": "0000896878", "fillingDate": "2012-09-13", "acceptedDate": "2012-09-13 15:49:12", "calendarYear": "2012", "period": "Q4", "revenue": 651000000, "costOfRevenue": 191000000, "grossProfit": 460000000, "grossProfitRatio": 0.7066052227, "researchAndDevelopmentExpenses": 179000000, "generalAndAdministrativeExpenses": 100000000, "sellingAndMarketingExpenses": 220000000, "sellingGeneralAndAdministrativeExpenses": 320000000, "otherExpenses": 6000000, "operatingExpenses": 505000000, "costAndExpenses": 696000000, "interestIncome": 1000000, "interestExpense": 8000000, "depreciationAndAmortization": 57000000, "ebitda": 30000000, "ebitdaratio": 0.0460829493, "operatingIncome": -45000000, "operatingIncomeRatio": -0.069124424, "totalOtherIncomeExpensesNet": -6000000, "incomeBeforeTax": -52000000, "incomeBeforeTaxRatio": -0.0798771121, "incomeTaxExpense": -20000000, "netIncome": 4000000, "netIncomeRatio": 0.0061443932, "eps": 0.01, "epsdiluted": 0.01, "weightedAverageShsOut": 294000000, "weightedAverageShsOutDil": 294000000, "link": "https://www.sec.gov/Archives/edgar/data/896878/000089687812000146/0000896878-12-000146-index.htm", "finalLink": "https://www.sec.gov/Archives/edgar/data/896878/000089687812000146/intu-2012731x10k.htm"}, {"date": "2012-04-30", "symbol": "INTU", "reportedCurrency": "USD", "cik": "0000896878", "fillingDate": "2012-05-25", "acceptedDate": "2012-05-25 15:52:42", "calendarYear": "2012", "period": "Q3", "revenue": 1945000000, "costOfRevenue": 198000000, "grossProfit": 1747000000, "grossProfitRatio": 0.8982005141, "researchAndDevelopmentExpenses": 167000000, "generalAndAdministrativeExpenses": 102000000, "sellingAndMarketingExpenses": 365000000, "sellingGeneralAndAdministrativeExpenses": 467000000, "otherExpenses": 2000000, "operatingExpenses": 640000000, "costAndExpenses": 838000000, "interestIncome": 9000000, "interestExpense": 12000000, "depreciationAndAmortization": 52000000, "ebitda": 1172000000, "ebitdaratio": 0.6025706941, "operatingIncome": 1107000000, "operatingIncomeRatio": 0.569151671, "totalOtherIncomeExpensesNet": -3000000, "incomeBeforeTax": 1104000000, "incomeBeforeTaxRatio": 0.5676092545, "incomeTaxExpense": 370000000, "netIncome": 734000000, "netIncomeRatio": 0.377377892, "eps": 2.49, "epsdiluted": 2.42, "weightedAverageShsOut": 295000000, "weightedAverageShsOutDil": 303000000, "link": "https://www.sec.gov/Archives/edgar/data/896878/000089687812000070/0000896878-12-000070-index.htm", "finalLink": "https://www.sec.gov/Archives/edgar/data/896878/000089687812000070/intu043012-10q.htm"}, {"date": "2012-01-31", "symbol": "INTU", "reportedCurrency": "USD", "cik": "0000896878", "fillingDate": "2012-02-29", "acceptedDate": "2012-02-29 14:36:22", "calendarYear": "2012", "period": "Q2", "revenue": 1019000000, "costOfRevenue": 206000000, "grossProfit": 813000000, "grossProfitRatio": 0.7978410206, "researchAndDevelopmentExpenses": 168000000, "generalAndAdministrativeExpenses": 95000000, "sellingAndMarketingExpenses": 344000000, "sellingGeneralAndAdministrativeExpenses": 439000000, "otherExpenses": 10000000, "operatingExpenses": 621000000, "costAndExpenses": 827000000, "interestIncome": 3000000, "interestExpense": 16000000, "depreciationAndAmortization": 61000000, "ebitda": 259000000, "ebitdaratio": 0.2541707556, "operatingIncome": 192000000, "operatingIncomeRatio": 0.1884200196, "totalOtherIncomeExpensesNet": -9000000, "incomeBeforeTax": 179000000, "incomeBeforeTaxRatio": 0.1756624141, "incomeTaxExpense": 61000000, "netIncome": 118000000, "netIncomeRatio": 0.1157998037, "eps": 0.4, "epsdiluted": 0.39, "weightedAverageShsOut": 297000000, "weightedAverageShsOutDil": 306000000, "link": "https://www.sec.gov/Archives/edgar/data/896878/000089687812000048/0000896878-12-000048-index.htm", "finalLink": "https://www.sec.gov/Archives/edgar/data/896878/000089687812000048/intu013112-10q.htm"}, {"date": "2011-10-31", "symbol": "INTU", "reportedCurrency": "USD", "cik": "0000896878", "fillingDate": "2011-12-01", "acceptedDate": "2011-12-01 15:06:54", "calendarYear": "2012", "period": "Q1", "revenue": 594000000, "costOfRevenue": 168000000, "grossProfit": 426000000, "grossProfitRatio": 0.7171717172, "researchAndDevelopmentExpenses": 167000000, "generalAndAdministrativeExpenses": 92000000, "sellingAndMarketingExpenses": 236000000, "sellingGeneralAndAdministrativeExpenses": 328000000, "otherExpenses": 21000000, "operatingExpenses": 520000000, "costAndExpenses": 688000000, "interestIncome": 11000000, "interestExpense": 15000000, "depreciationAndAmortization": 72000000, "ebitda": -11000000, "ebitdaratio": -0.0185185185, "operatingIncome": -94000000, "operatingIncomeRatio": -0.1582491582, "totalOtherIncomeExpensesNet": 6000000, "incomeBeforeTax": -98000000, "incomeBeforeTaxRatio": -0.164983165, "incomeTaxExpense": -34000000, "netIncome": -64000000, "netIncomeRatio": -0.1077441077, "eps": -0.21, "epsdiluted": -0.21, "weightedAverageShsOut": 300000000, "weightedAverageShsOutDil": 300000000, "link": "https://www.sec.gov/Archives/edgar/data/896878/000089687811000117/0000896878-11-000117-index.htm", "finalLink": "https://www.sec.gov/Archives/edgar/data/896878/000089687811000117/intu103111-10q.htm"}, {"date": "2011-07-31", "symbol": "INTU", "reportedCurrency": "USD", "cik": "0000896878", "fillingDate": "2011-09-14", "acceptedDate": "2011-09-14 14:52:15", "calendarYear": "2011", "period": "Q4", "revenue": 593000000, "costOfRevenue": 164000000, "grossProfit": 429000000, "grossProfitRatio": 0.7234401349, "researchAndDevelopmentExpenses": 156000000, "generalAndAdministrativeExpenses": 83000000, "sellingAndMarketingExpenses": 210000000, "sellingGeneralAndAdministrativeExpenses": 293000000, "otherExpenses": 11000000, "operatingExpenses": 460000000, "costAndExpenses": 624000000, "interestIncome": 2000000, "interestExpense": 15000000, "depreciationAndAmortization": 63000000, "ebitda": 1000000, "ebitdaratio": 0.0016863406, "operatingIncome": -61000000, "operatingIncomeRatio": -0.1028667791, "totalOtherIncomeExpensesNet": -16000000, "incomeBeforeTax": -77000000, "incomeBeforeTaxRatio": -0.1298482293, "incomeTaxExpense": -20000000, "netIncome": -57000000, "netIncomeRatio": -0.0961214165, "eps": -0.19, "epsdiluted": -0.19, "weightedAverageShsOut": 300000000, "weightedAverageShsOutDil": 300000000, "link": "https://www.sec.gov/Archives/edgar/data/896878/000089687811000093/0000896878-11-000093-index.htm", "finalLink": "https://www.sec.gov/Archives/edgar/data/896878/000089687811000093/intu-2011731x10k.htm"}, {"date": "2011-04-30", "symbol": "INTU", "reportedCurrency": "USD", "cik": "0000896878", "fillingDate": "2011-06-01", "acceptedDate": "2011-06-01 13:49:31", "calendarYear": "2011", "period": "Q3", "revenue": 1848000000, "costOfRevenue": 164000000, "grossProfit": 1684000000, "grossProfitRatio": 0.9112554113, "researchAndDevelopmentExpenses": 164000000, "generalAndAdministrativeExpenses": 93000000, "sellingAndMarketingExpenses": 351000000, "sellingGeneralAndAdministrativeExpenses": 444000000, "otherExpenses": 11000000, "operatingExpenses": 623000000, "costAndExpenses": 787000000, "interestIncome": 6000000, "interestExpense": 15000000, "depreciationAndAmortization": 61000000, "ebitda": 1128000000, "ebitdaratio": 0.6103896104, "operatingIncome": 1061000000, "operatingIncomeRatio": 0.5741341991, "totalOtherIncomeExpensesNet": -9000000, "incomeBeforeTax": 1052000000, "incomeBeforeTaxRatio": 0.5692640693, "incomeTaxExpense": 364000000, "netIncome": 688000000, "netIncomeRatio": 0.3722943723, "eps": 2.27, "epsdiluted": 2.2, "weightedAverageShsOut": 303000000, "weightedAverageShsOutDil": 313000000, "link": "https://www.sec.gov/Archives/edgar/data/896878/000095012311055705/0000950123-11-055705-index.htm", "finalLink": "https://www.sec.gov/Archives/edgar/data/896878/000095012311055705/f58545e10vq.htm"}, {"date": "2011-01-31", "symbol": "INTU", "reportedCurrency": "USD", "cik": "0000896878", "fillingDate": "2011-03-01", "acceptedDate": "2011-03-01 13:39:21", "calendarYear": "2011", "period": "Q2", "revenue": 878000000, "costOfRevenue": 180000000, "grossProfit": 698000000, "grossProfitRatio": 0.7949886105, "researchAndDevelopmentExpenses": 158000000, "generalAndAdministrativeExpenses": 88000000, "sellingAndMarketingExpenses": 330000000, "sellingGeneralAndAdministrativeExpenses": 418000000, "otherExpenses": 11000000, "operatingExpenses": 587000000, "costAndExpenses": 767000000, "interestIncome": 3000000, "interestExpense": 15000000, "depreciationAndAmortization": 61000000, "ebitda": 178000000, "ebitdaratio": 0.2027334852, "operatingIncome": 111000000, "operatingIncomeRatio": 0.1264236902, "totalOtherIncomeExpensesNet": -9000000, "incomeBeforeTax": 102000000, "incomeBeforeTaxRatio": 0.1161731207, "incomeTaxExpense": 29000000, "netIncome": 73000000, "netIncomeRatio": 0.083143508, "eps": 0.24, "epsdiluted": 0.23, "weightedAverageShsOut": 308000000, "weightedAverageShsOutDil": 318000000, "link": "https://www.sec.gov/Archives/edgar/data/896878/000095012311020460/0000950123-11-020460-index.htm", "finalLink": "https://www.sec.gov/Archives/edgar/data/896878/000095012311020460/f57991e10vq.htm"}, {"date": "2010-10-31", "symbol": "INTU", "reportedCurrency": "USD", "cik": "0000896878", "fillingDate": "2010-12-06", "acceptedDate": "2010-12-06 15:25:01", "calendarYear": "2011", "period": "Q1", "revenue": 532000000, "costOfRevenue": 159000000, "grossProfit": 373000000, "grossProfitRatio": 0.7011278195, "researchAndDevelopmentExpenses": 156000000, "generalAndAdministrativeExpenses": 90000000, "sellingAndMarketingExpenses": 220000000, "sellingGeneralAndAdministrativeExpenses": 310000000, "otherExpenses": 11000000, "operatingExpenses": 477000000, "costAndExpenses": 636000000, "interestIncome": 8000000, "interestExpense": 15000000, "depreciationAndAmortization": 56000000, "ebitda": -40000000, "ebitdaratio": -0.0751879699, "operatingIncome": -104000000, "operatingIncomeRatio": -0.1954887218, "totalOtherIncomeExpensesNet": -7000000, "incomeBeforeTax": -111000000, "incomeBeforeTaxRatio": -0.2086466165, "incomeTaxExpense": -41000000, "netIncome": -70000000, "netIncomeRatio": -0.1315789474, "eps": -0.22, "epsdiluted": -0.22, "weightedAverageShsOut": 316000000, "weightedAverageShsOutDil": 316000000, "link": "https://www.sec.gov/Archives/edgar/data/896878/000095012310111135/0000950123-10-111135-index.htm", "finalLink": "https://www.sec.gov/Archives/edgar/data/896878/000095012310111135/f57160e10vq.htm"}]