[{"date": "2025-06-30", "symbol": "NRG", "reportedCurrency": "USD", "cik": "0001013871", "fillingDate": "2025-08-06", "acceptedDate": "2025-08-06 06:52:41", "calendarYear": "2025", "period": "Q2", "revenue": 6730000000, "costOfRevenue": 5691000000, "grossProfit": 1039000000, "grossProfitRatio": 0.1543833581, "researchAndDevelopmentExpenses": 0, "generalAndAdministrativeExpenses": 0, "sellingAndMarketingExpenses": 0, "sellingGeneralAndAdministrativeExpenses": 724000000, "otherExpenses": 0, "operatingExpenses": 724000000, "costAndExpenses": 6415000000, "interestIncome": 0, "interestExpense": 143000000, "depreciationAndAmortization": 374000000, "ebitda": 364000000, "ebitdaratio": 0.0540861813, "operatingIncome": 315000000, "operatingIncomeRatio": 0.0468053492, "totalOtherIncomeExpensesNet": -468000000, "incomeBeforeTax": -153000000, "incomeBeforeTaxRatio": -0.0227340267, "incomeTaxExpense": -49000000, "netIncome": -104000000, "netIncomeRatio": -0.0154531947, "eps": -0.6173, "epsdiluted": -0.6173, "weightedAverageShsOut": 196000000, "weightedAverageShsOutDil": 196000000, "link": "https://www.sec.gov/Archives/edgar/data/1013871/000101387125000018/0001013871-25-000018-index.htm", "finalLink": "https://www.sec.gov/Archives/edgar/data/1013871/000101387125000018/nrgq22025ex991.htm"}, {"date": "2025-03-31", "symbol": "NRG", "reportedCurrency": "USD", "cik": "0001013871", "fillingDate": "2025-05-12", "acceptedDate": "2025-05-12 16:21:36", "calendarYear": "2025", "period": "Q1", "revenue": 8585000000, "costOfRevenue": 6561000000, "grossProfit": 2024000000, "grossProfitRatio": 0.2357600466, "researchAndDevelopmentExpenses": 0, "generalAndAdministrativeExpenses": 0, "sellingAndMarketingExpenses": 0, "sellingGeneralAndAdministrativeExpenses": 549000000, "otherExpenses": 341000000, "operatingExpenses": 890000000, "costAndExpenses": 7451000000, "interestIncome": 0, "interestExpense": 163000000, "depreciationAndAmortization": 326000000, "ebitda": 1474000000, "ebitdaratio": 0.1716948165, "operatingIncome": 1134000000, "operatingIncomeRatio": 0.1320908561, "totalOtherIncomeExpensesNet": -149000000, "incomeBeforeTax": 985000000, "incomeBeforeTaxRatio": 0.1147350029, "incomeTaxExpense": 235000000, "netIncome": 750000000, "netIncomeRatio": 0.0873616773, "eps": 3.7, "epsdiluted": 3.61, "weightedAverageShsOut": 198000000, "weightedAverageShsOutDil": 203000000, "link": "https://www.sec.gov/Archives/edgar/data/1013871/000101387125000013/0001013871-25-000013-index.htm", "finalLink": "https://www.sec.gov/Archives/edgar/data/1013871/000101387125000013/nrg-20250331.htm"}, {"date": "2024-12-31", "symbol": "NRG", "reportedCurrency": "USD", "cik": "0001013871", "fillingDate": "2025-02-26", "acceptedDate": "2025-02-26 15:36:57", "calendarYear": "2024", "period": "Q4", "revenue": 6819000000, "costOfRevenue": 4871000000, "grossProfit": 1948000000, "grossProfitRatio": 0.285672386, "researchAndDevelopmentExpenses": 0, "generalAndAdministrativeExpenses": 0, "sellingAndMarketingExpenses": 215000000, "sellingGeneralAndAdministrativeExpenses": 292000000, "otherExpenses": 702000000, "operatingExpenses": 994000000, "costAndExpenses": 5865000000, "interestIncome": 0, "interestExpense": 123000000, "depreciationAndAmortization": 363000000, "ebitda": 1235000000, "ebitdaratio": 0.1811115999, "operatingIncome": 954000000, "operatingIncomeRatio": 0.1399032116, "totalOtherIncomeExpensesNet": -239000000, "incomeBeforeTax": 715000000, "incomeBeforeTaxRatio": 0.1048540842, "incomeTaxExpense": 72000000, "netIncome": 643000000, "netIncomeRatio": 0.0942953512, "eps": 3.09, "epsdiluted": 3, "weightedAverageShsOut": 206500000, "weightedAverageShsOutDil": 209500000, "link": "https://www.sec.gov/Archives/edgar/data/1013871/000101387125000006/0001013871-25-000006-index.htm", "finalLink": "https://www.sec.gov/Archives/edgar/data/1013871/000101387125000006/nrg-20241231.htm"}, {"date": "2024-09-30", "symbol": "NRG", "reportedCurrency": "USD", "cik": "0001013871", "fillingDate": "2024-11-08", "acceptedDate": "2024-11-08 15:40:30", "calendarYear": "2024", "period": "Q3", "revenue": 7223000000, "costOfRevenue": 7239000000, "grossProfit": -16000000, "grossProfitRatio": -0.0022151461, "researchAndDevelopmentExpenses": 0, "generalAndAdministrativeExpenses": 0, "sellingAndMarketingExpenses": 0, "sellingGeneralAndAdministrativeExpenses": 645000000, "otherExpenses": 151000000, "operatingExpenses": 796000000, "costAndExpenses": 8035000000, "interestIncome": 0, "interestExpense": 213000000, "depreciationAndAmortization": 378000000, "ebitda": -472000000, "ebitdaratio": -0.0653468088, "operatingIncome": -812000000, "operatingIncomeRatio": -0.1124186626, "totalOtherIncomeExpensesNet": -202000000, "incomeBeforeTax": -1014000000, "incomeBeforeTaxRatio": -0.1403848816, "incomeTaxExpense": -247000000, "netIncome": -767000000, "netIncomeRatio": -0.1061885643, "eps": -3.79, "epsdiluted": -3.79, "weightedAverageShsOut": 207000000, "weightedAverageShsOutDil": 207000000, "link": "https://www.sec.gov/Archives/edgar/data/1013871/000101387124000020/0001013871-24-000020-index.htm", "finalLink": "https://www.sec.gov/Archives/edgar/data/1013871/000101387124000020/nrg-20240930.htm"}, {"date": "2024-06-30", "symbol": "NRG", "reportedCurrency": "USD", "cik": "0001013871", "fillingDate": "2024-08-08", "acceptedDate": "2024-08-08 15:33:50", "calendarYear": "2024", "period": "Q2", "revenue": 6659000000, "costOfRevenue": 4356000000, "grossProfit": 2303000000, "grossProfitRatio": 0.3458477249, "researchAndDevelopmentExpenses": 0, "generalAndAdministrativeExpenses": 0, "sellingAndMarketingExpenses": 0, "sellingGeneralAndAdministrativeExpenses": 592000000, "otherExpenses": 301000000, "operatingExpenses": 893000000, "costAndExpenses": 5254000000, "interestIncome": 0, "interestExpense": 163000000, "depreciationAndAmortization": 285000000, "ebitda": 1506000000, "ebitdaratio": 0.2261600841, "operatingIncome": 1410000000, "operatingIncomeRatio": 0.211743505, "totalOtherIncomeExpensesNet": -358000000, "incomeBeforeTax": 1052000000, "incomeBeforeTaxRatio": 0.1579816789, "incomeTaxExpense": 314000000, "netIncome": 738000000, "netIncomeRatio": 0.1108274516, "eps": 3.47, "epsdiluted": 3.37, "weightedAverageShsOut": 208000000, "weightedAverageShsOutDil": 214000000, "link": "https://www.sec.gov/Archives/edgar/data/1013871/000101387124000015/0001013871-24-000015-index.htm", "finalLink": "https://www.sec.gov/Archives/edgar/data/1013871/000101387124000015/nrg-20240630.htm"}, {"date": "2024-03-31", "symbol": "NRG", "reportedCurrency": "USD", "cik": "0001013871", "fillingDate": "2024-05-07", "acceptedDate": "2024-05-07 15:06:17", "calendarYear": "2024", "period": "Q1", "revenue": 7429000000, "costOfRevenue": 5685000000, "grossProfit": 1744000000, "grossProfitRatio": 0.2347556872, "researchAndDevelopmentExpenses": 0, "generalAndAdministrativeExpenses": 0, "sellingAndMarketingExpenses": 0, "sellingGeneralAndAdministrativeExpenses": 549000000, "otherExpenses": 346000000, "operatingExpenses": 895000000, "costAndExpenses": 6557000000, "interestIncome": 0, "interestExpense": 152000000, "depreciationAndAmortization": 350000000, "ebitda": 1209000000, "ebitdaratio": 0.1627406111, "operatingIncome": 416000000, "operatingIncomeRatio": 0.0559967694, "totalOtherIncomeExpensesNet": -177000000, "incomeBeforeTax": 695000000, "incomeBeforeTaxRatio": 0.0935522951, "incomeTaxExpense": 184000000, "netIncome": 511000000, "netIncomeRatio": 0.0687844932, "eps": 2.36, "epsdiluted": 2.31, "weightedAverageShsOut": 209000000, "weightedAverageShsOutDil": 214000000, "link": "https://www.sec.gov/Archives/edgar/data/1013871/000101387124000010/0001013871-24-000010-index.htm", "finalLink": "https://www.sec.gov/Archives/edgar/data/1013871/000101387124000010/nrg-20240331.htm"}, {"date": "2023-12-31", "symbol": "NRG", "reportedCurrency": "USD", "cik": "0001013871", "fillingDate": "2024-02-28", "acceptedDate": "2024-02-28 16:20:44", "calendarYear": "2023", "period": "Q4", "revenue": 6724000000, "costOfRevenue": 5701000000, "grossProfit": 442000000, "grossProfitRatio": 0.0657346817, "researchAndDevelopmentExpenses": 0, "generalAndAdministrativeExpenses": 448000000, "sellingAndMarketingExpenses": 185000000, "sellingGeneralAndAdministrativeExpenses": 633000000, "otherExpenses": 0, "operatingExpenses": 633000000, "costAndExpenses": 6334000000, "interestIncome": 0, "interestExpense": 195000000, "depreciationAndAmortization": 358000000, "ebitda": 1178000000, "ebitdaratio": 0.1751933373, "operatingIncome": 390000000, "operatingIncomeRatio": 0.0580011898, "totalOtherIncomeExpensesNet": 263000000, "incomeBeforeTax": 653000000, "incomeBeforeTaxRatio": 0.0971148126, "incomeTaxExpense": 171000000, "netIncome": 482000000, "netIncomeRatio": 0.0716835217, "eps": 2.24, "epsdiluted": 2.24, "weightedAverageShsOut": 222000000, "weightedAverageShsOutDil": 222000000, "link": "https://www.sec.gov/Archives/edgar/data/1013871/000101387124000005/0001013871-24-000005-index.htm", "finalLink": "https://www.sec.gov/Archives/edgar/data/1013871/000101387124000005/nrg-20231231.htm"}, {"date": "2023-09-30", "symbol": "NRG", "reportedCurrency": "USD", "cik": "0001013871", "fillingDate": "2023-11-02", "acceptedDate": "2023-11-02 16:10:13", "calendarYear": "2023", "period": "Q3", "revenue": 7946000000, "costOfRevenue": 6746000000, "grossProfit": 1525000000, "grossProfitRatio": 0.1919204631, "researchAndDevelopmentExpenses": 0, "generalAndAdministrativeExpenses": 0, "sellingAndMarketingExpenses": 0, "sellingGeneralAndAdministrativeExpenses": 638000000, "otherExpenses": 14000000, "operatingExpenses": 944000000, "costAndExpenses": 7365000000, "interestIncome": 0, "interestExpense": 173000000, "depreciationAndAmortization": 332000000, "ebitda": 911000000, "ebitdaratio": 0.1146488799, "operatingIncome": 561000000, "operatingIncomeRatio": 0.0706015605, "totalOtherIncomeExpensesNet": -153000000, "incomeBeforeTax": 408000000, "incomeBeforeTaxRatio": 0.0513465895, "incomeTaxExpense": 65000000, "netIncome": 343000000, "netIncomeRatio": 0.043166373, "eps": 1.42, "epsdiluted": 1.41, "weightedAverageShsOut": 230000000, "weightedAverageShsOutDil": 232000000, "link": "https://www.sec.gov/Archives/edgar/data/1013871/000101387123000022/0001013871-23-000022-index.htm", "finalLink": "https://www.sec.gov/Archives/edgar/data/1013871/000101387123000022/nrg-20230930.htm"}, {"date": "2023-06-30", "symbol": "NRG", "reportedCurrency": "USD", "cik": "0001013871", "fillingDate": "2023-08-08", "acceptedDate": "2023-08-08 16:05:33", "calendarYear": "2023", "period": "Q2", "revenue": 6348000000, "costOfRevenue": 4962000000, "grossProfit": 1386000000, "grossProfitRatio": 0.2183364839, "researchAndDevelopmentExpenses": 0, "generalAndAdministrativeExpenses": 0, "sellingAndMarketingExpenses": 0, "sellingGeneralAndAdministrativeExpenses": 522000000, "otherExpenses": 334000000, "operatingExpenses": 838000000, "costAndExpenses": 5800000000, "interestIncome": 0, "interestExpense": 151000000, "depreciationAndAmortization": 320000000, "ebitda": 869000000, "ebitdaratio": 0.1368935098, "operatingIncome": 530000000, "operatingIncomeRatio": 0.0834908633, "totalOtherIncomeExpensesNet": -133000000, "incomeBeforeTax": 397000000, "incomeBeforeTaxRatio": 0.0625393825, "incomeTaxExpense": 89000000, "netIncome": 308000000, "netIncomeRatio": 0.0485192187, "eps": 1.26, "epsdiluted": 1.25, "weightedAverageShsOut": 231000000, "weightedAverageShsOutDil": 232000000, "link": "https://www.sec.gov/Archives/edgar/data/1013871/000101387123000017/0001013871-23-000017-index.htm", "finalLink": "https://www.sec.gov/Archives/edgar/data/1013871/000101387123000017/nrg-20230630.htm"}, {"date": "2023-03-31", "symbol": "NRG", "reportedCurrency": "USD", "cik": "0001013871", "fillingDate": "2023-05-04", "acceptedDate": "2023-05-04 15:53:26", "calendarYear": "2023", "period": "Q1", "revenue": 7722000000, "costOfRevenue": 8778000000, "grossProfit": -1056000000, "grossProfitRatio": -0.1367521368, "researchAndDevelopmentExpenses": 0, "generalAndAdministrativeExpenses": 0, "sellingAndMarketingExpenses": 0, "sellingGeneralAndAdministrativeExpenses": 426000000, "otherExpenses": 190000000, "operatingExpenses": 616000000, "costAndExpenses": 9394000000, "interestIncome": 0, "interestExpense": 148000000, "depreciationAndAmortization": 328000000, "ebitda": -1200000000, "ebitdaratio": -0.1554001554, "operatingIncome": -1544000000, "operatingIncomeRatio": -0.1999481999, "totalOtherIncomeExpensesNet": -127000000, "incomeBeforeTax": -1671000000, "incomeBeforeTaxRatio": -0.2163947164, "incomeTaxExpense": -336000000, "netIncome": -1335000000, "netIncomeRatio": -0.1728826729, "eps": -5.8, "epsdiluted": -5.8, "weightedAverageShsOut": 230000000, "weightedAverageShsOutDil": 230000000, "link": "https://www.sec.gov/Archives/edgar/data/1013871/000101387123000012/0001013871-23-000012-index.htm", "finalLink": "https://www.sec.gov/Archives/edgar/data/1013871/000101387123000012/nrg-20230331.htm"}, {"date": "2022-12-31", "symbol": "NRG", "reportedCurrency": "USD", "cik": "0001013871", "fillingDate": "2023-02-23", "acceptedDate": "2023-02-23 17:21:44", "calendarYear": "2022", "period": "Q4", "revenue": 7855000000, "costOfRevenue": 8827000000, "grossProfit": -972000000, "grossProfitRatio": -0.123742839, "researchAndDevelopmentExpenses": 0, "generalAndAdministrativeExpenses": 173000000, "sellingAndMarketingExpenses": 82000000, "sellingGeneralAndAdministrativeExpenses": 255000000, "otherExpenses": 57000000, "operatingExpenses": 312000000, "costAndExpenses": 9139000000, "interestIncome": 0, "interestExpense": 104000000, "depreciationAndAmortization": 232000000, "ebitda": -1056000000, "ebitdaratio": -0.1344366645, "operatingIncome": -1317000000, "operatingIncomeRatio": -0.1676639083, "totalOtherIncomeExpensesNet": -75000000, "incomeBeforeTax": -1392000000, "incomeBeforeTaxRatio": -0.1772119669, "incomeTaxExpense": -297000000, "netIncome": -1095000000, "netIncomeRatio": -0.139401655, "eps": -4.77, "epsdiluted": -4.77, "weightedAverageShsOut": 229561030, "weightedAverageShsOutDil": 229561030, "link": "https://www.sec.gov/Archives/edgar/data/1013871/000101387123000004/0001013871-23-000004-index.htm", "finalLink": "https://www.sec.gov/Archives/edgar/data/1013871/000101387123000004/nrg-20221231.htm"}, {"date": "2022-09-30", "symbol": "NRG", "reportedCurrency": "USD", "cik": "0001013871", "fillingDate": "2022-11-07", "acceptedDate": "2022-11-07 17:08:41", "calendarYear": "2022", "period": "Q3", "revenue": 8510000000, "costOfRevenue": 7802000000, "grossProfit": 708000000, "grossProfitRatio": 0.0831962397, "researchAndDevelopmentExpenses": 0, "generalAndAdministrativeExpenses": 0, "sellingAndMarketingExpenses": 0, "sellingGeneralAndAdministrativeExpenses": 326000000, "otherExpenses": 197000000, "operatingExpenses": 523000000, "costAndExpenses": 8325000000, "interestIncome": 0, "interestExpense": 105000000, "depreciationAndAmortization": 157000000, "ebitda": 345000000, "ebitdaratio": 0.0405405405, "operatingIncome": 217000000, "operatingIncomeRatio": 0.0254994125, "totalOtherIncomeExpensesNet": -73000000, "incomeBeforeTax": 83000000, "incomeBeforeTaxRatio": 0.0097532315, "incomeTaxExpense": 16000000, "netIncome": 67000000, "netIncomeRatio": 0.0078730905, "eps": 0.29, "epsdiluted": 0.29, "weightedAverageShsOut": 235000000, "weightedAverageShsOutDil": 235000000, "link": "https://www.sec.gov/Archives/edgar/data/1013871/000101387122000027/0001013871-22-000027-index.htm", "finalLink": "https://www.sec.gov/Archives/edgar/data/1013871/000101387122000027/nrg-20220930.htm"}, {"date": "2022-06-30", "symbol": "NRG", "reportedCurrency": "USD", "cik": "0001013871", "fillingDate": "2022-08-04", "acceptedDate": "2022-08-04 16:47:40", "calendarYear": "2022", "period": "Q2", "revenue": 7282000000, "costOfRevenue": 5887000000, "grossProfit": 1395000000, "grossProfitRatio": 0.1915682505, "researchAndDevelopmentExpenses": 0, "generalAndAdministrativeExpenses": 0, "sellingAndMarketingExpenses": 0, "sellingGeneralAndAdministrativeExpenses": 325000000, "otherExpenses": 183000000, "operatingExpenses": 508000000, "costAndExpenses": 6395000000, "interestIncome": 0, "interestExpense": 105000000, "depreciationAndAmortization": 161000000, "ebitda": 931000000, "ebitdaratio": 0.1278494919, "operatingIncome": 754000000, "operatingIncomeRatio": 0.1035429827, "totalOtherIncomeExpensesNet": -89000000, "incomeBeforeTax": 665000000, "incomeBeforeTaxRatio": 0.0913210656, "incomeTaxExpense": 152000000, "netIncome": 513000000, "netIncomeRatio": 0.0704476792, "eps": 2.16, "epsdiluted": 2.16, "weightedAverageShsOut": 237000000, "weightedAverageShsOutDil": 237000000, "link": "https://www.sec.gov/Archives/edgar/data/1013871/000101387122000022/0001013871-22-000022-index.htm", "finalLink": "https://www.sec.gov/Archives/edgar/data/1013871/000101387122000022/nrg-20220630.htm"}, {"date": "2022-03-31", "symbol": "NRG", "reportedCurrency": "USD", "cik": "0001013871", "fillingDate": "2022-05-06", "acceptedDate": "2022-05-06 16:06:36", "calendarYear": "2022", "period": "Q1", "revenue": 7896000000, "costOfRevenue": 4930000000, "grossProfit": 2966000000, "grossProfitRatio": 0.375633232, "researchAndDevelopmentExpenses": 0, "generalAndAdministrativeExpenses": 0, "sellingAndMarketingExpenses": 0, "sellingGeneralAndAdministrativeExpenses": 322000000, "otherExpenses": 208000000, "operatingExpenses": 530000000, "costAndExpenses": 5460000000, "interestIncome": 0, "interestExpense": 103000000, "depreciationAndAmortization": 351000000, "ebitda": 2761000000, "ebitdaratio": 0.3496707194, "operatingIncome": 2425000000, "operatingIncomeRatio": 0.3071175279, "totalOtherIncomeExpensesNet": -118000000, "incomeBeforeTax": 2307000000, "incomeBeforeTaxRatio": 0.2921732523, "incomeTaxExpense": 571000000, "netIncome": 1736000000, "netIncomeRatio": 0.219858156, "eps": 7.17, "epsdiluted": 7.17, "weightedAverageShsOut": 242000000, "weightedAverageShsOutDil": 242000000, "link": "https://www.sec.gov/Archives/edgar/data/1013871/000101387122000016/0001013871-22-000016-index.htm", "finalLink": "https://www.sec.gov/Archives/edgar/data/1013871/000101387122000016/nrg-20220331.htm"}, {"date": "2021-12-31", "symbol": "NRG", "reportedCurrency": "USD", "cik": "0001013871", "fillingDate": "2022-02-24", "acceptedDate": "2022-02-24 17:12:47", "calendarYear": "2021", "period": "Q4", "revenue": 7046000000, "costOfRevenue": 6986000000, "grossProfit": 60000000, "grossProfitRatio": 0.0085154698, "researchAndDevelopmentExpenses": 0, "generalAndAdministrativeExpenses": 211000000, "sellingAndMarketingExpenses": 109000000, "sellingGeneralAndAdministrativeExpenses": 320000000, "otherExpenses": 21000000, "operatingExpenses": 519000000, "costAndExpenses": 7505000000, "interestIncome": 0, "interestExpense": 111000000, "depreciationAndAmortization": 232000000, "ebitda": -252000000, "ebitdaratio": -0.035764973, "operatingIncome": -479000000, "operatingIncomeRatio": -0.0679818337, "totalOtherIncomeExpensesNet": -116000000, "incomeBeforeTax": -595000000, "incomeBeforeTaxRatio": -0.0844450752, "incomeTaxExpense": -168000000, "netIncome": -427000000, "netIncomeRatio": -0.0606017599, "eps": -1.75, "epsdiluted": -1.74, "weightedAverageShsOut": 243753899, "weightedAverageShsOutDil": 245000000, "link": "https://www.sec.gov/Archives/edgar/data/1013871/000101387122000010/0001013871-22-000010-index.htm", "finalLink": "https://www.sec.gov/Archives/edgar/data/1013871/000101387122000010/nrg-20211231.htm"}, {"date": "2021-09-30", "symbol": "NRG", "reportedCurrency": "USD", "cik": "0001013871", "fillingDate": "2021-11-04", "acceptedDate": "2021-11-04 16:46:14", "calendarYear": "2021", "period": "Q3", "revenue": 6609000000, "costOfRevenue": 3692000000, "grossProfit": 2917000000, "grossProfitRatio": 0.4413678317, "researchAndDevelopmentExpenses": 0, "generalAndAdministrativeExpenses": 0, "sellingAndMarketingExpenses": 0, "sellingGeneralAndAdministrativeExpenses": 318000000, "otherExpenses": 8000000, "operatingExpenses": 581000000, "costAndExpenses": 4273000000, "interestIncome": 0, "interestExpense": 122000000, "depreciationAndAmortization": 223000000, "ebitda": 2508000000, "ebitdaratio": 0.3794825238, "operatingIncome": 2319000000, "operatingIncomeRatio": 0.3508851566, "totalOtherIncomeExpensesNet": -156000000, "incomeBeforeTax": 2163000000, "incomeBeforeTaxRatio": 0.3272809805, "incomeTaxExpense": 545000000, "netIncome": 1618000000, "netIncomeRatio": 0.2448176729, "eps": 6.6, "epsdiluted": 6.6, "weightedAverageShsOut": 245000000, "weightedAverageShsOutDil": 245000000, "link": "https://www.sec.gov/Archives/edgar/data/1013871/000101387121000022/0001013871-21-000022-index.htm", "finalLink": "https://www.sec.gov/Archives/edgar/data/1013871/000101387121000022/nrg-20210930.htm"}, {"date": "2021-06-30", "symbol": "NRG", "reportedCurrency": "USD", "cik": "0001013871", "fillingDate": "2021-08-05", "acceptedDate": "2021-08-05 16:39:13", "calendarYear": "2021", "period": "Q2", "revenue": 5243000000, "costOfRevenue": 2957000000, "grossProfit": 2286000000, "grossProfitRatio": 0.436009918, "researchAndDevelopmentExpenses": 0, "generalAndAdministrativeExpenses": 0, "sellingAndMarketingExpenses": 0, "sellingGeneralAndAdministrativeExpenses": 308000000, "otherExpenses": 12000000, "operatingExpenses": 401000000, "costAndExpenses": 3358000000, "interestIncome": 0, "interestExpense": 125000000, "depreciationAndAmortization": 177000000, "ebitda": 1760000000, "ebitdaratio": 0.3356856761, "operatingIncome": 1557000000, "operatingIncomeRatio": 0.2969673851, "totalOtherIncomeExpensesNet": -99000000, "incomeBeforeTax": 1458000000, "incomeBeforeTaxRatio": 0.2780850658, "incomeTaxExpense": 380000000, "netIncome": 1078000000, "netIncomeRatio": 0.2056074766, "eps": 4.4, "epsdiluted": 4.4, "weightedAverageShsOut": 244999999, "weightedAverageShsOutDil": 245000000, "link": "https://www.sec.gov/Archives/edgar/data/1013871/000101387121000016/0001013871-21-000016-index.htm", "finalLink": "https://www.sec.gov/Archives/edgar/data/1013871/000101387121000016/nrg-20210630.htm"}, {"date": "2021-03-31", "symbol": "NRG", "reportedCurrency": "USD", "cik": "0001013871", "fillingDate": "2021-05-06", "acceptedDate": "2021-05-06 15:52:19", "calendarYear": "2021", "period": "Q1", "revenue": 8091000000, "costOfRevenue": 6864000000, "grossProfit": 1227000000, "grossProfitRatio": 0.1516499815, "researchAndDevelopmentExpenses": 0, "generalAndAdministrativeExpenses": 0, "sellingAndMarketingExpenses": 0, "sellingGeneralAndAdministrativeExpenses": 330000000, "otherExpenses": 22000000, "operatingExpenses": 1258000000, "costAndExpenses": 8122000000, "interestIncome": 0, "interestExpense": 127000000, "depreciationAndAmortization": 340000000, "ebitda": 300000000, "ebitdaratio": 0.0370782351, "operatingIncome": -56000000, "operatingIncomeRatio": -0.0069212705, "totalOtherIncomeExpensesNet": -111000000, "incomeBeforeTax": -167000000, "incomeBeforeTaxRatio": -0.0206402175, "incomeTaxExpense": -85000000, "netIncome": -82000000, "netIncomeRatio": -0.0101347176, "eps": -0.33, "epsdiluted": -0.33, "weightedAverageShsOut": 245000000, "weightedAverageShsOutDil": 245000000, "link": "https://www.sec.gov/Archives/edgar/data/1013871/000101387121000010/0001013871-21-000010-index.htm", "finalLink": "https://www.sec.gov/Archives/edgar/data/1013871/000101387121000010/nrg-20210331.htm"}, {"date": "2020-12-31", "symbol": "NRG", "reportedCurrency": "USD", "cik": "0001013871", "fillingDate": "2021-03-01", "acceptedDate": "2021-03-01 16:28:03", "calendarYear": "2020", "period": "Q4", "revenue": 2027000000, "costOfRevenue": 1615000000, "grossProfit": 412000000, "grossProfitRatio": 0.2032560434, "researchAndDevelopmentExpenses": 2000000, "generalAndAdministrativeExpenses": 189000000, "sellingAndMarketingExpenses": 74000000, "sellingGeneralAndAdministrativeExpenses": 263000000, "otherExpenses": 15000000, "operatingExpenses": 382000000, "costAndExpenses": 1997000000, "interestIncome": 0, "interestExpense": 109000000, "depreciationAndAmortization": 141000000, "ebitda": 111000000, "ebitdaratio": 0.0547607301, "operatingIncome": -16000000, "operatingIncomeRatio": -0.0078934386, "totalOtherIncomeExpensesNet": -122000000, "incomeBeforeTax": -138000000, "incomeBeforeTaxRatio": -0.0680809077, "incomeTaxExpense": 35000000, "netIncome": -173000000, "netIncomeRatio": -0.0853478046, "eps": -0.71, "epsdiluted": -0.71, "weightedAverageShsOut": 242000000, "weightedAverageShsOutDil": 244000000, "link": "https://www.sec.gov/Archives/edgar/data/1013871/000101387121000005/0001013871-21-000005-index.htm", "finalLink": "https://www.sec.gov/Archives/edgar/data/1013871/000101387121000005/nrg-20201231.htm"}, {"date": "2020-09-30", "symbol": "NRG", "reportedCurrency": "USD", "cik": "0001013871", "fillingDate": "2020-11-05", "acceptedDate": "2020-11-05 17:00:59", "calendarYear": "2020", "period": "Q3", "revenue": 2809000000, "costOfRevenue": 2034000000, "grossProfit": 775000000, "grossProfitRatio": 0.2758988964, "researchAndDevelopmentExpenses": 1000000, "generalAndAdministrativeExpenses": 0, "sellingAndMarketingExpenses": 0, "sellingGeneralAndAdministrativeExpenses": 253000000, "otherExpenses": 11000000, "operatingExpenses": 353000000, "costAndExpenses": 2387000000, "interestIncome": 0, "interestExpense": 99000000, "depreciationAndAmortization": 141000000, "ebitda": 539000000, "ebitdaratio": 0.1918832325, "operatingIncome": 393000000, "operatingIncomeRatio": 0.1399074404, "totalOtherIncomeExpensesNet": -52000000, "incomeBeforeTax": 341000000, "incomeBeforeTaxRatio": 0.1213955144, "incomeTaxExpense": 92000000, "netIncome": 249000000, "netIncomeRatio": 0.0886436454, "eps": 1.02, "epsdiluted": 1.02, "weightedAverageShsOut": 244000000, "weightedAverageShsOutDil": 245000000, "link": "https://www.sec.gov/Archives/edgar/data/1013871/000101387120000040/0001013871-20-000040-index.htm", "finalLink": "https://www.sec.gov/Archives/edgar/data/1013871/000101387120000040/nrg-20200930.htm"}, {"date": "2020-06-30", "symbol": "NRG", "reportedCurrency": "USD", "cik": "0001013871", "fillingDate": "2020-08-06", "acceptedDate": "2020-08-06 15:58:45", "calendarYear": "2020", "period": "Q2", "revenue": 2238000000, "costOfRevenue": 1434000000, "grossProfit": 804000000, "grossProfitRatio": 0.3592493298, "researchAndDevelopmentExpenses": 2000000, "generalAndAdministrativeExpenses": 0, "sellingAndMarketingExpenses": 0, "sellingGeneralAndAdministrativeExpenses": 208000000, "otherExpenses": 14000000, "operatingExpenses": 320000000, "costAndExpenses": 1754000000, "interestIncome": 0, "interestExpense": 96000000, "depreciationAndAmortization": 148000000, "ebitda": 665000000, "ebitdaratio": 0.2971403038, "operatingIncome": 484000000, "operatingIncomeRatio": 0.2162645219, "totalOtherIncomeExpensesNet": -70000000, "incomeBeforeTax": 414000000, "incomeBeforeTaxRatio": 0.1849865952, "incomeTaxExpense": 101000000, "netIncome": 313000000, "netIncomeRatio": 0.1398570152, "eps": 1.28, "epsdiluted": 1.27, "weightedAverageShsOut": 245000000, "weightedAverageShsOutDil": 246000000, "link": "https://www.sec.gov/Archives/edgar/data/1013871/000101387120000034/0001013871-20-000034-index.htm", "finalLink": "https://www.sec.gov/Archives/edgar/data/1013871/000101387120000034/nrg-20200630.htm"}, {"date": "2020-03-31", "symbol": "NRG", "reportedCurrency": "USD", "cik": "0001013871", "fillingDate": "2020-05-07", "acceptedDate": "2020-05-07 15:44:25", "calendarYear": "2020", "period": "Q1", "revenue": 2019000000, "costOfRevenue": 1457000000, "grossProfit": 562000000, "grossProfitRatio": 0.2783556216, "researchAndDevelopmentExpenses": 3000000, "generalAndAdministrativeExpenses": 0, "sellingAndMarketingExpenses": 0, "sellingGeneralAndAdministrativeExpenses": 209000000, "otherExpenses": 27000000, "operatingExpenses": 321000000, "costAndExpenses": 1778000000, "interestIncome": 0, "interestExpense": 98000000, "depreciationAndAmortization": 129000000, "ebitda": 382000000, "ebitdaratio": 0.1892025755, "operatingIncome": 244000000, "operatingIncomeRatio": 0.1208519069, "totalOtherIncomeExpensesNet": -100000000, "incomeBeforeTax": 144000000, "incomeBeforeTaxRatio": 0.0713224368, "incomeTaxExpense": 23000000, "netIncome": 121000000, "netIncomeRatio": 0.0599306587, "eps": 0.49, "epsdiluted": 0.49, "weightedAverageShsOut": 248000000, "weightedAverageShsOutDil": 249000000, "link": "https://www.sec.gov/Archives/edgar/data/1013871/000101387120000023/0001013871-20-000023-index.htm", "finalLink": "https://www.sec.gov/Archives/edgar/data/1013871/000101387120000023/nrg-20200331.htm"}, {"date": "2019-12-31", "symbol": "NRG", "reportedCurrency": "USD", "cik": "0001013871", "fillingDate": "2020-02-27", "acceptedDate": "2020-02-27 16:57:48", "calendarYear": "2019", "period": "Q4", "revenue": 2195000000, "costOfRevenue": 1654000000, "grossProfit": 541000000, "grossProfitRatio": 0.2464692483, "researchAndDevelopmentExpenses": 2000000, "generalAndAdministrativeExpenses": 146000000, "sellingAndMarketingExpenses": 66000000, "sellingGeneralAndAdministrativeExpenses": 212000000, "otherExpenses": 17000000, "operatingExpenses": 326000000, "costAndExpenses": 1980000000, "interestIncome": 0, "interestExpense": 95000000, "depreciationAndAmortization": 106000000, "ebitda": 372000000, "ebitdaratio": 0.169476082, "operatingIncome": 209000000, "operatingIncomeRatio": 0.0952164009, "totalOtherIncomeExpensesNet": -89000000, "incomeBeforeTax": 120000000, "incomeBeforeTaxRatio": 0.0546697039, "incomeTaxExpense": -3343000000, "netIncome": 3383000000, "netIncomeRatio": 1.5412300683, "eps": 13.64, "epsdiluted": 13.64, "weightedAverageShsOut": 248000000, "weightedAverageShsOutDil": 248000000, "link": "https://www.sec.gov/Archives/edgar/data/1013871/000101387120000013/0001013871-20-000013-index.htm", "finalLink": "https://www.sec.gov/Archives/edgar/data/1013871/000101387120000013/nrg-20191231.htm"}, {"date": "2019-09-30", "symbol": "NRG", "reportedCurrency": "USD", "cik": "0001013871", "fillingDate": "2019-11-07", "acceptedDate": "2019-11-07 15:33:01", "calendarYear": "2019", "period": "Q3", "revenue": 2996000000, "costOfRevenue": 2153000000, "grossProfit": 843000000, "grossProfitRatio": 0.2813751669, "researchAndDevelopmentExpenses": 1000000, "generalAndAdministrativeExpenses": 0, "sellingAndMarketingExpenses": 0, "sellingGeneralAndAdministrativeExpenses": 210000000, "otherExpenses": 17000000, "operatingExpenses": 302000000, "costAndExpenses": 2455000000, "interestIncome": 0, "interestExpense": 99000000, "depreciationAndAmortization": 118000000, "ebitda": 611000000, "ebitdaratio": 0.2039385848, "operatingIncome": 540000000, "operatingIncomeRatio": 0.1802403204, "totalOtherIncomeExpensesNet": -160000000, "incomeBeforeTax": 380000000, "incomeBeforeTaxRatio": 0.126835781, "incomeTaxExpense": 6000000, "netIncome": 372000000, "netIncomeRatio": 0.1241655541, "eps": 1.46, "epsdiluted": 1.45, "weightedAverageShsOut": 254000000, "weightedAverageShsOutDil": 256000000, "link": "https://www.sec.gov/Archives/edgar/data/1013871/000101387119000035/0001013871-19-000035-index.htm", "finalLink": "https://www.sec.gov/Archives/edgar/data/1013871/000101387119000035/nrg-20190930.htm"}, {"date": "2019-06-30", "symbol": "NRG", "reportedCurrency": "USD", "cik": "0001013871", "fillingDate": "2019-08-07", "acceptedDate": "2019-08-07 17:03:02", "calendarYear": "2019", "period": "Q2", "revenue": 2465000000, "costOfRevenue": 1845000000, "grossProfit": 620000000, "grossProfitRatio": 0.2515212982, "researchAndDevelopmentExpenses": 2000000, "generalAndAdministrativeExpenses": 0, "sellingAndMarketingExpenses": 0, "sellingGeneralAndAdministrativeExpenses": 211000000, "otherExpenses": 20000000, "operatingExpenses": 298000000, "costAndExpenses": 2143000000, "interestIncome": 0, "interestExpense": 105000000, "depreciationAndAmortization": 107000000, "ebitda": 378000000, "ebitdaratio": 0.153346856, "operatingIncome": 320000000, "operatingIncomeRatio": 0.1298174442, "totalOtherIncomeExpensesNet": -132000000, "incomeBeforeTax": 188000000, "incomeBeforeTaxRatio": 0.0762677485, "incomeTaxExpense": -1000000, "netIncome": 201000000, "netIncomeRatio": 0.0815415822, "eps": 0.76, "epsdiluted": 0.75, "weightedAverageShsOut": 265000000, "weightedAverageShsOutDil": 267000000, "link": "https://www.sec.gov/Archives/edgar/data/1013871/000101387119000028/0001013871-19-000028-index.htm", "finalLink": "https://www.sec.gov/Archives/edgar/data/1013871/000101387119000028/nrgq2201910q.htm"}, {"date": "2019-03-31", "symbol": "NRG", "reportedCurrency": "USD", "cik": "0001013871", "fillingDate": "2019-05-02", "acceptedDate": "2019-05-02 16:40:17", "calendarYear": "2019", "period": "Q1", "revenue": 2165000000, "costOfRevenue": 1651000000, "grossProfit": 514000000, "grossProfitRatio": 0.2374133949, "researchAndDevelopmentExpenses": 2000000, "generalAndAdministrativeExpenses": 0, "sellingAndMarketingExpenses": 0, "sellingGeneralAndAdministrativeExpenses": 194000000, "otherExpenses": 12000000, "operatingExpenses": 281000000, "costAndExpenses": 1932000000, "interestIncome": 0, "interestExpense": 114000000, "depreciationAndAmortization": 104000000, "ebitda": 316000000, "ebitdaratio": 0.1459584296, "operatingIncome": 221000000, "operatingIncomeRatio": 0.1020785219, "totalOtherIncomeExpensesNet": -123000000, "incomeBeforeTax": 98000000, "incomeBeforeTaxRatio": 0.0452655889, "incomeTaxExpense": 4000000, "netIncome": 482000000, "netIncomeRatio": 0.2226327945, "eps": 1.73, "epsdiluted": 1.72, "weightedAverageShsOut": 278000000, "weightedAverageShsOutDil": 280000000, "link": "https://www.sec.gov/Archives/edgar/data/1013871/000101387119000017/0001013871-19-000017-index.htm", "finalLink": "https://www.sec.gov/Archives/edgar/data/1013871/000101387119000017/nrgq1201910q.htm"}, {"date": "2018-12-31", "symbol": "NRG", "reportedCurrency": "USD", "cik": "0001013871", "fillingDate": "2019-02-28", "acceptedDate": "2019-02-28 16:39:10", "calendarYear": "2018", "period": "Q4", "revenue": 1683000000, "costOfRevenue": 1378000000, "grossProfit": 305000000, "grossProfitRatio": 0.1812240048, "researchAndDevelopmentExpenses": 2000000, "generalAndAdministrativeExpenses": 135000000, "sellingAndMarketingExpenses": 73000000, "sellingGeneralAndAdministrativeExpenses": 208000000, "otherExpenses": 22000000, "operatingExpenses": 261000000, "costAndExpenses": 1639000000, "interestIncome": 0, "interestExpense": 122000000, "depreciationAndAmortization": 90000000, "ebitda": 18000000, "ebitdaratio": 0.0106951872, "operatingIncome": 1000000, "operatingIncomeRatio": 0.0005941771, "totalOtherIncomeExpensesNet": 21000000, "incomeBeforeTax": -153000000, "incomeBeforeTaxRatio": -0.0909090909, "incomeTaxExpense": -12000000, "netIncome": -12000000, "netIncomeRatio": -0.0071301248, "eps": -0.0432, "epsdiluted": -0.0432, "weightedAverageShsOut": 278000000, "weightedAverageShsOutDil": 278000000, "link": "https://www.sec.gov/Archives/edgar/data/1013871/000101387119000007/0001013871-19-000007-index.htm", "finalLink": "https://www.sec.gov/Archives/edgar/data/1013871/000101387119000007/nrg201810-k.htm"}, {"date": "2018-09-30", "symbol": "NRG", "reportedCurrency": "USD", "cik": "0001013871", "fillingDate": "2018-11-08", "acceptedDate": "2018-11-08 15:04:15", "calendarYear": "2018", "period": "Q3", "revenue": 3061000000, "costOfRevenue": 2307000000, "grossProfit": 754000000, "grossProfitRatio": 0.2463247305, "researchAndDevelopmentExpenses": 1000000, "generalAndAdministrativeExpenses": 0, "sellingAndMarketingExpenses": 0, "sellingGeneralAndAdministrativeExpenses": 212000000, "otherExpenses": 17000000, "operatingExpenses": 325000000, "costAndExpenses": 2632000000, "interestIncome": 0, "interestExpense": 121000000, "depreciationAndAmortization": -95000000, "ebitda": 304000000, "ebitdaratio": 0.0993139497, "operatingIncome": 416000000, "operatingIncomeRatio": 0.1359032996, "totalOtherIncomeExpensesNet": -85000000, "incomeBeforeTax": 313000000, "incomeBeforeTaxRatio": 0.1022541653, "incomeTaxExpense": 7000000, "netIncome": -72000000, "netIncomeRatio": -0.0235217249, "eps": -0.24, "epsdiluted": -0.24, "weightedAverageShsOut": 299000000, "weightedAverageShsOutDil": 299000000, "link": "https://www.sec.gov/Archives/edgar/data/1013871/000101387118000039/0001013871-18-000039-index.htm", "finalLink": "https://www.sec.gov/Archives/edgar/data/1013871/000101387118000039/nrgq3201810q.htm"}, {"date": "2018-06-30", "symbol": "NRG", "reportedCurrency": "USD", "cik": "0001013871", "fillingDate": "2018-08-02", "acceptedDate": "2018-08-02 17:26:35", "calendarYear": "2018", "period": "Q2", "revenue": 2922000000, "costOfRevenue": 2051000000, "grossProfit": 871000000, "grossProfitRatio": 0.2980835044, "researchAndDevelopmentExpenses": 16000000, "generalAndAdministrativeExpenses": 0, "sellingAndMarketingExpenses": 0, "sellingGeneralAndAdministrativeExpenses": 211000000, "otherExpenses": -20000000, "operatingExpenses": 454000000, "costAndExpenses": 2505000000, "interestIncome": 0, "interestExpense": 123000000, "depreciationAndAmortization": 287000000, "ebitda": 605000000, "ebitdaratio": 0.2070499658, "operatingIncome": 334000000, "operatingIncomeRatio": 0.1143052704, "totalOtherIncomeExpensesNet": -128000000, "incomeBeforeTax": 129000000, "incomeBeforeTaxRatio": 0.0441478439, "incomeTaxExpense": 8000000, "netIncome": 72000000, "netIncomeRatio": 0.0246406571, "eps": 0.23, "epsdiluted": 0.23, "weightedAverageShsOut": 310000000, "weightedAverageShsOutDil": 314000000, "link": "https://www.sec.gov/Archives/edgar/data/1013871/000101387118000032/0001013871-18-000032-index.htm", "finalLink": "https://www.sec.gov/Archives/edgar/data/1013871/000101387118000032/nrg201863010q.htm"}, {"date": "2018-03-31", "symbol": "NRG", "reportedCurrency": "USD", "cik": "0001013871", "fillingDate": "2018-05-03", "acceptedDate": "2018-05-03 15:09:54", "calendarYear": "2018", "period": "Q1", "revenue": 2421000000, "costOfRevenue": 1558000000, "grossProfit": 863000000, "grossProfitRatio": 0.356464271, "researchAndDevelopmentExpenses": 13000000, "generalAndAdministrativeExpenses": 0, "sellingAndMarketingExpenses": 0, "sellingGeneralAndAdministrativeExpenses": 191000000, "otherExpenses": -3000000, "operatingExpenses": 439000000, "costAndExpenses": 1997000000, "interestIncome": 0, "interestExpense": 116000000, "depreciationAndAmortization": 270000000, "ebitda": 621000000, "ebitdaratio": 0.2565055762, "operatingIncome": 406000000, "operatingIncomeRatio": 0.1676992978, "totalOtherIncomeExpensesNet": -174000000, "incomeBeforeTax": 232000000, "incomeBeforeTaxRatio": 0.0958281702, "incomeTaxExpense": -1000000, "netIncome": 279000000, "netIncomeRatio": 0.1152416357, "eps": 0.88, "epsdiluted": 0.87, "weightedAverageShsOut": 318000000, "weightedAverageShsOutDil": 322000000, "link": "https://www.sec.gov/Archives/edgar/data/1013871/000101387118000023/0001013871-18-000023-index.htm", "finalLink": "https://www.sec.gov/Archives/edgar/data/1013871/000101387118000023/nrg2018033110q.htm"}, {"date": "2017-12-31", "symbol": "NRG", "reportedCurrency": "USD", "cik": "0001013871", "fillingDate": "2018-03-01", "acceptedDate": "2018-03-01 16:13:43", "calendarYear": "2017", "period": "Q4", "revenue": 2497000000, "costOfRevenue": 1684000000, "grossProfit": 813000000, "grossProfitRatio": 0.3255907089, "researchAndDevelopmentExpenses": 18000000, "generalAndAdministrativeExpenses": 144000000, "sellingAndMarketingExpenses": 66000000, "sellingGeneralAndAdministrativeExpenses": 210000000, "otherExpenses": 5000000, "operatingExpenses": 495000000, "costAndExpenses": 2179000000, "interestIncome": 0, "interestExpense": 198000000, "depreciationAndAmortization": 310000000, "ebitda": -1169000000, "ebitdaratio": -0.4681617942, "operatingIncome": -1345000000, "operatingIncomeRatio": -0.5386463757, "totalOtherIncomeExpensesNet": -1165000000, "incomeBeforeTax": -1665000000, "incomeBeforeTaxRatio": -0.6668001602, "incomeTaxExpense": 3000000, "netIncome": -1534000000, "netIncomeRatio": -0.6143372046, "eps": -4.84, "epsdiluted": -4.82, "weightedAverageShsOut": 317000000, "weightedAverageShsOutDil": 318000000, "link": "https://www.sec.gov/Archives/edgar/data/1013871/000101387118000011/0001013871-18-000011-index.htm", "finalLink": "https://www.sec.gov/Archives/edgar/data/1013871/000101387118000011/nrg201710-k.htm"}, {"date": "2017-09-30", "symbol": "NRG", "reportedCurrency": "USD", "cik": "0001013871", "fillingDate": "2017-11-02", "acceptedDate": "2017-11-02 16:00:55", "calendarYear": "2017", "period": "Q3", "revenue": 3049000000, "costOfRevenue": 2156000000, "grossProfit": 893000000, "grossProfitRatio": 0.2928829124, "researchAndDevelopmentExpenses": 14000000, "generalAndAdministrativeExpenses": 0, "sellingAndMarketingExpenses": 0, "sellingGeneralAndAdministrativeExpenses": 213000000, "otherExpenses": 15000000, "operatingExpenses": 499000000, "costAndExpenses": 2655000000, "interestIncome": 0, "interestExpense": 139000000, "depreciationAndAmortization": 313000000, "ebitda": 741000000, "ebitdaratio": 0.2430305018, "operatingIncome": 376000000, "operatingIncomeRatio": 0.123319121, "totalOtherIncomeExpensesNet": -101000000, "incomeBeforeTax": 196000000, "incomeBeforeTaxRatio": 0.0642833716, "incomeTaxExpense": 6000000, "netIncome": 171000000, "netIncomeRatio": 0.056083962, "eps": 0.54, "epsdiluted": 0.53, "weightedAverageShsOut": 317000000, "weightedAverageShsOutDil": 322000000, "link": "https://www.sec.gov/Archives/edgar/data/1013871/000101387117000027/0001013871-17-000027-index.htm", "finalLink": "https://www.sec.gov/Archives/edgar/data/1013871/000101387117000027/nrg2017093010q.htm"}, {"date": "2017-06-30", "symbol": "NRG", "reportedCurrency": "USD", "cik": "0001013871", "fillingDate": "2017-08-03", "acceptedDate": "2017-08-03 16:49:24", "calendarYear": "2017", "period": "Q2", "revenue": 2701000000, "costOfRevenue": 1837000000, "grossProfit": 864000000, "grossProfitRatio": 0.3198815254, "researchAndDevelopmentExpenses": 18000000, "generalAndAdministrativeExpenses": 0, "sellingAndMarketingExpenses": 0, "sellingGeneralAndAdministrativeExpenses": 223000000, "otherExpenses": 10000000, "operatingExpenses": 501000000, "costAndExpenses": 2338000000, "interestIncome": 0, "interestExpense": 247000000, "depreciationAndAmortization": 270000000, "ebitda": 639000000, "ebitdaratio": 0.2365790448, "operatingIncome": 343000000, "operatingIncomeRatio": 0.1269900037, "totalOtherIncomeExpensesNet": -240000000, "incomeBeforeTax": 103000000, "incomeBeforeTaxRatio": 0.0381340244, "incomeTaxExpense": 4000000, "netIncome": -626000000, "netIncomeRatio": -0.2317660126, "eps": -1.98, "epsdiluted": -1.98, "weightedAverageShsOut": 316000000, "weightedAverageShsOutDil": 316000000, "link": "https://www.sec.gov/Archives/edgar/data/1013871/000101387117000021/0001013871-17-000021-index.htm", "finalLink": "https://www.sec.gov/Archives/edgar/data/1013871/000101387117000021/nrg2017063010q.htm"}, {"date": "2017-03-31", "symbol": "NRG", "reportedCurrency": "USD", "cik": "0001013871", "fillingDate": "2017-05-02", "acceptedDate": "2017-05-02 14:35:25", "calendarYear": "2017", "period": "Q1", "revenue": 2759000000, "costOfRevenue": 2125000000, "grossProfit": 634000000, "grossProfitRatio": 0.2297934034, "researchAndDevelopmentExpenses": 17000000, "generalAndAdministrativeExpenses": 0, "sellingAndMarketingExpenses": 0, "sellingGeneralAndAdministrativeExpenses": 272000000, "otherExpenses": 12000000, "operatingExpenses": 589000000, "costAndExpenses": 2714000000, "interestIncome": 0, "interestExpense": 225000000, "depreciationAndAmortization": 322000000, "ebitda": 389000000, "ebitdaratio": 0.1409931134, "operatingIncome": 47000000, "operatingIncomeRatio": 0.0170351577, "totalOtherIncomeExpensesNet": -241000000, "incomeBeforeTax": -207000000, "incomeBeforeTaxRatio": -0.0750271838, "incomeTaxExpense": -4000000, "netIncome": -163000000, "netIncomeRatio": -0.0590793766, "eps": -0.52, "epsdiluted": -0.52, "weightedAverageShsOut": 314634146, "weightedAverageShsOutDil": 316000000, "link": "https://www.sec.gov/Archives/edgar/data/1013871/000101387117000013/0001013871-17-000013-index.htm", "finalLink": "https://www.sec.gov/Archives/edgar/data/1013871/000101387117000013/nrg2017033110q.htm"}, {"date": "2016-12-31", "symbol": "NRG", "reportedCurrency": "USD", "cik": "0001013871", "fillingDate": "2017-02-28", "acceptedDate": "2017-02-28 16:59:08", "calendarYear": "2016", "period": "Q4", "revenue": 2532000000, "costOfRevenue": 1817000000, "grossProfit": 715000000, "grossProfitRatio": 0.282385466, "researchAndDevelopmentExpenses": 23000000, "generalAndAdministrativeExpenses": 52000000, "sellingAndMarketingExpenses": 247000000, "sellingGeneralAndAdministrativeExpenses": 299000000, "otherExpenses": 7000000, "operatingExpenses": 710000000, "costAndExpenses": 2527000000, "interestIncome": 0, "interestExpense": 220000000, "depreciationAndAmortization": 416000000, "ebitda": -686000000, "ebitdaratio": -0.2709320695, "operatingIncome": -791000000, "operatingIncomeRatio": -0.3124012638, "totalOtherIncomeExpensesNet": -343000000, "incomeBeforeTax": -1134000000, "incomeBeforeTaxRatio": -0.4478672986, "incomeTaxExpense": -79000000, "netIncome": -987000000, "netIncomeRatio": -0.3898104265, "eps": -3.12, "epsdiluted": -3.12, "weightedAverageShsOut": 316000000, "weightedAverageShsOutDil": 316000000, "link": "https://www.sec.gov/Archives/edgar/data/1013871/000101387117000007/0001013871-17-000007-index.htm", "finalLink": "https://www.sec.gov/Archives/edgar/data/1013871/000101387117000007/nrg201610-k.htm"}, {"date": "2016-09-30", "symbol": "NRG", "reportedCurrency": "USD", "cik": "0001013871", "fillingDate": "2016-11-04", "acceptedDate": "2016-11-04 13:49:29", "calendarYear": "2016", "period": "Q3", "revenue": 3952000000, "costOfRevenue": 2793000000, "grossProfit": 1159000000, "grossProfitRatio": 0.2932692308, "researchAndDevelopmentExpenses": 23000000, "generalAndAdministrativeExpenses": 0, "sellingAndMarketingExpenses": 0, "sellingGeneralAndAdministrativeExpenses": 282000000, "otherExpenses": 9000000, "operatingExpenses": 662000000, "costAndExpenses": 3455000000, "interestIncome": 0, "interestExpense": 237000000, "depreciationAndAmortization": 402000000, "ebitda": 1133000000, "ebitdaratio": 0.2866902834, "operatingIncome": 755000000, "operatingIncomeRatio": 0.1910425101, "totalOtherIncomeExpensesNet": -313000000, "incomeBeforeTax": 442000000, "incomeBeforeTaxRatio": 0.1118421053, "incomeTaxExpense": 49000000, "netIncome": 402000000, "netIncomeRatio": 0.1017206478, "eps": 1.27, "epsdiluted": 1.27, "weightedAverageShsOut": 316000000, "weightedAverageShsOutDil": 317000000, "link": "https://www.sec.gov/Archives/edgar/data/1013871/000101387116000039/0001013871-16-000039-index.htm", "finalLink": "https://www.sec.gov/Archives/edgar/data/1013871/000101387116000039/nrg2016093010q2.htm"}, {"date": "2016-06-30", "symbol": "NRG", "reportedCurrency": "USD", "cik": "0001013871", "fillingDate": "2016-08-09", "acceptedDate": "2016-08-09 15:08:32", "calendarYear": "2016", "period": "Q2", "revenue": 2638000000, "costOfRevenue": 1756000000, "grossProfit": 882000000, "grossProfitRatio": 0.3343442002, "researchAndDevelopmentExpenses": 18000000, "generalAndAdministrativeExpenses": 0, "sellingAndMarketingExpenses": 0, "sellingGeneralAndAdministrativeExpenses": 265000000, "otherExpenses": 8000000, "operatingExpenses": 592000000, "costAndExpenses": 2348000000, "interestIncome": 0, "interestExpense": 277000000, "depreciationAndAmortization": 337000000, "ebitda": 639000000, "ebitdaratio": 0.2422289613, "operatingIncome": 87000000, "operatingIncomeRatio": 0.0329795299, "totalOtherIncomeExpensesNet": -301000000, "incomeBeforeTax": -251000000, "incomeBeforeTaxRatio": -0.0951478393, "incomeTaxExpense": 25000000, "netIncome": -271000000, "netIncomeRatio": -0.1027293404, "eps": -0.86, "epsdiluted": -0.86, "weightedAverageShsOut": 315000000, "weightedAverageShsOutDil": 315000000, "link": "https://www.sec.gov/Archives/edgar/data/1013871/000101387116000032/0001013871-16-000032-index.htm", "finalLink": "https://www.sec.gov/Archives/edgar/data/1013871/000101387116000032/nrg2016063010q.htm"}, {"date": "2016-03-31", "symbol": "NRG", "reportedCurrency": "USD", "cik": "0001013871", "fillingDate": "2016-05-05", "acceptedDate": "2016-05-05 13:09:42", "calendarYear": "2016", "period": "Q1", "revenue": 3229000000, "costOfRevenue": 2189000000, "grossProfit": 1040000000, "grossProfitRatio": 0.3220811397, "researchAndDevelopmentExpenses": 26000000, "generalAndAdministrativeExpenses": 0, "sellingAndMarketingExpenses": 0, "sellingGeneralAndAdministrativeExpenses": 255000000, "otherExpenses": 18000000, "operatingExpenses": 594000000, "costAndExpenses": 2783000000, "interestIncome": 0, "interestExpense": 284000000, "depreciationAndAmortization": 352000000, "ebitda": 704000000, "ebitdaratio": 0.2180241561, "operatingIncome": 476000000, "operatingIncomeRatio": 0.1474140601, "totalOtherIncomeExpensesNet": -408000000, "incomeBeforeTax": 68000000, "incomeBeforeTaxRatio": 0.0210591514, "incomeTaxExpense": 21000000, "netIncome": 77000000, "netIncomeRatio": 0.0238463921, "eps": 0.24, "epsdiluted": 0.24, "weightedAverageShsOut": 315000000, "weightedAverageShsOutDil": 315000000, "link": "https://www.sec.gov/Archives/edgar/data/1013871/000101387116000025/0001013871-16-000025-index.htm", "finalLink": "https://www.sec.gov/Archives/edgar/data/1013871/000101387116000025/nrg2016033110q.htm"}, {"date": "2015-12-31", "symbol": "NRG", "reportedCurrency": "USD", "cik": "0001013871", "fillingDate": "2016-02-29", "acceptedDate": "2016-02-29 13:46:58", "calendarYear": "2015", "period": "Q4", "revenue": 3020000000, "costOfRevenue": 2225000000, "grossProfit": 795000000, "grossProfitRatio": 0.2632450331, "researchAndDevelopmentExpenses": 41000000, "generalAndAdministrativeExpenses": 27000000, "sellingAndMarketingExpenses": 307000000, "sellingGeneralAndAdministrativeExpenses": 334000000, "otherExpenses": 6000000, "operatingExpenses": 768000000, "costAndExpenses": 2993000000, "interestIncome": 0, "interestExpense": 273000000, "depreciationAndAmortization": 415000000, "ebitda": -4285000000, "ebitdaratio": -1.4188741722, "operatingIncome": -4727000000, "operatingIncomeRatio": -1.5652317881, "totalOtherIncomeExpensesNet": -5000000000, "incomeBeforeTax": -4973000000, "incomeBeforeTaxRatio": -1.6466887417, "incomeTaxExpense": 1385000000, "netIncome": -6314000000, "netIncomeRatio": -2.0907284768, "eps": -20.11, "epsdiluted": -20.04, "weightedAverageShsOut": 314000000, "weightedAverageShsOutDil": 315000000, "link": "https://www.sec.gov/Archives/edgar/data/1013871/000101387116000022/0001013871-16-000022-index.htm", "finalLink": "https://www.sec.gov/Archives/edgar/data/1013871/000101387116000022/a201510-k.htm"}, {"date": "2015-09-30", "symbol": "NRG", "reportedCurrency": "USD", "cik": "0001013871", "fillingDate": "2015-11-04", "acceptedDate": "2015-11-04 15:52:09", "calendarYear": "2015", "period": "Q3", "revenue": 4431000000, "costOfRevenue": 3034000000, "grossProfit": 1397000000, "grossProfitRatio": 0.3152787181, "researchAndDevelopmentExpenses": 38000000, "generalAndAdministrativeExpenses": 0, "sellingAndMarketingExpenses": 0, "sellingGeneralAndAdministrativeExpenses": 332000000, "otherExpenses": 4000000, "operatingExpenses": 752000000, "costAndExpenses": 3786000000, "interestIncome": 0, "interestExpense": 291000000, "depreciationAndAmortization": 431000000, "ebitda": 836000000, "ebitdaratio": 0.188670729, "operatingIncome": 379000000, "operatingIncomeRatio": 0.0855337396, "totalOtherIncomeExpensesNet": -265000000, "incomeBeforeTax": 114000000, "incomeBeforeTaxRatio": 0.0257278267, "incomeTaxExpense": 47000000, "netIncome": 56000000, "netIncomeRatio": 0.0126382306, "eps": 0.18, "epsdiluted": 0.18, "weightedAverageShsOut": 331000000, "weightedAverageShsOutDil": 332000000, "link": "https://www.sec.gov/Archives/edgar/data/1013871/000101387115000018/0001013871-15-000018-index.htm", "finalLink": "https://www.sec.gov/Archives/edgar/data/1013871/000101387115000018/nrg2015093010q.htm"}, {"date": "2015-06-30", "symbol": "NRG", "reportedCurrency": "USD", "cik": "0001013871", "fillingDate": "2015-08-04", "acceptedDate": "2015-08-04 14:25:25", "calendarYear": "2015", "period": "Q2", "revenue": 3397000000, "costOfRevenue": 2434000000, "grossProfit": 963000000, "grossProfitRatio": 0.2834854283, "researchAndDevelopmentExpenses": 41000000, "generalAndAdministrativeExpenses": 0, "sellingAndMarketingExpenses": 0, "sellingGeneralAndAdministrativeExpenses": 291000000, "otherExpenses": 4000000, "operatingExpenses": 728000000, "costAndExpenses": 3162000000, "interestIncome": 0, "interestExpense": 263000000, "depreciationAndAmortization": 419000000, "ebitda": 656000000, "ebitdaratio": 0.193111569, "operatingIncome": 232000000, "operatingIncomeRatio": 0.0682955549, "totalOtherIncomeExpensesNet": -258000000, "incomeBeforeTax": -26000000, "incomeBeforeTaxRatio": -0.0076538122, "incomeTaxExpense": -17000000, "netIncome": -14000000, "netIncomeRatio": -0.0041212835, "eps": -0.042, "epsdiluted": -0.042, "weightedAverageShsOut": 333000000, "weightedAverageShsOutDil": 333000000, "link": "https://www.sec.gov/Archives/edgar/data/1013871/000101387115000015/0001013871-15-000015-index.htm", "finalLink": "https://www.sec.gov/Archives/edgar/data/1013871/000101387115000015/nrg2015063010q.htm"}, {"date": "2015-03-31", "symbol": "NRG", "reportedCurrency": "USD", "cik": "0001013871", "fillingDate": "2015-05-08", "acceptedDate": "2015-05-08 13:58:33", "calendarYear": "2015", "period": "Q1", "revenue": 3826000000, "costOfRevenue": 3062000000, "grossProfit": 764000000, "grossProfitRatio": 0.1996863565, "researchAndDevelopmentExpenses": 34000000, "generalAndAdministrativeExpenses": 0, "sellingAndMarketingExpenses": 0, "sellingGeneralAndAdministrativeExpenses": 263000000, "otherExpenses": 19000000, "operatingExpenses": 692000000, "costAndExpenses": 3754000000, "interestIncome": 0, "interestExpense": 301000000, "depreciationAndAmortization": 427000000, "ebitda": 519000000, "ebitdaratio": 0.1356508102, "operatingIncome": 76000000, "operatingIncomeRatio": 0.0198640878, "totalOtherIncomeExpensesNet": -285000000, "incomeBeforeTax": -209000000, "incomeBeforeTaxRatio": -0.0546262415, "incomeTaxExpense": -73000000, "netIncome": -120000000, "netIncomeRatio": -0.0313643492, "eps": -0.36, "epsdiluted": -0.36, "weightedAverageShsOut": 336000000, "weightedAverageShsOutDil": 336000000, "link": "https://www.sec.gov/Archives/edgar/data/1013871/000101387115000010/0001013871-15-000010-index.htm", "finalLink": "https://www.sec.gov/Archives/edgar/data/1013871/000101387115000010/nrg2015033110q.htm"}, {"date": "2014-12-31", "symbol": "NRG", "reportedCurrency": "USD", "cik": "0001013871", "fillingDate": "2015-02-27", "acceptedDate": "2015-02-27 16:57:31", "calendarYear": "2014", "period": "Q4", "revenue": 4192000000, "costOfRevenue": 2951000000, "grossProfit": 1241000000, "grossProfitRatio": 0.2960400763, "researchAndDevelopmentExpenses": 29000000, "generalAndAdministrativeExpenses": 82000000, "sellingAndMarketingExpenses": 208000000, "sellingGeneralAndAdministrativeExpenses": 290000000, "otherExpenses": 9000000, "operatingExpenses": 746000000, "costAndExpenses": 3697000000, "interestIncome": 0, "interestExpense": 310000000, "depreciationAndAmortization": 452000000, "ebitda": 930000000, "ebitdaratio": 0.221851145, "operatingIncome": 453000000, "operatingIncomeRatio": 0.1080629771, "totalOtherIncomeExpensesNet": -327000000, "incomeBeforeTax": 168000000, "incomeBeforeTaxRatio": 0.0400763359, "incomeTaxExpense": 71000000, "netIncome": 119000000, "netIncomeRatio": 0.0283874046, "eps": 0.35, "epsdiluted": 0.35, "weightedAverageShsOut": 336000000, "weightedAverageShsOutDil": 336000000, "link": "https://www.sec.gov/Archives/edgar/data/1013871/000101387115000004/0001013871-15-000004-index.htm", "finalLink": "https://www.sec.gov/Archives/edgar/data/1013871/000101387115000004/a201410-k.htm"}, {"date": "2014-09-30", "symbol": "NRG", "reportedCurrency": "USD", "cik": "0001013871", "fillingDate": "2014-11-05", "acceptedDate": "2014-11-05 15:08:36", "calendarYear": "2014", "period": "Q3", "revenue": 4569000000, "costOfRevenue": 3278000000, "grossProfit": 1291000000, "grossProfitRatio": 0.2825563581, "researchAndDevelopmentExpenses": 22000000, "generalAndAdministrativeExpenses": 0, "sellingAndMarketingExpenses": 0, "sellingGeneralAndAdministrativeExpenses": 258000000, "otherExpenses": -3000000, "operatingExpenses": 655000000, "costAndExpenses": 3933000000, "interestIncome": 0, "interestExpense": 280000000, "depreciationAndAmortization": 418000000, "ebitda": 969000000, "ebitdaratio": 0.2120814183, "operatingIncome": 549000000, "operatingIncomeRatio": 0.1201575837, "totalOtherIncomeExpensesNet": -278000000, "incomeBeforeTax": 271000000, "incomeBeforeTaxRatio": 0.0593127599, "incomeTaxExpense": 89000000, "netIncome": 166000000, "netIncomeRatio": 0.0363318013, "eps": 0.49, "epsdiluted": 0.48, "weightedAverageShsOut": 338000000, "weightedAverageShsOutDil": 343000000, "link": "https://www.sec.gov/Archives/edgar/data/1013871/000101387114000022/0001013871-14-000022-index.htm", "finalLink": "https://www.sec.gov/Archives/edgar/data/1013871/000101387114000022/nrg2014093010q.htm"}, {"date": "2014-06-30", "symbol": "NRG", "reportedCurrency": "USD", "cik": "0001013871", "fillingDate": "2014-08-07", "acceptedDate": "2014-08-07 13:37:14", "calendarYear": "2014", "period": "Q2", "revenue": 3621000000, "costOfRevenue": 2817000000, "grossProfit": 804000000, "grossProfitRatio": 0.222038111, "researchAndDevelopmentExpenses": 21000000, "generalAndAdministrativeExpenses": 0, "sellingAndMarketingExpenses": 0, "sellingGeneralAndAdministrativeExpenses": 268000000, "otherExpenses": 5000000, "operatingExpenses": 675000000, "costAndExpenses": 3492000000, "interestIncome": 0, "interestExpense": 274000000, "depreciationAndAmortization": 404000000, "ebitda": 472000000, "ebitdaratio": 0.1303507318, "operatingIncome": 89000000, "operatingIncomeRatio": 0.0245788456, "totalOtherIncomeExpensesNet": -295000000, "incomeBeforeTax": -206000000, "incomeBeforeTaxRatio": -0.0568903618, "incomeTaxExpense": -126000000, "netIncome": -97000000, "netIncomeRatio": -0.0267881801, "eps": -0.29, "epsdiluted": -0.29, "weightedAverageShsOut": 337000000, "weightedAverageShsOutDil": 337000000, "link": "https://www.sec.gov/Archives/edgar/data/1013871/000101387114000012/0001013871-14-000012-index.htm", "finalLink": "https://www.sec.gov/Archives/edgar/data/1013871/000101387114000012/nrg2014063010q.htm"}, {"date": "2014-03-31", "symbol": "NRG", "reportedCurrency": "USD", "cik": "0001013871", "fillingDate": "2014-05-06", "acceptedDate": "2014-05-06 15:19:04", "calendarYear": "2014", "period": "Q1", "revenue": 3486000000, "costOfRevenue": 2733000000, "grossProfit": 753000000, "grossProfitRatio": 0.2160068847, "researchAndDevelopmentExpenses": 19000000, "generalAndAdministrativeExpenses": 0, "sellingAndMarketingExpenses": 0, "sellingGeneralAndAdministrativeExpenses": 226000000, "otherExpenses": 11000000, "operatingExpenses": 580000000, "costAndExpenses": 3313000000, "interestIncome": 0, "interestExpense": 255000000, "depreciationAndAmortization": 359000000, "ebitda": 550000000, "ebitdaratio": 0.157773953, "operatingIncome": 180000000, "operatingIncomeRatio": 0.0516351119, "totalOtherIncomeExpensesNet": -278000000, "incomeBeforeTax": -98000000, "incomeBeforeTaxRatio": -0.0281124498, "incomeTaxExpense": -31000000, "netIncome": -56000000, "netIncomeRatio": -0.016064257, "eps": -0.17, "epsdiluted": -0.17, "weightedAverageShsOut": 324000000, "weightedAverageShsOutDil": 324000000, "link": "https://www.sec.gov/Archives/edgar/data/1013871/000101387114000009/0001013871-14-000009-index.htm", "finalLink": "https://www.sec.gov/Archives/edgar/data/1013871/000101387114000009/nrg2014033110q.htm"}, {"date": "2013-12-31", "symbol": "NRG", "reportedCurrency": "USD", "cik": "0001013871", "fillingDate": "2014-09-10", "acceptedDate": "2014-09-10 15:40:02", "calendarYear": "2013", "period": "Q4", "revenue": 2795000000, "costOfRevenue": 1942000000, "grossProfit": 853000000, "grossProfitRatio": 0.3051878354, "researchAndDevelopmentExpenses": 21000000, "generalAndAdministrativeExpenses": 38000000, "sellingAndMarketingExpenses": 195000000, "sellingGeneralAndAdministrativeExpenses": 233000000, "otherExpenses": 4000000, "operatingExpenses": 589000000, "costAndExpenses": 2531000000, "interestIncome": 0, "interestExpense": 218000000, "depreciationAndAmortization": 318000000, "ebitda": 13000000, "ebitdaratio": 0.0046511628, "operatingIncome": -228000000, "operatingIncomeRatio": -0.0815742397, "totalOtherIncomeExpensesNet": -312000000, "incomeBeforeTax": -540000000, "incomeBeforeTaxRatio": -0.1932021467, "incomeTaxExpense": -235000000, "netIncome": -312000000, "netIncomeRatio": -0.111627907, "eps": -0.97, "epsdiluted": -0.96, "weightedAverageShsOut": 323000000, "weightedAverageShsOutDil": 324000000, "link": "https://www.sec.gov/Archives/edgar/data/1013871/000101387114000019/0001013871-14-000019-index.htm", "finalLink": "https://www.sec.gov/Archives/edgar/data/1013871/000101387114000019/nrgamendmentno2to201310-k.htm"}, {"date": "2013-09-30", "symbol": "NRG", "reportedCurrency": "USD", "cik": "0001013871", "fillingDate": "2013-11-12", "acceptedDate": "2013-11-12 16:39:10", "calendarYear": "2013", "period": "Q3", "revenue": 3490000000, "costOfRevenue": 2355000000, "grossProfit": 1135000000, "grossProfitRatio": 0.3252148997, "researchAndDevelopmentExpenses": 27000000, "generalAndAdministrativeExpenses": 0, "sellingAndMarketingExpenses": 0, "sellingGeneralAndAdministrativeExpenses": 229000000, "otherExpenses": 5000000, "operatingExpenses": 574000000, "costAndExpenses": 2929000000, "interestIncome": 0, "interestExpense": 228000000, "depreciationAndAmortization": 280000000, "ebitda": 842000000, "ebitdaratio": 0.241260745, "operatingIncome": 535000000, "operatingIncomeRatio": 0.1532951289, "totalOtherIncomeExpensesNet": -237000000, "incomeBeforeTax": 306000000, "incomeBeforeTaxRatio": 0.0876790831, "incomeTaxExpense": 163000000, "netIncome": 117000000, "netIncomeRatio": 0.0335243553, "eps": 0.36, "epsdiluted": 0.36, "weightedAverageShsOut": 323000000, "weightedAverageShsOutDil": 327000000, "link": "https://www.sec.gov/Archives/edgar/data/1013871/000101387113000015/0001013871-13-000015-index.htm", "finalLink": "https://www.sec.gov/Archives/edgar/data/1013871/000101387113000015/nrg2013093010q.htm"}, {"date": "2013-06-30", "symbol": "NRG", "reportedCurrency": "USD", "cik": "0001013871", "fillingDate": "2013-08-09", "acceptedDate": "2013-08-09 15:35:25", "calendarYear": "2013", "period": "Q2", "revenue": 2929000000, "costOfRevenue": 2059000000, "grossProfit": 870000000, "grossProfitRatio": 0.297029703, "researchAndDevelopmentExpenses": 20000000, "generalAndAdministrativeExpenses": 0, "sellingAndMarketingExpenses": 0, "sellingGeneralAndAdministrativeExpenses": 213000000, "otherExpenses": 305000000, "operatingExpenses": 538000000, "costAndExpenses": 2597000000, "interestIncome": 0, "interestExpense": 206000000, "depreciationAndAmortization": 408000000, "ebitda": 690000000, "ebitdaratio": 0.2355752817, "operatingIncome": 295000000, "operatingIncomeRatio": 0.1007169682, "totalOtherIncomeExpensesNet": -227000000, "incomeBeforeTax": 76000000, "incomeBeforeTaxRatio": 0.0259474223, "incomeTaxExpense": -61000000, "netIncome": 121000000, "netIncomeRatio": 0.0413110277, "eps": 0.37, "epsdiluted": 0.37, "weightedAverageShsOut": 323000000, "weightedAverageShsOutDil": 327000000, "link": "https://www.sec.gov/Archives/edgar/data/1013871/000101387113000010/0001013871-13-000010-index.htm", "finalLink": "https://www.sec.gov/Archives/edgar/data/1013871/000101387113000010/nrg2013063010q.htm"}, {"date": "2013-03-31", "symbol": "NRG", "reportedCurrency": "USD", "cik": "0001013871", "fillingDate": "2013-05-07", "acceptedDate": "2013-05-07 15:48:41", "calendarYear": "2013", "period": "Q1", "revenue": 2081000000, "costOfRevenue": 1765000000, "grossProfit": 316000000, "grossProfitRatio": 0.1518500721, "researchAndDevelopmentExpenses": 16000000, "generalAndAdministrativeExpenses": 0, "sellingAndMarketingExpenses": 0, "sellingGeneralAndAdministrativeExpenses": 229000000, "otherExpenses": 4000000, "operatingExpenses": 543000000, "costAndExpenses": 2308000000, "interestIncome": 0, "interestExpense": 196000000, "depreciationAndAmortization": 335000000, "ebitda": 120000000, "ebitdaratio": 0.0576645843, "operatingIncome": -259000000, "operatingIncomeRatio": -0.1244593945, "totalOtherIncomeExpensesNet": -224000000, "incomeBeforeTax": -476000000, "incomeBeforeTaxRatio": -0.2287361845, "incomeTaxExpense": -149000000, "netIncome": -328000000, "netIncomeRatio": -0.1576165305, "eps": -1.02, "epsdiluted": -1.02, "weightedAverageShsOut": 323000000, "weightedAverageShsOutDil": 323000000, "link": "https://www.sec.gov/Archives/edgar/data/1013871/000101387113000006/0001013871-13-000006-index.htm", "finalLink": "https://www.sec.gov/Archives/edgar/data/1013871/000101387113000006/nrg2013033110q.htm"}, {"date": "2012-12-31", "symbol": "NRG", "reportedCurrency": "USD", "cik": "0001013871", "fillingDate": "2013-02-27", "acceptedDate": "2013-02-27 15:45:43", "calendarYear": "2012", "period": "Q4", "revenue": 2063000000, "costOfRevenue": 1469000000, "grossProfit": 594000000, "grossProfitRatio": 0.2879301987, "researchAndDevelopmentExpenses": 10000000, "generalAndAdministrativeExpenses": -4000000, "sellingAndMarketingExpenses": 197000000, "sellingGeneralAndAdministrativeExpenses": 193000000, "otherExpenses": 5000000, "operatingExpenses": 450000000, "costAndExpenses": 1919000000, "interestIncome": 0, "interestExpense": 166000000, "depreciationAndAmortization": 295000000, "ebitda": 898000000, "ebitdaratio": 0.4352884149, "operatingIncome": 37000000, "operatingIncomeRatio": 0.017935046, "totalOtherIncomeExpensesNet": 400000000, "incomeBeforeTax": 437000000, "incomeBeforeTaxRatio": 0.2118274358, "incomeTaxExpense": -81000000, "netIncome": 514000000, "netIncomeRatio": 0.2491517208, "eps": 1.6, "epsdiluted": 2.23, "weightedAverageShsOut": 230000000, "weightedAverageShsOutDil": 231000000, "link": "https://www.sec.gov/Archives/edgar/data/1013871/000101387113000003/0001013871-13-000003-index.htm", "finalLink": "https://www.sec.gov/Archives/edgar/data/1013871/000101387113000003/a201210-k.htm"}, {"date": "2012-09-30", "symbol": "NRG", "reportedCurrency": "USD", "cik": "0001013871", "fillingDate": "2012-11-02", "acceptedDate": "2012-11-02 13:54:57", "calendarYear": "2012", "period": "Q3", "revenue": 2331000000, "costOfRevenue": 1726000000, "grossProfit": 605000000, "grossProfitRatio": 0.2595452595, "researchAndDevelopmentExpenses": 9000000, "generalAndAdministrativeExpenses": 0, "sellingAndMarketingExpenses": 0, "sellingGeneralAndAdministrativeExpenses": 271000000, "otherExpenses": 10000000, "operatingExpenses": 519000000, "costAndExpenses": 2245000000, "interestIncome": 0, "interestExpense": 163000000, "depreciationAndAmortization": 279000000, "ebitda": 369000000, "ebitdaratio": 0.1583011583, "operatingIncome": 86000000, "operatingIncomeRatio": 0.0368940369, "totalOtherIncomeExpensesNet": -191000000, "incomeBeforeTax": -105000000, "incomeBeforeTaxRatio": -0.045045045, "incomeTaxExpense": -113000000, "netIncome": -1000000, "netIncomeRatio": -0.0004290004, "eps": -0.0044, "epsdiluted": -0.0044, "weightedAverageShsOut": 228000000, "weightedAverageShsOutDil": 228000000, "link": "https://www.sec.gov/Archives/edgar/data/1013871/000101387112000013/0001013871-12-000013-index.htm", "finalLink": "https://www.sec.gov/Archives/edgar/data/1013871/000101387112000013/nrg2012093010q.htm"}, {"date": "2012-06-30", "symbol": "NRG", "reportedCurrency": "USD", "cik": "0001013871", "fillingDate": "2012-08-08", "acceptedDate": "2012-08-08 12:37:47", "calendarYear": "2012", "period": "Q2", "revenue": 2166000000, "costOfRevenue": 1319000000, "grossProfit": 847000000, "grossProfitRatio": 0.391043398, "researchAndDevelopmentExpenses": 9000000, "generalAndAdministrativeExpenses": 0, "sellingAndMarketingExpenses": 0, "sellingGeneralAndAdministrativeExpenses": 207000000, "otherExpenses": 2000000, "operatingExpenses": 450000000, "costAndExpenses": 1769000000, "interestIncome": 0, "interestExpense": 167000000, "depreciationAndAmortization": 283000000, "ebitda": 696000000, "ebitdaratio": 0.3213296399, "operatingIncome": 397000000, "operatingIncomeRatio": 0.1832871653, "totalOtherIncomeExpensesNet": -151000000, "incomeBeforeTax": 246000000, "incomeBeforeTaxRatio": 0.1135734072, "incomeTaxExpense": -13000000, "netIncome": 248000000, "netIncomeRatio": 0.1144967682, "eps": 1.09, "epsdiluted": 1.08, "weightedAverageShsOut": 228000000, "weightedAverageShsOutDil": 229000000, "link": "https://www.sec.gov/Archives/edgar/data/1013871/000101387112000009/0001013871-12-000009-index.htm", "finalLink": "https://www.sec.gov/Archives/edgar/data/1013871/000101387112000009/nrg2012063010q.htm"}, {"date": "2012-03-31", "symbol": "NRG", "reportedCurrency": "USD", "cik": "0001013871", "fillingDate": "2012-05-03", "acceptedDate": "2012-05-03 12:41:00", "calendarYear": "2012", "period": "Q1", "revenue": 1862000000, "costOfRevenue": 1573000000, "grossProfit": 289000000, "grossProfitRatio": 0.1552094522, "researchAndDevelopmentExpenses": 8000000, "generalAndAdministrativeExpenses": 0, "sellingAndMarketingExpenses": 0, "sellingGeneralAndAdministrativeExpenses": 221000000, "otherExpenses": 2000000, "operatingExpenses": 459000000, "costAndExpenses": 2032000000, "interestIncome": 0, "interestExpense": 165000000, "depreciationAndAmortization": 272000000, "ebitda": 117000000, "ebitdaratio": 0.0628356606, "operatingIncome": -170000000, "operatingIncomeRatio": -0.0912996778, "totalOtherIncomeExpensesNet": -156000000, "incomeBeforeTax": -326000000, "incomeBeforeTaxRatio": -0.1750805585, "incomeTaxExpense": -120000000, "netIncome": -207000000, "netIncomeRatio": -0.1111707841, "eps": -0.91, "epsdiluted": -0.91, "weightedAverageShsOut": 228000000, "weightedAverageShsOutDil": 228000000, "link": "https://www.sec.gov/Archives/edgar/data/1013871/000144530512001407/0001445305-12-001407-index.htm", "finalLink": "https://www.sec.gov/Archives/edgar/data/1013871/000144530512001407/nrg2012033110q.htm"}, {"date": "2011-12-31", "symbol": "NRG", "reportedCurrency": "USD", "cik": "0001013871", "fillingDate": "2012-02-28", "acceptedDate": "2012-02-28 13:33:40", "calendarYear": "2011", "period": "Q4", "revenue": 2132000000, "costOfRevenue": 1690000000, "grossProfit": 442000000, "grossProfitRatio": 0.2073170732, "researchAndDevelopmentExpenses": 13000000, "generalAndAdministrativeExpenses": 0, "sellingAndMarketingExpenses": 0, "sellingGeneralAndAdministrativeExpenses": 189000000, "otherExpenses": 6000000, "operatingExpenses": 433000000, "costAndExpenses": 2123000000, "interestIncome": 0, "interestExpense": 161000000, "depreciationAndAmortization": 280000000, "ebitda": 312000000, "ebitdaratio": 0.1463414634, "operatingIncome": 9000000, "operatingIncomeRatio": 0.0042213884, "totalOtherIncomeExpensesNet": -146000000, "incomeBeforeTax": -137000000, "incomeBeforeTaxRatio": -0.0642589118, "incomeTaxExpense": -28000000, "netIncome": -109000000, "netIncomeRatio": -0.0511257036, "eps": -0.48, "epsdiluted": -0.48, "weightedAverageShsOut": 228000000, "weightedAverageShsOutDil": 228000000, "link": "https://www.sec.gov/Archives/edgar/data/1013871/000144530512000493/0001445305-12-000493-index.htm", "finalLink": "https://www.sec.gov/Archives/edgar/data/1013871/000144530512000493/a201110-k.htm"}, {"date": "2011-09-30", "symbol": "NRG", "reportedCurrency": "USD", "cik": "0001013871", "fillingDate": "2011-11-03", "acceptedDate": "2011-11-03 12:51:13", "calendarYear": "2011", "period": "Q3", "revenue": 2674000000, "costOfRevenue": 2053000000, "grossProfit": 621000000, "grossProfitRatio": 0.23223635, "researchAndDevelopmentExpenses": 11000000, "generalAndAdministrativeExpenses": 0, "sellingAndMarketingExpenses": 0, "sellingGeneralAndAdministrativeExpenses": 169000000, "otherExpenses": 5000000, "operatingExpenses": 418000000, "costAndExpenses": 2471000000, "interestIncome": 0, "interestExpense": 164000000, "depreciationAndAmortization": 238000000, "ebitda": 304000000, "ebitdaratio": 0.1136873598, "operatingIncome": 43000000, "operatingIncomeRatio": 0.0160807779, "totalOtherIncomeExpensesNet": -178000000, "incomeBeforeTax": -135000000, "incomeBeforeTaxRatio": -0.0504861631, "incomeTaxExpense": -80000000, "netIncome": -55000000, "netIncomeRatio": -0.0205684368, "eps": -0.23, "epsdiluted": -0.23, "weightedAverageShsOut": 240000000, "weightedAverageShsOutDil": 240000000, "link": "https://www.sec.gov/Archives/edgar/data/1013871/000144530511003199/0001445305-11-003199-index.htm", "finalLink": "https://www.sec.gov/Archives/edgar/data/1013871/000144530511003199/nrg2011093010q.htm"}, {"date": "2011-06-30", "symbol": "NRG", "reportedCurrency": "USD", "cik": "0001013871", "fillingDate": "2011-08-04", "acceptedDate": "2011-08-04 12:41:24", "calendarYear": "2011", "period": "Q2", "revenue": 2278000000, "costOfRevenue": 1608000000, "grossProfit": 670000000, "grossProfitRatio": 0.2941176471, "researchAndDevelopmentExpenses": 12000000, "generalAndAdministrativeExpenses": 0, "sellingAndMarketingExpenses": 0, "sellingGeneralAndAdministrativeExpenses": 167000000, "otherExpenses": 3000000, "operatingExpenses": 401000000, "costAndExpenses": 2009000000, "interestIncome": 0, "interestExpense": 167000000, "depreciationAndAmortization": 275000000, "ebitda": 556000000, "ebitdaratio": 0.2440737489, "operatingIncome": 269000000, "operatingIncomeRatio": 0.1180860404, "totalOtherIncomeExpensesNet": -278000000, "incomeBeforeTax": -9000000, "incomeBeforeTaxRatio": -0.0039508341, "incomeTaxExpense": -630000000, "netIncome": 618000000, "netIncomeRatio": 0.2712906058, "eps": 2.54, "epsdiluted": 2.53, "weightedAverageShsOut": 243000000, "weightedAverageShsOutDil": 244000000, "link": "https://www.sec.gov/Archives/edgar/data/1013871/000144530511002344/0001445305-11-002344-index.htm", "finalLink": "https://www.sec.gov/Archives/edgar/data/1013871/000144530511002344/nrg201163010q.htm"}, {"date": "2011-03-31", "symbol": "NRG", "reportedCurrency": "USD", "cik": "0001013871", "fillingDate": "2011-05-05", "acceptedDate": "2011-05-05 12:55:45", "calendarYear": "2011", "period": "Q1", "revenue": 1995000000, "costOfRevenue": 1324000000, "grossProfit": 671000000, "grossProfitRatio": 0.3363408521, "researchAndDevelopmentExpenses": 9000000, "generalAndAdministrativeExpenses": 0, "sellingAndMarketingExpenses": 0, "sellingGeneralAndAdministrativeExpenses": 143000000, "otherExpenses": 5000000, "operatingExpenses": 357000000, "costAndExpenses": 1681000000, "interestIncome": 0, "interestExpense": 173000000, "depreciationAndAmortization": 264000000, "ebitda": -333000000, "ebitdaratio": -0.1669172932, "operatingIncome": 314000000, "operatingIncomeRatio": 0.1573934837, "totalOtherIncomeExpensesNet": -679000000, "incomeBeforeTax": -365000000, "incomeBeforeTaxRatio": -0.1829573935, "incomeTaxExpense": -105000000, "netIncome": -260000000, "netIncomeRatio": -0.1303258145, "eps": -1.05, "epsdiluted": -1.05, "weightedAverageShsOut": 247000000, "weightedAverageShsOutDil": 247000000, "link": "https://www.sec.gov/Archives/edgar/data/1013871/000110465911026199/0001104659-11-026199-index.htm", "finalLink": "https://www.sec.gov/Archives/edgar/data/1013871/000110465911026199/a11-8686_110q.htm"}, {"date": "2010-12-31", "symbol": "NRG", "reportedCurrency": "USD", "cik": "0001013871", "fillingDate": "2011-02-22", "acceptedDate": "2011-02-22 14:09:25", "calendarYear": "2010", "period": "Q4", "revenue": 1816000000, "costOfRevenue": 1270000000, "grossProfit": 546000000, "grossProfitRatio": 0.300660793, "researchAndDevelopmentExpenses": 19000000, "generalAndAdministrativeExpenses": 0, "sellingAndMarketingExpenses": 0, "sellingGeneralAndAdministrativeExpenses": 157000000, "otherExpenses": -1000000, "operatingExpenses": 394000000, "costAndExpenses": 1664000000, "interestIncome": 0, "interestExpense": 163000000, "depreciationAndAmortization": 249000000, "ebitda": 403000000, "ebitdaratio": 0.2219162996, "operatingIncome": 152000000, "operatingIncomeRatio": 0.0837004405, "totalOtherIncomeExpensesNet": -161000000, "incomeBeforeTax": -9000000, "incomeBeforeTaxRatio": -0.0049559471, "incomeTaxExpense": 6000000, "netIncome": -15000000, "netIncomeRatio": -0.0082599119, "eps": -0.061, "epsdiluted": -0.0607, "weightedAverageShsOut": 246000000, "weightedAverageShsOutDil": 247000000, "link": "https://www.sec.gov/Archives/edgar/data/1013871/000104746911001125/0001047469-11-001125-index.htm", "finalLink": "https://www.sec.gov/Archives/edgar/data/1013871/000104746911001125/a2202097z10-k.htm"}, {"date": "2010-09-30", "symbol": "NRG", "reportedCurrency": "USD", "cik": "0001013871", "fillingDate": "2010-11-04", "acceptedDate": "2010-11-04 12:34:43", "calendarYear": "2010", "period": "Q3", "revenue": 2685000000, "costOfRevenue": 1835000000, "grossProfit": 850000000, "grossProfitRatio": 0.3165735568, "researchAndDevelopmentExpenses": 14000000, "generalAndAdministrativeExpenses": 0, "sellingAndMarketingExpenses": 0, "sellingGeneralAndAdministrativeExpenses": 172000000, "otherExpenses": 11000000, "operatingExpenses": 396000000, "costAndExpenses": 2231000000, "interestIncome": 0, "interestExpense": 169000000, "depreciationAndAmortization": 210000000, "ebitda": 690000000, "ebitdaratio": 0.2569832402, "operatingIncome": 454000000, "operatingIncomeRatio": 0.1690875233, "totalOtherIncomeExpensesNet": -142000000, "incomeBeforeTax": 312000000, "incomeBeforeTaxRatio": 0.1162011173, "incomeTaxExpense": 89000000, "netIncome": 221000000, "netIncomeRatio": 0.0823091248, "eps": 0.88, "epsdiluted": 0.87, "weightedAverageShsOut": 252000000, "weightedAverageShsOutDil": 253000000, "link": "https://www.sec.gov/Archives/edgar/data/1013871/000095012310100699/0000950123-10-100699-index.htm", "finalLink": "https://www.sec.gov/Archives/edgar/data/1013871/000095012310100699/y86427e10vq.htm"}]