[{"date": "2022-12-31", "symbol": "LHCG", "reportedCurrency": "USD", "cik": "0001303313", "fillingDate": "2023-02-22", "acceptedDate": "2023-02-22 06:03:38", "calendarYear": "2022", "period": "Q4", "revenue": 558170000, "costOfRevenue": 347065000, "grossProfit": 211105000, "grossProfitRatio": 0.3782091478, "researchAndDevelopmentExpenses": 0, "generalAndAdministrativeExpenses": 188779000, "sellingAndMarketingExpenses": 0, "sellingGeneralAndAdministrativeExpenses": 188779000, "otherExpenses": 5660000, "operatingExpenses": 194439000, "costAndExpenses": 541504000, "interestIncome": 0, "interestExpense": 11680000, "depreciationAndAmortization": 15933000, "ebitda": 20084000, "ebitdaratio": 0.0359818693, "operatingIncome": 4151000, "operatingIncomeRatio": 0.0074368024, "totalOtherIncomeExpensesNet": -11680000, "incomeBeforeTax": -1738000, "incomeBeforeTaxRatio": -0.0031137467, "incomeTaxExpense": -53000, "netIncome": -1685000, "netIncomeRatio": -0.0030187936, "eps": -0.055, "epsdiluted": -0.055, "weightedAverageShsOut": 30659727, "weightedAverageShsOutDil": 30659727, "link": "https://www.sec.gov/Archives/edgar/data/1303313/000130331323000020/0001303313-23-000020-index.htm", "finalLink": "https://www.sec.gov/Archives/edgar/data/1303313/000130331323000020/lhcg-20221231.htm"}, {"date": "2022-09-30", "symbol": "LHCG", "reportedCurrency": "USD", "cik": "0001303313", "fillingDate": "2022-11-03", "acceptedDate": "2022-11-03 16:31:10", "calendarYear": "2022", "period": "Q3", "revenue": 576913000, "costOfRevenue": 347772000, "grossProfit": 229141000, "grossProfitRatio": 0.3971846708, "researchAndDevelopmentExpenses": 0, "generalAndAdministrativeExpenses": 183291000, "sellingAndMarketingExpenses": 0, "sellingGeneralAndAdministrativeExpenses": 183291000, "otherExpenses": 5760000, "operatingExpenses": 189051000, "costAndExpenses": 536823000, "interestIncome": 0, "interestExpense": 9053000, "depreciationAndAmortization": 16117000, "ebitda": 49445000, "ebitdaratio": 0.0857061637, "operatingIncome": 33328000, "operatingIncomeRatio": 0.0577695424, "totalOtherIncomeExpensesNet": -4350000, "incomeBeforeTax": 28978000, "incomeBeforeTaxRatio": 0.0502294107, "incomeTaxExpense": 6966000, "netIncome": 22012000, "netIncomeRatio": 0.0381547998, "eps": 0.72, "epsdiluted": 0.72, "weightedAverageShsOut": 30706000, "weightedAverageShsOutDil": 30706000, "link": "https://www.sec.gov/Archives/edgar/data/1303313/000130331322000064/0001303313-22-000064-index.htm", "finalLink": "https://www.sec.gov/Archives/edgar/data/1303313/000130331322000064/lhcg-20220930.htm"}, {"date": "2022-06-30", "symbol": "LHCG", "reportedCurrency": "USD", "cik": "0001303313", "fillingDate": "2022-08-04", "acceptedDate": "2022-08-04 16:36:39", "calendarYear": "2022", "period": "Q2", "revenue": 576193000, "costOfRevenue": 353933000, "grossProfit": 222260000, "grossProfitRatio": 0.3857388063, "researchAndDevelopmentExpenses": 0, "generalAndAdministrativeExpenses": 190284000, "sellingAndMarketingExpenses": 0, "sellingGeneralAndAdministrativeExpenses": 190284000, "otherExpenses": 6106000, "operatingExpenses": 196390000, "costAndExpenses": 550323000, "interestIncome": 0, "interestExpense": 6407000, "depreciationAndAmortization": 16390000, "ebitda": 37060000, "ebitdaratio": 0.0643187265, "operatingIncome": 20670000, "operatingIncomeRatio": 0.0358733966, "totalOtherIncomeExpensesNet": -2049000, "incomeBeforeTax": 18621000, "incomeBeforeTaxRatio": 0.0323172965, "incomeTaxExpense": 3679000, "netIncome": 14942000, "netIncomeRatio": 0.0259322831, "eps": 0.49, "epsdiluted": 0.49, "weightedAverageShsOut": 30676000, "weightedAverageShsOutDil": 30676000, "link": "https://www.sec.gov/Archives/edgar/data/1303313/000130331322000060/0001303313-22-000060-index.htm", "finalLink": "https://www.sec.gov/Archives/edgar/data/1303313/000130331322000060/lhcg-20220630.htm"}, {"date": "2022-03-31", "symbol": "LHCG", "reportedCurrency": "USD", "cik": "0001303313", "fillingDate": "2022-05-04", "acceptedDate": "2022-05-04 17:11:22", "calendarYear": "2022", "period": "Q1", "revenue": 571495000, "costOfRevenue": 350388000, "grossProfit": 221107000, "grossProfitRatio": 0.3868922738, "researchAndDevelopmentExpenses": 0, "generalAndAdministrativeExpenses": 178742000, "sellingAndMarketingExpenses": 0, "sellingGeneralAndAdministrativeExpenses": 178742000, "otherExpenses": 5617000, "operatingExpenses": 184359000, "costAndExpenses": 534747000, "interestIncome": 0, "interestExpense": 4171000, "depreciationAndAmortization": 15745000, "ebitda": 45739000, "ebitdaratio": 0.0800339461, "operatingIncome": 29994000, "operatingIncomeRatio": 0.0524833988, "totalOtherIncomeExpensesNet": 1354000, "incomeBeforeTax": 31348000, "incomeBeforeTaxRatio": 0.0548526234, "incomeTaxExpense": 6369000, "netIncome": 24979000, "netIncomeRatio": 0.0437081689, "eps": 0.82, "epsdiluted": 0.82, "weightedAverageShsOut": 30603000, "weightedAverageShsOutDil": 30603000, "link": "https://www.sec.gov/Archives/edgar/data/1303313/000130331322000049/0001303313-22-000049-index.htm", "finalLink": "https://www.sec.gov/Archives/edgar/data/1303313/000130331322000049/lhcg-20220331.htm"}, {"date": "2021-12-31", "symbol": "LHCG", "reportedCurrency": "USD", "cik": "0001303313", "fillingDate": "2022-02-24", "acceptedDate": "2022-02-24 16:37:57", "calendarYear": "2021", "period": "Q4", "revenue": 583429000, "costOfRevenue": 364603000, "grossProfit": 218826000, "grossProfitRatio": 0.3750687744, "researchAndDevelopmentExpenses": 0, "generalAndAdministrativeExpenses": 183663000, "sellingAndMarketingExpenses": 0, "sellingGeneralAndAdministrativeExpenses": 183663000, "otherExpenses": 6018000, "operatingExpenses": 189681000, "costAndExpenses": 554284000, "interestIncome": 0, "interestExpense": 2797000, "depreciationAndAmortization": 15998000, "ebitda": 39265000, "ebitdaratio": 0.0673003913, "operatingIncome": 26348000, "operatingIncomeRatio": 0.0451605937, "totalOtherIncomeExpensesNet": -2797000, "incomeBeforeTax": 26348000, "incomeBeforeTaxRatio": 0.0451605937, "incomeTaxExpense": 4778000, "netIncome": 21570000, "netIncomeRatio": 0.0369710796, "eps": 0.69, "epsdiluted": 0.69, "weightedAverageShsOut": 31167000, "weightedAverageShsOutDil": 31317000, "link": "https://www.sec.gov/Archives/edgar/data/1303313/000130331322000006/0001303313-22-000006-index.htm", "finalLink": "https://www.sec.gov/Archives/edgar/data/1303313/000130331322000006/lhcg-20211231.htm"}, {"date": "2021-09-30", "symbol": "LHCG", "reportedCurrency": "USD", "cik": "0001303313", "fillingDate": "2021-11-04", "acceptedDate": "2021-11-04 16:17:24", "calendarYear": "2021", "period": "Q3", "revenue": 565451000, "costOfRevenue": 343862000, "grossProfit": 221589000, "grossProfitRatio": 0.3918801099, "researchAndDevelopmentExpenses": 0, "generalAndAdministrativeExpenses": 171086000, "sellingAndMarketingExpenses": 0, "sellingGeneralAndAdministrativeExpenses": 171086000, "otherExpenses": 5358000, "operatingExpenses": 176444000, "costAndExpenses": 520306000, "interestIncome": 0, "interestExpense": 1135000, "depreciationAndAmortization": 14889000, "ebitda": 19518000, "ebitdaratio": 0.0345175798, "operatingIncome": 45145000, "operatingIncomeRatio": 0.079838925, "totalOtherIncomeExpensesNet": -1135000, "incomeBeforeTax": 44010000, "incomeBeforeTaxRatio": 0.0778316777, "incomeTaxExpense": 10150000, "netIncome": 27734000, "netIncomeRatio": 0.0490475744, "eps": 0.89, "epsdiluted": 0.88, "weightedAverageShsOut": 31238000, "weightedAverageShsOutDil": 31434000, "link": "https://www.sec.gov/Archives/edgar/data/1303313/000130331321000072/0001303313-21-000072-index.htm", "finalLink": "https://www.sec.gov/Archives/edgar/data/1303313/000130331321000072/lhcg-20210930.htm"}, {"date": "2021-06-30", "symbol": "LHCG", "reportedCurrency": "USD", "cik": "0001303313", "fillingDate": "2021-08-05", "acceptedDate": "2021-08-05 16:31:48", "calendarYear": "2021", "period": "Q2", "revenue": 545907000, "costOfRevenue": 317872000, "grossProfit": 228035000, "grossProfitRatio": 0.4177176699, "researchAndDevelopmentExpenses": 0, "generalAndAdministrativeExpenses": 162519000, "sellingAndMarketingExpenses": 0, "sellingGeneralAndAdministrativeExpenses": 162519000, "otherExpenses": 4542000, "operatingExpenses": 167061000, "costAndExpenses": 484933000, "interestIncome": 0, "interestExpense": 143000, "depreciationAndAmortization": 13619000, "ebitda": 64723000, "ebitdaratio": 0.1185604874, "operatingIncome": 60214000, "operatingIncomeRatio": 0.1103008388, "totalOtherIncomeExpensesNet": -143000, "incomeBeforeTax": 60071000, "incomeBeforeTaxRatio": 0.1100388894, "incomeTaxExpense": 13318000, "netIncome": 37643000, "netIncomeRatio": 0.0689549685, "eps": 1.21, "epsdiluted": 1.2, "weightedAverageShsOut": 31225000, "weightedAverageShsOutDil": 31430000, "link": "https://www.sec.gov/Archives/edgar/data/1303313/000130331321000063/0001303313-21-000063-index.htm", "finalLink": "https://www.sec.gov/Archives/edgar/data/1303313/000130331321000063/lhcg-20210630.htm"}, {"date": "2021-03-31", "symbol": "LHCG", "reportedCurrency": "USD", "cik": "0001303313", "fillingDate": "2021-05-06", "acceptedDate": "2021-05-06 16:27:59", "calendarYear": "2021", "period": "Q1", "revenue": 524835000, "costOfRevenue": 310272000, "grossProfit": 214563000, "grossProfitRatio": 0.4088199148, "researchAndDevelopmentExpenses": 0, "generalAndAdministrativeExpenses": 158250000, "sellingAndMarketingExpenses": 4999000, "sellingGeneralAndAdministrativeExpenses": 163249000, "otherExpenses": 0, "operatingExpenses": 163249000, "costAndExpenses": 473521000, "interestIncome": 0, "interestExpense": 263000, "depreciationAndAmortization": 13917000, "ebitda": 51137000, "ebitdaratio": 0.0974344318, "operatingIncome": 51137000, "operatingIncomeRatio": 0.0974344318, "totalOtherIncomeExpensesNet": -263000, "incomeBeforeTax": 50874000, "incomeBeforeTaxRatio": 0.0969333219, "incomeTaxExpense": 9441000, "netIncome": 34659000, "netIncomeRatio": 0.0660378976, "eps": 1.11, "epsdiluted": 1.1, "weightedAverageShsOut": 31165000, "weightedAverageShsOutDil": 31432000, "link": "https://www.sec.gov/Archives/edgar/data/1303313/000130331321000048/0001303313-21-000048-index.htm", "finalLink": "https://www.sec.gov/Archives/edgar/data/1303313/000130331321000048/lhcg-20210331.htm"}, {"date": "2020-12-31", "symbol": "LHCG", "reportedCurrency": "USD", "cik": "0001303313", "fillingDate": "2021-02-26", "acceptedDate": "2021-02-26 12:43:45", "calendarYear": "2020", "period": "Q4", "revenue": 532329000, "costOfRevenue": 317243000, "grossProfit": 215086000, "grossProfitRatio": 0.4040471212, "researchAndDevelopmentExpenses": 0, "generalAndAdministrativeExpenses": 162944000, "sellingAndMarketingExpenses": 0, "sellingGeneralAndAdministrativeExpenses": 162944000, "otherExpenses": 0, "operatingExpenses": 162944000, "costAndExpenses": 480187000, "interestIncome": 0, "interestExpense": 89000, "depreciationAndAmortization": 14395000, "ebitda": 57726000, "ebitdaratio": 0.1084404569, "operatingIncome": 50915000, "operatingIncomeRatio": 0.0956457379, "totalOtherIncomeExpensesNet": -89000, "incomeBeforeTax": 50826000, "incomeBeforeTaxRatio": 0.095478548, "incomeTaxExpense": 12862000, "netIncome": 30380000, "netIncomeRatio": 0.0570699699, "eps": 0.98, "epsdiluted": 0.98, "weightedAverageShsOut": 31121000, "weightedAverageShsOutDil": 31121000, "link": "https://www.sec.gov/Archives/edgar/data/1303313/000130331321000009/0001303313-21-000009-index.htm", "finalLink": "https://www.sec.gov/Archives/edgar/data/1303313/000130331321000009/lhcg-20201231.htm"}, {"date": "2020-09-30", "symbol": "LHCG", "reportedCurrency": "USD", "cik": "0001303313", "fillingDate": "2020-11-05", "acceptedDate": "2020-11-05 16:27:25", "calendarYear": "2020", "period": "Q3", "revenue": 530684000, "costOfRevenue": 305246000, "grossProfit": 225438000, "grossProfitRatio": 0.4248064762, "researchAndDevelopmentExpenses": 0, "generalAndAdministrativeExpenses": 161463000, "sellingAndMarketingExpenses": 44435000, "sellingGeneralAndAdministrativeExpenses": 205898000, "otherExpenses": 0, "operatingExpenses": 205898000, "costAndExpenses": 511144000, "interestIncome": 0, "interestExpense": 431000, "depreciationAndAmortization": 13925000, "ebitda": 19518000, "ebitdaratio": 0.0367789494, "operatingIncome": 19518000, "operatingIncomeRatio": 0.0367789494, "totalOtherIncomeExpensesNet": -431000, "incomeBeforeTax": 19087000, "incomeBeforeTaxRatio": 0.03596679, "incomeTaxExpense": 4595000, "netIncome": 14500000, "netIncomeRatio": 0.0273232281, "eps": 0.47, "epsdiluted": 0.46, "weightedAverageShsOut": 31121000, "weightedAverageShsOutDil": 31411000, "link": "https://www.sec.gov/Archives/edgar/data/1303313/000130331320000077/0001303313-20-000077-index.htm", "finalLink": "https://www.sec.gov/Archives/edgar/data/1303313/000130331320000077/lhcg-20200930.htm"}, {"date": "2020-06-30", "symbol": "LHCG", "reportedCurrency": "USD", "cik": "0001303313", "fillingDate": "2020-08-06", "acceptedDate": "2020-08-06 16:01:12", "calendarYear": "2020", "period": "Q2", "revenue": 487320000, "costOfRevenue": 306712000, "grossProfit": 180608000, "grossProfitRatio": 0.3706147911, "researchAndDevelopmentExpenses": 0, "generalAndAdministrativeExpenses": 150574000, "sellingAndMarketingExpenses": -44435000, "sellingGeneralAndAdministrativeExpenses": 106139000, "otherExpenses": 0, "operatingExpenses": 106139000, "costAndExpenses": 412851000, "interestIncome": 0, "interestExpense": 841000, "depreciationAndAmortization": 13830000, "ebitda": 74590000, "ebitdaratio": 0.1530616433, "operatingIncome": 73869000, "operatingIncomeRatio": 0.1515821226, "totalOtherIncomeExpensesNet": -841000, "incomeBeforeTax": 73028000, "incomeBeforeTaxRatio": 0.1498563572, "incomeTaxExpense": 15227000, "netIncome": 44692000, "netIncomeRatio": 0.0917097595, "eps": 1.44, "epsdiluted": 1.43, "weightedAverageShsOut": 31104000, "weightedAverageShsOutDil": 31324000, "link": "https://www.sec.gov/Archives/edgar/data/1303313/000130331320000062/0001303313-20-000062-index.htm", "finalLink": "https://www.sec.gov/Archives/edgar/data/1303313/000130331320000062/lhc-2020063010q.htm"}, {"date": "2020-03-31", "symbol": "LHCG", "reportedCurrency": "USD", "cik": "0001303313", "fillingDate": "2020-05-08", "acceptedDate": "2020-05-08 16:19:17", "calendarYear": "2020", "period": "Q1", "revenue": 512871000, "costOfRevenue": 321202000, "grossProfit": 191669000, "grossProfitRatio": 0.3737177575, "researchAndDevelopmentExpenses": 0, "generalAndAdministrativeExpenses": 157866000, "sellingAndMarketingExpenses": 0, "sellingGeneralAndAdministrativeExpenses": 157866000, "otherExpenses": 0, "operatingExpenses": 157866000, "costAndExpenses": 479068000, "interestIncome": 0, "interestExpense": 2768000, "depreciationAndAmortization": 13645000, "ebitda": 33803000, "ebitdaratio": 0.0659093612, "operatingIncome": 33803000, "operatingIncomeRatio": 0.0659093612, "totalOtherIncomeExpensesNet": -2768000, "incomeBeforeTax": 31035000, "incomeBeforeTaxRatio": 0.0605122926, "incomeTaxExpense": 3359000, "netIncome": 22024000, "netIncomeRatio": 0.0429425723, "eps": 0.71, "epsdiluted": 0.7, "weightedAverageShsOut": 31020000, "weightedAverageShsOutDil": 31303000, "link": "https://www.sec.gov/Archives/edgar/data/1303313/000130331320000046/0001303313-20-000046-index.htm", "finalLink": "https://www.sec.gov/Archives/edgar/data/1303313/000130331320000046/lhc-2020033110q.htm"}, {"date": "2019-12-31", "symbol": "LHCG", "reportedCurrency": "USD", "cik": "0001303313", "fillingDate": "2020-02-27", "acceptedDate": "2020-02-27 16:27:42", "calendarYear": "2019", "period": "Q4", "revenue": 531315000, "costOfRevenue": 343267000, "grossProfit": 188048000, "grossProfitRatio": 0.3539294016, "researchAndDevelopmentExpenses": 0, "generalAndAdministrativeExpenses": 155372000, "sellingAndMarketingExpenses": 0, "sellingGeneralAndAdministrativeExpenses": 155372000, "otherExpenses": 0, "operatingExpenses": 155372000, "costAndExpenses": 498639000, "interestIncome": 0, "interestExpense": 2622000, "depreciationAndAmortization": 15858000, "ebitda": 44225000, "ebitdaratio": 0.0832368745, "operatingIncome": 32476000, "operatingIncomeRatio": 0.0611238154, "totalOtherIncomeExpensesNet": -2622000, "incomeBeforeTax": 29854000, "incomeBeforeTaxRatio": 0.0561888898, "incomeTaxExpense": 3942000, "netIncome": 21803000, "netIncomeRatio": 0.0410359203, "eps": 0.7, "epsdiluted": 0.7, "weightedAverageShsOut": 30978000, "weightedAverageShsOutDil": 31270000, "link": "https://www.sec.gov/Archives/edgar/data/1303313/000130331320000007/0001303313-20-000007-index.htm", "finalLink": "https://www.sec.gov/Archives/edgar/data/1303313/000130331320000007/lhc201910kdocument.htm"}, {"date": "2019-09-30", "symbol": "LHCG", "reportedCurrency": "USD", "cik": "0001303313", "fillingDate": "2019-11-07", "acceptedDate": "2019-11-07 16:33:55", "calendarYear": "2019", "period": "Q3", "revenue": 528499000, "costOfRevenue": 334768000, "grossProfit": 193731000, "grossProfitRatio": 0.3665683379, "researchAndDevelopmentExpenses": 0, "generalAndAdministrativeExpenses": 146829000, "sellingAndMarketingExpenses": 0, "sellingGeneralAndAdministrativeExpenses": 146829000, "otherExpenses": 0, "operatingExpenses": 146829000, "costAndExpenses": 481597000, "interestIncome": 0, "interestExpense": 2596000, "depreciationAndAmortization": 11836000, "ebitda": 46705000, "ebitdaratio": 0.0883729203, "operatingIncome": 46705000, "operatingIncomeRatio": 0.0883729203, "totalOtherIncomeExpensesNet": -2596000, "incomeBeforeTax": 44109000, "incomeBeforeTaxRatio": 0.0834608959, "incomeTaxExpense": 9508000, "netIncome": 30067000, "netIncomeRatio": 0.0568913092, "eps": 0.97, "epsdiluted": 0.96, "weightedAverageShsOut": 30971000, "weightedAverageShsOutDil": 31247000, "link": "https://www.sec.gov/Archives/edgar/data/1303313/000130331319000085/0001303313-19-000085-index.htm", "finalLink": "https://www.sec.gov/Archives/edgar/data/1303313/000130331319000085/lhc-2019093010q.htm"}, {"date": "2019-06-30", "symbol": "LHCG", "reportedCurrency": "USD", "cik": "0001303313", "fillingDate": "2019-08-08", "acceptedDate": "2019-08-08 16:15:12", "calendarYear": "2019", "period": "Q2", "revenue": 517842000, "costOfRevenue": 325860000, "grossProfit": 191982000, "grossProfitRatio": 0.3707347029, "researchAndDevelopmentExpenses": 0, "generalAndAdministrativeExpenses": 148584000, "sellingAndMarketingExpenses": 0, "sellingGeneralAndAdministrativeExpenses": 148584000, "otherExpenses": 0, "operatingExpenses": 148584000, "costAndExpenses": 474444000, "interestIncome": 0, "interestExpense": 2885000, "depreciationAndAmortization": 12327000, "ebitda": 42380000, "ebitdaratio": 0.0818396345, "operatingIncome": 42380000, "operatingIncomeRatio": 0.0818396345, "totalOtherIncomeExpensesNet": -2885000, "incomeBeforeTax": 39495000, "incomeBeforeTaxRatio": 0.0762684371, "incomeTaxExpense": 9557000, "netIncome": 25000000, "netIncomeRatio": 0.0482772738, "eps": 0.81, "epsdiluted": 0.8, "weightedAverageShsOut": 30960000, "weightedAverageShsOutDil": 31201000, "link": "https://www.sec.gov/Archives/edgar/data/1303313/000130331319000079/0001303313-19-000079-index.htm", "finalLink": "https://www.sec.gov/Archives/edgar/data/1303313/000130331319000079/lhc-2019063010q.htm"}, {"date": "2019-03-31", "symbol": "LHCG", "reportedCurrency": "USD", "cik": "0001303313", "fillingDate": "2019-05-09", "acceptedDate": "2019-05-09 16:24:22", "calendarYear": "2019", "period": "Q1", "revenue": 502585000, "costOfRevenue": 320992000, "grossProfit": 181593000, "grossProfitRatio": 0.361317986, "researchAndDevelopmentExpenses": 0, "generalAndAdministrativeExpenses": 145221000, "sellingAndMarketingExpenses": 0, "sellingGeneralAndAdministrativeExpenses": 145221000, "otherExpenses": 0, "operatingExpenses": 145221000, "costAndExpenses": 466213000, "interestIncome": 0, "interestExpense": 3052000, "depreciationAndAmortization": 11601000, "ebitda": 30053000, "ebitdaratio": 0.0597968503, "operatingIncome": 30053000, "operatingIncomeRatio": 0.0597968503, "totalOtherIncomeExpensesNet": -3052000, "incomeBeforeTax": 27001000, "incomeBeforeTaxRatio": 0.0537242456, "incomeTaxExpense": 3600000, "netIncome": 18856000, "netIncomeRatio": 0.0375180318, "eps": 0.61, "epsdiluted": 0.6, "weightedAverageShsOut": 30837000, "weightedAverageShsOutDil": 31187000, "link": "https://www.sec.gov/Archives/edgar/data/1303313/000130331319000054/0001303313-19-000054-index.htm", "finalLink": "https://www.sec.gov/Archives/edgar/data/1303313/000130331319000054/lhc-2019033110q.htm"}, {"date": "2018-12-31", "symbol": "LHCG", "reportedCurrency": "USD", "cik": "0001303313", "fillingDate": "2019-02-28", "acceptedDate": "2019-02-28 15:01:53", "calendarYear": "2018", "period": "Q4", "revenue": 509842000, "costOfRevenue": 324539000, "grossProfit": 185303000, "grossProfitRatio": 0.3634518145, "researchAndDevelopmentExpenses": 0, "generalAndAdministrativeExpenses": 145976000, "sellingAndMarketingExpenses": 0, "sellingGeneralAndAdministrativeExpenses": 145976000, "otherExpenses": 0, "operatingExpenses": 145976000, "costAndExpenses": 470515000, "interestIncome": 0, "interestExpense": 1763000, "depreciationAndAmortization": 4376000, "ebitda": -8512000, "ebitdaratio": -0.0166953684, "operatingIncome": 34638000, "operatingIncomeRatio": 0.0679386947, "totalOtherIncomeExpensesNet": -1763000, "incomeBeforeTax": 32875000, "incomeBeforeTaxRatio": 0.0644807607, "incomeTaxExpense": 7567000, "netIncome": 20552000, "netIncomeRatio": 0.0403105276, "eps": 0.67, "epsdiluted": 0.66, "weightedAverageShsOut": 30777556, "weightedAverageShsOutDil": 31142061, "link": "https://www.sec.gov/Archives/edgar/data/1303313/000130331319000016/0001303313-19-000016-index.htm", "finalLink": "https://www.sec.gov/Archives/edgar/data/1303313/000130331319000016/lhc201810kdocument1.htm"}, {"date": "2018-09-30", "symbol": "LHCG", "reportedCurrency": "USD", "cik": "0001303313", "fillingDate": "2018-11-01", "acceptedDate": "2018-11-01 15:54:36", "calendarYear": "2018", "period": "Q3", "revenue": 507043000, "costOfRevenue": 322196000, "grossProfit": 184847000, "grossProfitRatio": 0.3645588244, "researchAndDevelopmentExpenses": 0, "generalAndAdministrativeExpenses": 149917000, "sellingAndMarketingExpenses": 0, "sellingGeneralAndAdministrativeExpenses": 149917000, "otherExpenses": 0, "operatingExpenses": 149917000, "costAndExpenses": 472113000, "interestIncome": 0, "interestExpense": 3264000, "depreciationAndAmortization": 4438000, "ebitda": 35617000, "ebitdaratio": 0.0702445355, "operatingIncome": 34930000, "operatingIncomeRatio": 0.0688896208, "totalOtherIncomeExpensesNet": -3264000, "incomeBeforeTax": 31666000, "incomeBeforeTaxRatio": 0.0624522969, "incomeTaxExpense": 6685000, "netIncome": 21230000, "netIncomeRatio": 0.0418702161, "eps": 0.69, "epsdiluted": 0.68, "weightedAverageShsOut": 30750227, "weightedAverageShsOutDil": 31083815, "link": "https://www.sec.gov/Archives/edgar/data/1303313/000130331318000078/0001303313-18-000078-index.htm", "finalLink": "https://www.sec.gov/Archives/edgar/data/1303313/000130331318000078/lhc-2018093010q.htm"}, {"date": "2018-06-30", "symbol": "LHCG", "reportedCurrency": "USD", "cik": "0001303313", "fillingDate": "2018-08-02", "acceptedDate": "2018-08-02 15:24:22", "calendarYear": "2018", "period": "Q2", "revenue": 502024000, "costOfRevenue": 329646000, "grossProfit": 172378000, "grossProfitRatio": 0.3433660542, "researchAndDevelopmentExpenses": 0, "generalAndAdministrativeExpenses": 141350000, "sellingAndMarketingExpenses": 0, "sellingGeneralAndAdministrativeExpenses": 141350000, "otherExpenses": 0, "operatingExpenses": 141350000, "costAndExpenses": 470996000, "interestIncome": 0, "interestExpense": 3202000, "depreciationAndAmortization": 4255000, "ebitda": 31424000, "ebitdaratio": 0.062594617, "operatingIncome": 31028000, "operatingIncomeRatio": 0.0618058101, "totalOtherIncomeExpensesNet": -3202000, "incomeBeforeTax": 27826000, "incomeBeforeTaxRatio": 0.055427629, "incomeTaxExpense": 7170000, "netIncome": 16797000, "netIncomeRatio": 0.0334585598, "eps": 0.55, "epsdiluted": 0.55, "weightedAverageShsOut": 30497501, "weightedAverageShsOutDil": 30742293, "link": "https://www.sec.gov/Archives/edgar/data/1303313/000130331318000059/0001303313-18-000059-index.htm", "finalLink": "https://www.sec.gov/Archives/edgar/data/1303313/000130331318000059/lhc-2018063010q.htm"}, {"date": "2018-03-31", "symbol": "LHCG", "reportedCurrency": "USD", "cik": "0001303313", "fillingDate": "2018-05-03", "acceptedDate": "2018-05-03 16:11:38", "calendarYear": "2018", "period": "Q1", "revenue": 291054000, "costOfRevenue": 188618000, "grossProfit": 102436000, "grossProfitRatio": 0.3519484357, "researchAndDevelopmentExpenses": 0, "generalAndAdministrativeExpenses": 92031000, "sellingAndMarketingExpenses": 0, "sellingGeneralAndAdministrativeExpenses": 92031000, "otherExpenses": 0, "operatingExpenses": 92031000, "costAndExpenses": 280649000, "interestIncome": 0, "interestExpense": 1450000, "depreciationAndAmortization": 3293000, "ebitda": 10715000, "ebitdaratio": 0.0368144743, "operatingIncome": 10405000, "operatingIncomeRatio": 0.0357493798, "totalOtherIncomeExpensesNet": -1450000, "incomeBeforeTax": 8955000, "incomeBeforeTaxRatio": 0.0307674864, "incomeTaxExpense": 977000, "netIncome": 4995000, "netIncomeRatio": 0.0171617638, "eps": 0.28, "epsdiluted": 0.28, "weightedAverageShsOut": 17789863, "weightedAverageShsOutDil": 18039345, "link": "https://www.sec.gov/Archives/edgar/data/1303313/000130331318000033/0001303313-18-000033-index.htm", "finalLink": "https://www.sec.gov/Archives/edgar/data/1303313/000130331318000033/lhc-2018033110q.htm"}, {"date": "2017-12-31", "symbol": "LHCG", "reportedCurrency": "USD", "cik": "0001303313", "fillingDate": "2018-03-01", "acceptedDate": "2018-03-01 15:31:16", "calendarYear": "2017", "period": "Q4", "revenue": 292386000, "costOfRevenue": 187426000, "grossProfit": 104960000, "grossProfitRatio": 0.358977516, "researchAndDevelopmentExpenses": 0, "generalAndAdministrativeExpenses": 89462000, "sellingAndMarketingExpenses": 1246000, "sellingGeneralAndAdministrativeExpenses": 90708000, "otherExpenses": 0, "operatingExpenses": 90708000, "costAndExpenses": 278134000, "interestIncome": 0, "interestExpense": 1261000, "depreciationAndAmortization": 3742000, "ebitda": 13971000, "ebitdaratio": 0.0477827256, "operatingIncome": 12658000, "operatingIncomeRatio": 0.0432920865, "totalOtherIncomeExpensesNet": -738000, "incomeBeforeTax": 11921000, "incomeBeforeTaxRatio": 0.040771446, "incomeTaxExpense": -9466000, "netIncome": 18434000, "netIncomeRatio": 0.0630467943, "eps": 1.04, "epsdiluted": 1.02, "weightedAverageShsOut": 17749872, "weightedAverageShsOutDil": 18043297, "link": "https://www.sec.gov/Archives/edgar/data/1303313/000130331318000005/0001303313-18-000005-index.htm", "finalLink": "https://www.sec.gov/Archives/edgar/data/1303313/000130331318000005/lhc201710kdocument.htm"}, {"date": "2017-09-30", "symbol": "LHCG", "reportedCurrency": "USD", "cik": "0001303313", "fillingDate": "2017-11-06", "acceptedDate": "2017-11-06 17:24:41", "calendarYear": "2017", "period": "Q3", "revenue": 272872000, "costOfRevenue": 172856000, "grossProfit": 100016000, "grossProfitRatio": 0.3665308276, "researchAndDevelopmentExpenses": 0, "generalAndAdministrativeExpenses": 75669000, "sellingAndMarketingExpenses": 3194000, "sellingGeneralAndAdministrativeExpenses": 78863000, "otherExpenses": 0, "operatingExpenses": 78863000, "costAndExpenses": 251719000, "interestIncome": 0, "interestExpense": 995000, "depreciationAndAmortization": 3332000, "ebitda": 22678000, "ebitdaratio": 0.0831085637, "operatingIncome": 21330000, "operatingIncomeRatio": 0.0781685186, "totalOtherIncomeExpensesNet": -995000, "incomeBeforeTax": 20335000, "incomeBeforeTaxRatio": 0.0745221203, "incomeTaxExpense": 7445000, "netIncome": 10906000, "netIncomeRatio": 0.0399674573, "eps": 0.61, "epsdiluted": 0.61, "weightedAverageShsOut": 17740818, "weightedAverageShsOutDil": 18010522, "link": "https://www.sec.gov/Archives/edgar/data/1303313/000130331317000062/0001303313-17-000062-index.htm", "finalLink": "https://www.sec.gov/Archives/edgar/data/1303313/000130331317000062/lhc-2017093010q.htm"}, {"date": "2017-06-30", "symbol": "LHCG", "reportedCurrency": "USD", "cik": "0001303313", "fillingDate": "2017-08-03", "acceptedDate": "2017-08-03 16:00:26", "calendarYear": "2017", "period": "Q2", "revenue": 260210000, "costOfRevenue": 161158000, "grossProfit": 99052000, "grossProfitRatio": 0.3806617732, "researchAndDevelopmentExpenses": 0, "generalAndAdministrativeExpenses": 73550000, "sellingAndMarketingExpenses": 2675000, "sellingGeneralAndAdministrativeExpenses": 76225000, "otherExpenses": 0, "operatingExpenses": 76225000, "costAndExpenses": 237383000, "interestIncome": 0, "interestExpense": 840000, "depreciationAndAmortization": 3158000, "ebitda": 23094000, "ebitdaratio": 0.0887513931, "operatingIncome": 22825000, "operatingIncomeRatio": 0.0877176127, "totalOtherIncomeExpensesNet": -840000, "incomeBeforeTax": 21985000, "incomeBeforeTaxRatio": 0.0844894508, "incomeTaxExpense": 7792000, "netIncome": 11304000, "netIncomeRatio": 0.0434418354, "eps": 0.64, "epsdiluted": 0.63, "weightedAverageShsOut": 17728567, "weightedAverageShsOutDil": 17964387, "link": "https://www.sec.gov/Archives/edgar/data/1303313/000130331317000055/0001303313-17-000055-index.htm", "finalLink": "https://www.sec.gov/Archives/edgar/data/1303313/000130331317000055/lhc-2017063010q.htm"}, {"date": "2017-03-31", "symbol": "LHCG", "reportedCurrency": "USD", "cik": "0001303313", "fillingDate": "2017-05-04", "acceptedDate": "2017-05-04 16:02:47", "calendarYear": "2017", "period": "Q1", "revenue": 246618000, "costOfRevenue": 154370000, "grossProfit": 92248000, "grossProfitRatio": 0.3740521779, "researchAndDevelopmentExpenses": 0, "generalAndAdministrativeExpenses": 72011000, "sellingAndMarketingExpenses": 2369000, "sellingGeneralAndAdministrativeExpenses": 74380000, "otherExpenses": 0, "operatingExpenses": 74380000, "costAndExpenses": 228750000, "interestIncome": 0, "interestExpense": 780000, "depreciationAndAmortization": 3190000, "ebitda": 18610000, "ebitdaratio": 0.0754608342, "operatingIncome": 17868000, "operatingIncomeRatio": 0.0724521324, "totalOtherIncomeExpensesNet": -780000, "incomeBeforeTax": 17088000, "incomeBeforeTaxRatio": 0.0692893463, "incomeTaxExpense": 5173000, "netIncome": 9467000, "netIncomeRatio": 0.0383873034, "eps": 0.54, "epsdiluted": 0.53, "weightedAverageShsOut": 17643463, "weightedAverageShsOutDil": 17817880, "link": "https://www.sec.gov/Archives/edgar/data/1303313/000130331317000038/0001303313-17-000038-index.htm", "finalLink": "https://www.sec.gov/Archives/edgar/data/1303313/000130331317000038/lhc-2017033110q.htm"}, {"date": "2016-12-31", "symbol": "LHCG", "reportedCurrency": "USD", "cik": "0001303313", "fillingDate": "2017-03-09", "acceptedDate": "2017-03-09 16:07:49", "calendarYear": "2016", "period": "Q4", "revenue": 235443000, "costOfRevenue": 144089000, "grossProfit": 91354000, "grossProfitRatio": 0.3880089873, "researchAndDevelopmentExpenses": 0, "generalAndAdministrativeExpenses": 69326000, "sellingAndMarketingExpenses": 3132000, "sellingGeneralAndAdministrativeExpenses": 72458000, "otherExpenses": 0, "operatingExpenses": 72458000, "costAndExpenses": 216547000, "interestIncome": 0, "interestExpense": 769000, "depreciationAndAmortization": 3136000, "ebitda": 20398000, "ebitdaratio": 0.0866366806, "operatingIncome": 19086000, "operatingIncomeRatio": 0.0810642066, "totalOtherIncomeExpensesNet": -277000, "incomeBeforeTax": 18809000, "incomeBeforeTaxRatio": 0.0798877011, "incomeTaxExpense": 6676000, "netIncome": 9817000, "netIncomeRatio": 0.0416958669, "eps": 0.56, "epsdiluted": 0.55, "weightedAverageShsOut": 17597190, "weightedAverageShsOutDil": 17764066, "link": "https://www.sec.gov/Archives/edgar/data/1303313/000130331317000030/0001303313-17-000030-index.htm", "finalLink": "https://www.sec.gov/Archives/edgar/data/1303313/000130331317000030/lhc201610kdocument.htm"}, {"date": "2016-09-30", "symbol": "LHCG", "reportedCurrency": "USD", "cik": "0001303313", "fillingDate": "2016-11-03", "acceptedDate": "2016-11-03 16:24:09", "calendarYear": "2016", "period": "Q3", "revenue": 230797000, "costOfRevenue": 140832000, "grossProfit": 89965000, "grossProfitRatio": 0.3898014272, "researchAndDevelopmentExpenses": 0, "generalAndAdministrativeExpenses": 66999000, "sellingAndMarketingExpenses": 3275000, "sellingGeneralAndAdministrativeExpenses": 70274000, "otherExpenses": 0, "operatingExpenses": 70274000, "costAndExpenses": 211106000, "interestIncome": 0, "interestExpense": 816000, "depreciationAndAmortization": 3113000, "ebitda": 20107000, "ebitdaratio": 0.0871198499, "operatingIncome": 19549000, "operatingIncomeRatio": 0.0847021408, "totalOtherIncomeExpensesNet": -816000, "incomeBeforeTax": 18733000, "incomeBeforeTaxRatio": 0.0811665663, "incomeTaxExpense": 6562000, "netIncome": 9616000, "netIncomeRatio": 0.0416643197, "eps": 0.55, "epsdiluted": 0.54, "weightedAverageShsOut": 17588163, "weightedAverageShsOutDil": 17719473, "link": "https://www.sec.gov/Archives/edgar/data/1303313/000130331316000048/0001303313-16-000048-index.htm", "finalLink": "https://www.sec.gov/Archives/edgar/data/1303313/000130331316000048/lhc-2016093010q.htm"}, {"date": "2016-06-30", "symbol": "LHCG", "reportedCurrency": "USD", "cik": "0001303313", "fillingDate": "2016-08-04", "acceptedDate": "2016-08-04 16:29:18", "calendarYear": "2016", "period": "Q2", "revenue": 226031000, "costOfRevenue": 137128000, "grossProfit": 88903000, "grossProfitRatio": 0.3933221549, "researchAndDevelopmentExpenses": 0, "generalAndAdministrativeExpenses": 68261000, "sellingAndMarketingExpenses": 3782000, "sellingGeneralAndAdministrativeExpenses": 72043000, "otherExpenses": 0, "operatingExpenses": 72043000, "costAndExpenses": 209171000, "interestIncome": 0, "interestExpense": 466000, "depreciationAndAmortization": 2963000, "ebitda": 16489000, "ebitdaratio": 0.0729501706, "operatingIncome": 15817000, "operatingIncomeRatio": 0.069977127, "totalOtherIncomeExpensesNet": -466000, "incomeBeforeTax": 15351000, "incomeBeforeTaxRatio": 0.0679154629, "incomeTaxExpense": 3596000, "netIncome": 9464000, "netIncomeRatio": 0.0418703629, "eps": 0.54, "epsdiluted": 0.54, "weightedAverageShsOut": 17566097, "weightedAverageShsOutDil": 17685147, "link": "https://www.sec.gov/Archives/edgar/data/1303313/000130331316000044/0001303313-16-000044-index.htm", "finalLink": "https://www.sec.gov/Archives/edgar/data/1303313/000130331316000044/lhc-2016063010q.htm"}, {"date": "2016-03-31", "symbol": "LHCG", "reportedCurrency": "USD", "cik": "0001303313", "fillingDate": "2016-05-05", "acceptedDate": "2016-05-05 16:23:50", "calendarYear": "2016", "period": "Q1", "revenue": 222552000, "costOfRevenue": 135601000, "grossProfit": 86951000, "grossProfitRatio": 0.3906997016, "researchAndDevelopmentExpenses": 0, "generalAndAdministrativeExpenses": 66240000, "sellingAndMarketingExpenses": 4601000, "sellingGeneralAndAdministrativeExpenses": 70841000, "otherExpenses": 0, "operatingExpenses": 70841000, "costAndExpenses": 206442000, "interestIncome": 0, "interestExpense": 885000, "depreciationAndAmortization": 2948000, "ebitda": 16861000, "ebitdaratio": 0.0757620691, "operatingIncome": 16110000, "operatingIncomeRatio": 0.0723875768, "totalOtherIncomeExpensesNet": -885000, "incomeBeforeTax": 15225000, "incomeBeforeTaxRatio": 0.0684109781, "incomeTaxExpense": 5342000, "netIncome": 7686000, "netIncomeRatio": 0.0345357489, "eps": 0.44, "epsdiluted": 0.44, "weightedAverageShsOut": 17485766, "weightedAverageShsOutDil": 17633549, "link": "https://www.sec.gov/Archives/edgar/data/1303313/000130331316000041/0001303313-16-000041-index.htm", "finalLink": "https://www.sec.gov/Archives/edgar/data/1303313/000130331316000041/lhc-2016033110q.htm"}, {"date": "2015-12-31", "symbol": "LHCG", "reportedCurrency": "USD", "cik": "0001303313", "fillingDate": "2016-03-03", "acceptedDate": "2016-03-03 16:02:08", "calendarYear": "2015", "period": "Q4", "revenue": 218993000, "costOfRevenue": 128940000, "grossProfit": 90053000, "grossProfitRatio": 0.4112140571, "researchAndDevelopmentExpenses": 0, "generalAndAdministrativeExpenses": 68213000, "sellingAndMarketingExpenses": 4370000, "sellingGeneralAndAdministrativeExpenses": 72583000, "otherExpenses": 0, "operatingExpenses": 72583000, "costAndExpenses": 201523000, "interestIncome": 0, "interestExpense": 769000, "depreciationAndAmortization": 3270000, "ebitda": 17525000, "ebitdaratio": 0.0800253889, "operatingIncome": 16197000, "operatingIncomeRatio": 0.0739612682, "totalOtherIncomeExpensesNet": -312000, "incomeBeforeTax": 15885000, "incomeBeforeTaxRatio": 0.0725365651, "incomeTaxExpense": 5751000, "netIncome": 7735000, "netIncomeRatio": 0.0353207637, "eps": 0.44, "epsdiluted": 0.44, "weightedAverageShsOut": 17447691, "weightedAverageShsOutDil": 17647483, "link": "https://www.sec.gov/Archives/edgar/data/1303313/000130331316000035/0001303313-16-000035-index.htm", "finalLink": "https://www.sec.gov/Archives/edgar/data/1303313/000130331316000035/lhc201510kdocument.htm"}, {"date": "2015-09-30", "symbol": "LHCG", "reportedCurrency": "USD", "cik": "0001303313", "fillingDate": "2015-11-05", "acceptedDate": "2015-11-05 16:25:00", "calendarYear": "2015", "period": "Q3", "revenue": 204122000, "costOfRevenue": 120873000, "grossProfit": 83249000, "grossProfitRatio": 0.4078394294, "researchAndDevelopmentExpenses": 0, "generalAndAdministrativeExpenses": 60748000, "sellingAndMarketingExpenses": 4809000, "sellingGeneralAndAdministrativeExpenses": 65557000, "otherExpenses": 0, "operatingExpenses": 65557000, "costAndExpenses": 186430000, "interestIncome": 0, "interestExpense": 434000, "depreciationAndAmortization": 2884000, "ebitda": 18311000, "ebitdaratio": 0.0897061561, "operatingIncome": 17692000, "operatingIncomeRatio": 0.086673656, "totalOtherIncomeExpensesNet": -434000, "incomeBeforeTax": 17258000, "incomeBeforeTaxRatio": 0.0845474765, "incomeTaxExpense": 6148000, "netIncome": 8845000, "netIncomeRatio": 0.0433319289, "eps": 0.51, "epsdiluted": 0.5, "weightedAverageShsOut": 17436731, "weightedAverageShsOutDil": 17610953, "link": "https://www.sec.gov/Archives/edgar/data/1303313/000130331315000028/0001303313-15-000028-index.htm", "finalLink": "https://www.sec.gov/Archives/edgar/data/1303313/000130331315000028/lhc-2015093010q.htm"}, {"date": "2015-06-30", "symbol": "LHCG", "reportedCurrency": "USD", "cik": "0001303313", "fillingDate": "2015-08-06", "acceptedDate": "2015-08-06 16:20:24", "calendarYear": "2015", "period": "Q2", "revenue": 200172000, "costOfRevenue": 116639000, "grossProfit": 83533000, "grossProfitRatio": 0.4173061167, "researchAndDevelopmentExpenses": 0, "generalAndAdministrativeExpenses": 60370000, "sellingAndMarketingExpenses": 4805000, "sellingGeneralAndAdministrativeExpenses": 65175000, "otherExpenses": 0, "operatingExpenses": 65175000, "costAndExpenses": 181814000, "interestIncome": 0, "interestExpense": 554000, "depreciationAndAmortization": 3085000, "ebitda": 18809000, "ebitdaratio": 0.0939641908, "operatingIncome": 18358000, "operatingIncomeRatio": 0.0917111284, "totalOtherIncomeExpensesNet": -554000, "incomeBeforeTax": 17804000, "incomeBeforeTaxRatio": 0.0889435086, "incomeTaxExpense": 6220000, "netIncome": 8950000, "netIncomeRatio": 0.0447115481, "eps": 0.51, "epsdiluted": 0.51, "weightedAverageShsOut": 17410971, "weightedAverageShsOutDil": 17529100, "link": "https://www.sec.gov/Archives/edgar/data/1303313/000130331315000011/0001303313-15-000011-index.htm", "finalLink": "https://www.sec.gov/Archives/edgar/data/1303313/000130331315000011/lhc-2015063010q.htm"}, {"date": "2015-03-31", "symbol": "LHCG", "reportedCurrency": "USD", "cik": "0001303313", "fillingDate": "2015-05-07", "acceptedDate": "2015-05-07 16:41:42", "calendarYear": "2015", "period": "Q1", "revenue": 193079000, "costOfRevenue": 114426000, "grossProfit": 78653000, "grossProfitRatio": 0.4073617535, "researchAndDevelopmentExpenses": 0, "generalAndAdministrativeExpenses": 59298000, "sellingAndMarketingExpenses": 5259000, "sellingGeneralAndAdministrativeExpenses": 64557000, "otherExpenses": 0, "operatingExpenses": 64557000, "costAndExpenses": 178983000, "interestIncome": 0, "interestExpense": 545000, "depreciationAndAmortization": 2716000, "ebitda": 14795000, "ebitdaratio": 0.0766266658, "operatingIncome": 14096000, "operatingIncomeRatio": 0.073006386, "totalOtherIncomeExpensesNet": -545000, "incomeBeforeTax": 13551000, "incomeBeforeTaxRatio": 0.0701837072, "incomeTaxExpense": 4729000, "netIncome": 6805000, "netIncomeRatio": 0.0352446408, "eps": 0.39, "epsdiluted": 0.39, "weightedAverageShsOut": 17322791, "weightedAverageShsOutDil": 17489483, "link": "https://www.sec.gov/Archives/edgar/data/1303313/000130331315000009/0001303313-15-000009-index.htm", "finalLink": "https://www.sec.gov/Archives/edgar/data/1303313/000130331315000009/lhc-2015033110q.htm"}, {"date": "2014-12-31", "symbol": "LHCG", "reportedCurrency": "USD", "cik": "0001303313", "fillingDate": "2015-03-11", "acceptedDate": "2015-03-11 17:31:01", "calendarYear": "2014", "period": "Q4", "revenue": 193371000, "costOfRevenue": 112792000, "grossProfit": 80579000, "grossProfitRatio": 0.4167067451, "researchAndDevelopmentExpenses": 0, "generalAndAdministrativeExpenses": 61287000, "sellingAndMarketingExpenses": 4081000, "sellingGeneralAndAdministrativeExpenses": 65368000, "otherExpenses": 0, "operatingExpenses": 65368000, "costAndExpenses": 178160000, "interestIncome": 0, "interestExpense": 625000, "depreciationAndAmortization": 2697000, "ebitda": 12170000, "ebitdaratio": 0.0629360142, "operatingIncome": 11565000, "operatingIncomeRatio": 0.0598073134, "totalOtherIncomeExpensesNet": -519000, "incomeBeforeTax": 11046000, "incomeBeforeTaxRatio": 0.0571233536, "incomeTaxExpense": 3314000, "netIncome": 5534000, "netIncomeRatio": 0.0286185622, "eps": 0.32, "epsdiluted": 0.32, "weightedAverageShsOut": 17274677, "weightedAverageShsOutDil": 17419423, "link": "https://www.sec.gov/Archives/edgar/data/1303313/000130331315000005/0001303313-15-000005-index.htm", "finalLink": "https://www.sec.gov/Archives/edgar/data/1303313/000130331315000005/a10kdocument.htm"}, {"date": "2014-09-30", "symbol": "LHCG", "reportedCurrency": "USD", "cik": "0001303313", "fillingDate": "2014-11-06", "acceptedDate": "2014-11-06 16:21:16", "calendarYear": "2014", "period": "Q3", "revenue": 187713000, "costOfRevenue": 113122000, "grossProfit": 74591000, "grossProfitRatio": 0.3973672575, "researchAndDevelopmentExpenses": 0, "generalAndAdministrativeExpenses": 58432000, "sellingAndMarketingExpenses": 3974000, "sellingGeneralAndAdministrativeExpenses": 62406000, "otherExpenses": 0, "operatingExpenses": 62406000, "costAndExpenses": 175528000, "interestIncome": 0, "interestExpense": 643000, "depreciationAndAmortization": 2461000, "ebitda": 12185000, "ebitdaratio": 0.0649129256, "operatingIncome": 12185000, "operatingIncomeRatio": 0.0649129256, "totalOtherIncomeExpensesNet": -408000, "incomeBeforeTax": 11777000, "incomeBeforeTaxRatio": 0.0627393947, "incomeTaxExpense": 3924000, "netIncome": 6174000, "netIncomeRatio": 0.0328906362, "eps": 0.36, "epsdiluted": 0.36, "weightedAverageShsOut": 17260078, "weightedAverageShsOutDil": 17356916, "link": "https://www.sec.gov/Archives/edgar/data/1303313/000130331314000003/0001303313-14-000003-index.htm", "finalLink": "https://www.sec.gov/Archives/edgar/data/1303313/000130331314000003/lhc-2014093010q.htm"}, {"date": "2014-06-30", "symbol": "LHCG", "reportedCurrency": "USD", "cik": "0001303313", "fillingDate": "2014-08-07", "acceptedDate": "2014-08-07 16:31:01", "calendarYear": "2014", "period": "Q2", "revenue": 188867000, "costOfRevenue": 111527000, "grossProfit": 77340000, "grossProfitRatio": 0.409494512, "researchAndDevelopmentExpenses": 0, "generalAndAdministrativeExpenses": 59614000, "sellingAndMarketingExpenses": 4363000, "sellingGeneralAndAdministrativeExpenses": 63977000, "otherExpenses": 0, "operatingExpenses": 63977000, "costAndExpenses": 175504000, "interestIncome": 0, "interestExpense": 830000, "depreciationAndAmortization": 2288000, "ebitda": 13531000, "ebitdaratio": 0.071643008, "operatingIncome": 13363000, "operatingIncomeRatio": 0.0707534932, "totalOtherIncomeExpensesNet": -939000, "incomeBeforeTax": 12424000, "incomeBeforeTaxRatio": 0.0657817406, "incomeTaxExpense": 4352000, "netIncome": 6061000, "netIncomeRatio": 0.0320913659, "eps": 0.35, "epsdiluted": 0.35, "weightedAverageShsOut": 17233264, "weightedAverageShsOutDil": 17277224, "link": "https://www.sec.gov/Archives/edgar/data/1303313/000119312514300790/0001193125-14-300790-index.htm", "finalLink": "https://www.sec.gov/Archives/edgar/data/1303313/000119312514300790/d741602d10q.htm"}, {"date": "2014-03-31", "symbol": "LHCG", "reportedCurrency": "USD", "cik": "0001303313", "fillingDate": "2014-05-08", "acceptedDate": "2014-05-08 16:32:52", "calendarYear": "2014", "period": "Q1", "revenue": 163681000, "costOfRevenue": 97334000, "grossProfit": 66347000, "grossProfitRatio": 0.4053433202, "researchAndDevelopmentExpenses": 0, "generalAndAdministrativeExpenses": 54612000, "sellingAndMarketingExpenses": 3362000, "sellingGeneralAndAdministrativeExpenses": 57974000, "otherExpenses": 0, "operatingExpenses": 57974000, "costAndExpenses": 155308000, "interestIncome": 0, "interestExpense": 388000, "depreciationAndAmortization": 2125000, "ebitda": 8373000, "ebitdaratio": 0.0511543796, "operatingIncome": 8373000, "operatingIncomeRatio": 0.0511543796, "totalOtherIncomeExpensesNet": -355000, "incomeBeforeTax": 8018000, "incomeBeforeTaxRatio": 0.0489855267, "incomeTaxExpense": 2923000, "netIncome": 4068000, "netIncomeRatio": 0.0248532206, "eps": 0.24, "epsdiluted": 0.24, "weightedAverageShsOut": 17148043, "weightedAverageShsOutDil": 17268716, "link": "https://www.sec.gov/Archives/edgar/data/1303313/000119312514190106/0001193125-14-190106-index.htm", "finalLink": "https://www.sec.gov/Archives/edgar/data/1303313/000119312514190106/d703574d10q.htm"}, {"date": "2013-12-31", "symbol": "LHCG", "reportedCurrency": "USD", "cik": "0001303313", "fillingDate": "2014-03-06", "acceptedDate": "2014-03-06 16:31:59", "calendarYear": "2013", "period": "Q4", "revenue": 165280000, "costOfRevenue": 95241000, "grossProfit": 70039000, "grossProfitRatio": 0.4237596805, "researchAndDevelopmentExpenses": 0, "generalAndAdministrativeExpenses": 55306000, "sellingAndMarketingExpenses": 4096000, "sellingGeneralAndAdministrativeExpenses": 59402000, "otherExpenses": 0, "operatingExpenses": 59402000, "costAndExpenses": 154643000, "interestIncome": 0, "interestExpense": 440000, "depreciationAndAmortization": 2367000, "ebitda": 11399000, "ebitdaratio": 0.0689678122, "operatingIncome": 10637000, "operatingIncomeRatio": 0.064357454, "totalOtherIncomeExpensesNet": -381000, "incomeBeforeTax": 10256000, "incomeBeforeTaxRatio": 0.0620522749, "incomeTaxExpense": 3623000, "netIncome": 4969000, "netIncomeRatio": 0.0300641336, "eps": 0.29, "epsdiluted": 0.29, "weightedAverageShsOut": 17096360, "weightedAverageShsOutDil": 17228499, "link": "https://www.sec.gov/Archives/edgar/data/1303313/000119312514086648/0001193125-14-086648-index.htm", "finalLink": "https://www.sec.gov/Archives/edgar/data/1303313/000119312514086648/d646542d10k.htm"}, {"date": "2013-09-30", "symbol": "LHCG", "reportedCurrency": "USD", "cik": "0001303313", "fillingDate": "2013-11-07", "acceptedDate": "2013-11-07 16:34:59", "calendarYear": "2013", "period": "Q3", "revenue": 164748000, "costOfRevenue": 97966000, "grossProfit": 66782000, "grossProfitRatio": 0.4053584869, "researchAndDevelopmentExpenses": 0, "generalAndAdministrativeExpenses": 53047000, "sellingAndMarketingExpenses": 2708000, "sellingGeneralAndAdministrativeExpenses": 55755000, "otherExpenses": 0, "operatingExpenses": 55755000, "costAndExpenses": 153721000, "interestIncome": 0, "interestExpense": 430000, "depreciationAndAmortization": 2128000, "ebitda": 11637000, "ebitdaratio": 0.0706351519, "operatingIncome": 11027000, "operatingIncomeRatio": 0.0669325273, "totalOtherIncomeExpensesNet": -376000, "incomeBeforeTax": 10651000, "incomeBeforeTaxRatio": 0.0646502537, "incomeTaxExpense": 3782000, "netIncome": 5297000, "netIncomeRatio": 0.0321521354, "eps": 0.31, "epsdiluted": 0.31, "weightedAverageShsOut": 17083201, "weightedAverageShsOutDil": 17182013, "link": "https://www.sec.gov/Archives/edgar/data/1303313/000119312513432956/0001193125-13-432956-index.htm", "finalLink": "https://www.sec.gov/Archives/edgar/data/1303313/000119312513432956/d602615d10q.htm"}, {"date": "2013-06-30", "symbol": "LHCG", "reportedCurrency": "USD", "cik": "0001303313", "fillingDate": "2013-08-08", "acceptedDate": "2013-08-08 16:31:26", "calendarYear": "2013", "period": "Q2", "revenue": 166302000, "costOfRevenue": 97009000, "grossProfit": 69293000, "grossProfitRatio": 0.4166696732, "researchAndDevelopmentExpenses": 0, "generalAndAdministrativeExpenses": 54157000, "sellingAndMarketingExpenses": 3208000, "sellingGeneralAndAdministrativeExpenses": 57365000, "otherExpenses": 0, "operatingExpenses": 57365000, "costAndExpenses": 154374000, "interestIncome": 0, "interestExpense": 700000, "depreciationAndAmortization": 2000000, "ebitda": 12408000, "ebitdaratio": 0.0746112494, "operatingIncome": 11928000, "operatingIncomeRatio": 0.0717249342, "totalOtherIncomeExpensesNet": -635000, "incomeBeforeTax": 11293000, "incomeBeforeTaxRatio": 0.0679065796, "incomeTaxExpense": 3918000, "netIncome": 5790000, "netIncomeRatio": 0.0348161778, "eps": 0.34, "epsdiluted": 0.34, "weightedAverageShsOut": 17055619, "weightedAverageShsOutDil": 17127017, "link": "https://www.sec.gov/Archives/edgar/data/1303313/000119312513326974/0001193125-13-326974-index.htm", "finalLink": "https://www.sec.gov/Archives/edgar/data/1303313/000119312513326974/d551426d10q.htm"}, {"date": "2013-03-31", "symbol": "LHCG", "reportedCurrency": "USD", "cik": "0001303313", "fillingDate": "2013-05-09", "acceptedDate": "2013-05-09 16:51:01", "calendarYear": "2013", "period": "Q1", "revenue": 161953000, "costOfRevenue": 93248000, "grossProfit": 68705000, "grossProfitRatio": 0.4242280168, "researchAndDevelopmentExpenses": 0, "generalAndAdministrativeExpenses": 51623000, "sellingAndMarketingExpenses": 3917000, "sellingGeneralAndAdministrativeExpenses": 55540000, "otherExpenses": 0, "operatingExpenses": 55540000, "costAndExpenses": 148788000, "interestIncome": 0, "interestExpense": 425000, "depreciationAndAmortization": 1830000, "ebitda": 13077000, "ebitdaratio": 0.0807456484, "operatingIncome": 13165000, "operatingIncomeRatio": 0.0812890159, "totalOtherIncomeExpensesNet": -360000, "incomeBeforeTax": 12805000, "incomeBeforeTaxRatio": 0.0790661488, "incomeTaxExpense": 4536000, "netIncome": 6286000, "netIncomeRatio": 0.0388137299, "eps": 0.37, "epsdiluted": 0.37, "weightedAverageShsOut": 16966525, "weightedAverageShsOutDil": 17073543, "link": "https://www.sec.gov/Archives/edgar/data/1303313/000119312513211295/0001193125-13-211295-index.htm", "finalLink": "https://www.sec.gov/Archives/edgar/data/1303313/000119312513211295/d513925d10q.htm"}, {"date": "2012-12-31", "symbol": "LHCG", "reportedCurrency": "USD", "cik": "0001303313", "fillingDate": "2013-03-18", "acceptedDate": "2013-03-18 16:31:37", "calendarYear": "2012", "period": "Q4", "revenue": 161827000, "costOfRevenue": 92441000, "grossProfit": 69386000, "grossProfitRatio": 0.4287665223, "researchAndDevelopmentExpenses": 0, "generalAndAdministrativeExpenses": 51324000, "sellingAndMarketingExpenses": 3480000, "sellingGeneralAndAdministrativeExpenses": 54804000, "otherExpenses": 0, "operatingExpenses": 54804000, "costAndExpenses": 147245000, "interestIncome": 0, "interestExpense": 578000, "depreciationAndAmortization": 2005000, "ebitda": 14788000, "ebitdaratio": 0.0913815371, "operatingIncome": 15232000, "operatingIncomeRatio": 0.0941252078, "totalOtherIncomeExpensesNet": -502000, "incomeBeforeTax": 14730000, "incomeBeforeTaxRatio": 0.0910231296, "incomeTaxExpense": 4805000, "netIncome": 7400000, "netIncomeRatio": 0.0457278452, "eps": 0.43, "epsdiluted": 0.43, "weightedAverageShsOut": 17056611, "weightedAverageShsOutDil": 17155909, "link": "https://www.sec.gov/Archives/edgar/data/1303313/000119312513112605/0001193125-13-112605-index.htm", "finalLink": "https://www.sec.gov/Archives/edgar/data/1303313/000119312513112605/d443859d10k.htm"}, {"date": "2012-09-30", "symbol": "LHCG", "reportedCurrency": "USD", "cik": "0001303313", "fillingDate": "2012-11-09", "acceptedDate": "2012-11-09 16:16:03", "calendarYear": "2012", "period": "Q3", "revenue": 158926000, "costOfRevenue": 91234000, "grossProfit": 67692000, "grossProfitRatio": 0.4259340825, "researchAndDevelopmentExpenses": 0, "generalAndAdministrativeExpenses": 52464000, "sellingAndMarketingExpenses": 2987000, "sellingGeneralAndAdministrativeExpenses": 55451000, "otherExpenses": 0, "operatingExpenses": 55451000, "costAndExpenses": 146685000, "interestIncome": 0, "interestExpense": 405000, "depreciationAndAmortization": 1965000, "ebitda": 12094000, "ebitdaratio": 0.0760983099, "operatingIncome": 11591000, "operatingIncomeRatio": 0.0729333149, "totalOtherIncomeExpensesNet": -311000, "incomeBeforeTax": 11280000, "incomeBeforeTaxRatio": 0.0709764293, "incomeTaxExpense": 3388000, "netIncome": 6336000, "netIncomeRatio": 0.0398676113, "eps": 0.36, "epsdiluted": 0.36, "weightedAverageShsOut": 17656842, "weightedAverageShsOutDil": 17726819, "link": "https://www.sec.gov/Archives/edgar/data/1303313/000119312512463326/0001193125-12-463326-index.htm", "finalLink": "https://www.sec.gov/Archives/edgar/data/1303313/000119312512463326/d398841d10q.htm"}, {"date": "2012-06-30", "symbol": "LHCG", "reportedCurrency": "USD", "cik": "0001303313", "fillingDate": "2012-08-09", "acceptedDate": "2012-08-09 16:16:03", "calendarYear": "2012", "period": "Q2", "revenue": 158055000, "costOfRevenue": 92218000, "grossProfit": 65837000, "grossProfitRatio": 0.4165448736, "researchAndDevelopmentExpenses": 0, "generalAndAdministrativeExpenses": 50967000, "sellingAndMarketingExpenses": 2647000, "sellingGeneralAndAdministrativeExpenses": 53614000, "otherExpenses": 0, "operatingExpenses": 53614000, "costAndExpenses": 145832000, "interestIncome": 0, "interestExpense": 208000, "depreciationAndAmortization": 1917000, "ebitda": 12180000, "ebitdaratio": 0.0770617823, "operatingIncome": 12223000, "operatingIncomeRatio": 0.0773338395, "totalOtherIncomeExpensesNet": -259000, "incomeBeforeTax": 11964000, "incomeBeforeTaxRatio": 0.0756951694, "incomeTaxExpense": 4092000, "netIncome": 5963000, "netIncomeRatio": 0.0377273734, "eps": 0.32, "epsdiluted": 0.32, "weightedAverageShsOut": 18385783, "weightedAverageShsOutDil": 18423258, "link": "https://www.sec.gov/Archives/edgar/data/1303313/000119312512347563/0001193125-12-347563-index.htm", "finalLink": "https://www.sec.gov/Archives/edgar/data/1303313/000119312512347563/d357497d10q.htm"}, {"date": "2012-03-31", "symbol": "LHCG", "reportedCurrency": "USD", "cik": "0001303313", "fillingDate": "2012-05-10", "acceptedDate": "2012-05-10 16:04:57", "calendarYear": "2012", "period": "Q1", "revenue": 158761000, "costOfRevenue": 89859000, "grossProfit": 68902000, "grossProfitRatio": 0.4339982741, "researchAndDevelopmentExpenses": 0, "generalAndAdministrativeExpenses": 50882000, "sellingAndMarketingExpenses": 2761000, "sellingGeneralAndAdministrativeExpenses": 53643000, "otherExpenses": 0, "operatingExpenses": 53643000, "costAndExpenses": 143502000, "interestIncome": 0, "interestExpense": 359000, "depreciationAndAmortization": 1919000, "ebitda": 15245000, "ebitdaratio": 0.0960248424, "operatingIncome": 15259000, "operatingIncomeRatio": 0.0961130252, "totalOtherIncomeExpensesNet": -294000, "incomeBeforeTax": 14965000, "incomeBeforeTaxRatio": 0.0942611851, "incomeTaxExpense": 5226000, "netIncome": 7741000, "netIncomeRatio": 0.0487588262, "eps": 0.42, "epsdiluted": 0.42, "weightedAverageShsOut": 18333838, "weightedAverageShsOutDil": 18399608, "link": "https://www.sec.gov/Archives/edgar/data/1303313/000119312512225468/0001193125-12-225468-index.htm", "finalLink": "https://www.sec.gov/Archives/edgar/data/1303313/000119312512225468/d332931d10q.htm"}, {"date": "2011-12-31", "symbol": "LHCG", "reportedCurrency": "USD", "cik": "0001303313", "fillingDate": "2012-03-15", "acceptedDate": "2012-03-15 13:22:12", "calendarYear": "2011", "period": "Q4", "revenue": 157676000, "costOfRevenue": 89359000, "grossProfit": 68317000, "grossProfitRatio": 0.433274563, "researchAndDevelopmentExpenses": 0, "generalAndAdministrativeExpenses": 115737000, "sellingAndMarketingExpenses": -61583000, "sellingGeneralAndAdministrativeExpenses": 54154000, "otherExpenses": 0, "operatingExpenses": 54154000, "costAndExpenses": 143513000, "interestIncome": 0, "interestExpense": 511000, "depreciationAndAmortization": 1802000, "ebitda": 16004000, "ebitdaratio": 0.101499277, "operatingIncome": 14163000, "operatingIncomeRatio": 0.0898234354, "totalOtherIncomeExpensesNet": -303000, "incomeBeforeTax": 13860000, "incomeBeforeTaxRatio": 0.0879017733, "incomeTaxExpense": 4452000, "netIncome": 7234000, "netIncomeRatio": 0.0458788909, "eps": 0.39, "epsdiluted": 0.39, "weightedAverageShsOut": 18333838, "weightedAverageShsOutDil": 18333838, "link": "https://www.sec.gov/Archives/edgar/data/1303313/000119312512116859/0001193125-12-116859-index.htm", "finalLink": "https://www.sec.gov/Archives/edgar/data/1303313/000119312512116859/d283373d10k.htm"}, {"date": "2011-09-30", "symbol": "LHCG", "reportedCurrency": "USD", "cik": "0001303313", "fillingDate": "2011-11-09", "acceptedDate": "2011-11-09 16:15:42", "calendarYear": "2011", "period": "Q3", "revenue": 153398000, "costOfRevenue": 87815000, "grossProfit": 65583000, "grossProfitRatio": 0.4275349092, "researchAndDevelopmentExpenses": 0, "generalAndAdministrativeExpenses": 52656000, "sellingAndMarketingExpenses": 68199000, "sellingGeneralAndAdministrativeExpenses": 120855000, "otherExpenses": 0, "operatingExpenses": 120855000, "costAndExpenses": 208670000, "interestIncome": 0, "interestExpense": 217000, "depreciationAndAmortization": 1780000, "ebitda": -54093000, "ebitdaratio": -0.3526317162, "operatingIncome": -55272000, "operatingIncomeRatio": -0.3603176052, "totalOtherIncomeExpensesNet": 1179000, "incomeBeforeTax": -54093000, "incomeBeforeTaxRatio": -0.3526317162, "incomeTaxExpense": -18130000, "netIncome": -37960000, "netIncomeRatio": -0.2474608535, "eps": -2.08, "epsdiluted": -2.08, "weightedAverageShsOut": 18263237, "weightedAverageShsOutDil": 18263237, "link": "https://www.sec.gov/Archives/edgar/data/1303313/000119312511304580/0001193125-11-304580-index.htm", "finalLink": "https://www.sec.gov/Archives/edgar/data/1303313/000119312511304580/d231510d10q.htm"}, {"date": "2011-06-30", "symbol": "LHCG", "reportedCurrency": "USD", "cik": "0001303313", "fillingDate": "2011-08-09", "acceptedDate": "2011-08-09 15:01:13", "calendarYear": "2011", "period": "Q2", "revenue": 161015000, "costOfRevenue": 86216000, "grossProfit": 74799000, "grossProfitRatio": 0.4645467814, "researchAndDevelopmentExpenses": 0, "generalAndAdministrativeExpenses": 52154000, "sellingAndMarketingExpenses": 3143000, "sellingGeneralAndAdministrativeExpenses": 55297000, "otherExpenses": 0, "operatingExpenses": 55297000, "costAndExpenses": 141513000, "interestIncome": 0, "interestExpense": 195000, "depreciationAndAmortization": 1922000, "ebitda": 19502000, "ebitdaratio": 0.1211191504, "operatingIncome": 19502000, "operatingIncomeRatio": 0.1211191504, "totalOtherIncomeExpensesNet": -191000, "incomeBeforeTax": 19311000, "incomeBeforeTaxRatio": 0.1199329255, "incomeTaxExpense": 6549000, "netIncome": 9788000, "netIncomeRatio": 0.0607893675, "eps": 0.54, "epsdiluted": 0.53, "weightedAverageShsOut": 18278479, "weightedAverageShsOutDil": 18346441, "link": "https://www.sec.gov/Archives/edgar/data/1303313/000119312511216309/0001193125-11-216309-index.htm", "finalLink": "https://www.sec.gov/Archives/edgar/data/1303313/000119312511216309/d10q.htm"}, {"date": "2011-03-31", "symbol": "LHCG", "reportedCurrency": "USD", "cik": "0001303313", "fillingDate": "2011-05-10", "acceptedDate": "2011-05-10 17:06:51", "calendarYear": "2011", "period": "Q1", "revenue": 161783000, "costOfRevenue": 88956000, "grossProfit": 72827000, "grossProfitRatio": 0.4501523646, "researchAndDevelopmentExpenses": 0, "generalAndAdministrativeExpenses": 55040000, "sellingAndMarketingExpenses": 2562000, "sellingGeneralAndAdministrativeExpenses": 57602000, "otherExpenses": 0, "operatingExpenses": 57602000, "costAndExpenses": 146558000, "interestIncome": 0, "interestExpense": 94000, "depreciationAndAmortization": 2017000, "ebitda": 14966000, "ebitdaratio": 0.0925066293, "operatingIncome": 15225000, "operatingIncomeRatio": 0.0941075391, "totalOtherIncomeExpensesNet": 78000, "incomeBeforeTax": 15303000, "incomeBeforeTaxRatio": 0.0945896664, "incomeTaxExpense": 5161000, "netIncome": 7694000, "netIncomeRatio": 0.0475575308, "eps": 0.42, "epsdiluted": 0.42, "weightedAverageShsOut": 18215831, "weightedAverageShsOutDil": 18351637, "link": "https://www.sec.gov/Archives/edgar/data/1303313/000119312511134390/0001193125-11-134390-index.htm", "finalLink": "https://www.sec.gov/Archives/edgar/data/1303313/000119312511134390/d10q.htm"}, {"date": "2010-12-31", "symbol": "LHCG", "reportedCurrency": "USD", "cik": "0001303313", "fillingDate": "2011-03-10", "acceptedDate": "2011-03-10 17:11:12", "calendarYear": "2010", "period": "Q4", "revenue": 168058000, "costOfRevenue": 87535000, "grossProfit": 80523000, "grossProfitRatio": 0.4791381547, "researchAndDevelopmentExpenses": 0, "generalAndAdministrativeExpenses": 55328000, "sellingAndMarketingExpenses": 2308000, "sellingGeneralAndAdministrativeExpenses": 57636000, "otherExpenses": 0, "operatingExpenses": 57636000, "costAndExpenses": 145171000, "interestIncome": 0, "interestExpense": 51000, "depreciationAndAmortization": 2142000, "ebitda": -2455000, "ebitdaratio": -0.014608052, "operatingIncome": 22887000, "operatingIncomeRatio": 0.1361851266, "totalOtherIncomeExpensesNet": 43000, "incomeBeforeTax": 22930000, "incomeBeforeTaxRatio": 0.1364409906, "incomeTaxExpense": 7608000, "netIncome": 11486000, "netIncomeRatio": 0.0683454522, "eps": 0.63, "epsdiluted": 0.63, "weightedAverageShsOut": 18215831, "weightedAverageShsOutDil": 18215831, "link": "https://www.sec.gov/Archives/edgar/data/1303313/000119312511062455/0001193125-11-062455-index.htm", "finalLink": "https://www.sec.gov/Archives/edgar/data/1303313/000119312511062455/d10k.htm"}, {"date": "2010-09-30", "symbol": "LHCG", "reportedCurrency": "USD", "cik": "0001303313", "fillingDate": "2010-11-03", "acceptedDate": "2010-11-03 17:11:58", "calendarYear": "2010", "period": "Q3", "revenue": 166632000, "costOfRevenue": 88187000, "grossProfit": 78445000, "grossProfitRatio": 0.4707679197, "researchAndDevelopmentExpenses": 0, "generalAndAdministrativeExpenses": 51056000, "sellingAndMarketingExpenses": 1699000, "sellingGeneralAndAdministrativeExpenses": 52755000, "otherExpenses": 0, "operatingExpenses": 52755000, "costAndExpenses": 140942000, "interestIncome": 0, "interestExpense": 33000, "depreciationAndAmortization": 1977000, "ebitda": 25690000, "ebitdaratio": 0.1541720678, "operatingIncome": 25690000, "operatingIncomeRatio": 0.1541720678, "totalOtherIncomeExpensesNet": 57000, "incomeBeforeTax": 25747000, "incomeBeforeTaxRatio": 0.1545141389, "incomeTaxExpense": 8631000, "netIncome": 13298000, "netIncomeRatio": 0.0798045994, "eps": 0.73, "epsdiluted": 0.73, "weightedAverageShsOut": 18148678, "weightedAverageShsOutDil": 18224019, "link": "https://www.sec.gov/Archives/edgar/data/1303313/000119312510246327/0001193125-10-246327-index.htm", "finalLink": "https://www.sec.gov/Archives/edgar/data/1303313/000119312510246327/d10q.htm"}, {"date": "2010-06-30", "symbol": "LHCG", "reportedCurrency": "USD", "cik": "0001303313", "fillingDate": "2010-08-06", "acceptedDate": "2010-08-06 10:58:37", "calendarYear": "2010", "period": "Q2", "revenue": 154235000, "costOfRevenue": 79482000, "grossProfit": 74753000, "grossProfitRatio": 0.4846694978, "researchAndDevelopmentExpenses": 0, "generalAndAdministrativeExpenses": 49545000, "sellingAndMarketingExpenses": 1541000, "sellingGeneralAndAdministrativeExpenses": 51086000, "otherExpenses": 0, "operatingExpenses": 51086000, "costAndExpenses": 130568000, "interestIncome": 0, "interestExpense": 25000, "depreciationAndAmortization": 1843000, "ebitda": 23667000, "ebitdaratio": 0.153447661, "operatingIncome": 23667000, "operatingIncomeRatio": 0.153447661, "totalOtherIncomeExpensesNet": 568000, "incomeBeforeTax": 24235000, "incomeBeforeTaxRatio": 0.157130353, "incomeTaxExpense": 7975000, "netIncome": 12393000, "netIncomeRatio": 0.0803514118, "eps": 0.68, "epsdiluted": 0.68, "weightedAverageShsOut": 18118197, "weightedAverageShsOutDil": 18236380, "link": "https://www.sec.gov/Archives/edgar/data/1303313/000119312510180697/0001193125-10-180697-index.htm", "finalLink": "https://www.sec.gov/Archives/edgar/data/1303313/000119312510180697/d10q.htm"}, {"date": "2010-03-31", "symbol": "LHCG", "reportedCurrency": "USD", "cik": "0001303313", "fillingDate": "2010-05-07", "acceptedDate": "2010-05-07 16:51:36", "calendarYear": "2010", "period": "Q1", "revenue": 145883000, "costOfRevenue": 74710000, "grossProfit": 71173000, "grossProfitRatio": 0.4878772715, "researchAndDevelopmentExpenses": 0, "generalAndAdministrativeExpenses": 45767000, "sellingAndMarketingExpenses": 2059000, "sellingGeneralAndAdministrativeExpenses": 47826000, "otherExpenses": 0, "operatingExpenses": 47826000, "costAndExpenses": 122536000, "interestIncome": 0, "interestExpense": 24000, "depreciationAndAmortization": 1534000, "ebitda": 23347000, "ebitdaratio": 0.1600392095, "operatingIncome": 23347000, "operatingIncomeRatio": 0.1600392095, "totalOtherIncomeExpensesNet": 5000, "incomeBeforeTax": 23352000, "incomeBeforeTaxRatio": 0.1600734835, "incomeTaxExpense": 7510000, "netIncome": 11624000, "netIncomeRatio": 0.0796802917, "eps": 0.64, "epsdiluted": 0.64, "weightedAverageShsOut": 18041563, "weightedAverageShsOutDil": 18179013, "link": "https://www.sec.gov/Archives/edgar/data/1303313/000119312510113012/0001193125-10-113012-index.htm", "finalLink": "https://www.sec.gov/Archives/edgar/data/1303313/000119312510113012/d10q.htm"}, {"date": "2009-12-31", "symbol": "LHCG", "reportedCurrency": "USD", "cik": "0001303313", "fillingDate": "2010-03-15", "acceptedDate": "2010-03-15 16:40:56", "calendarYear": "2009", "period": "Q4", "revenue": 142680000, "costOfRevenue": 72792000, "grossProfit": 69888000, "grossProfitRatio": 0.489823381, "researchAndDevelopmentExpenses": 0, "generalAndAdministrativeExpenses": 45695000, "sellingAndMarketingExpenses": 662000, "sellingGeneralAndAdministrativeExpenses": 46357000, "otherExpenses": 0, "operatingExpenses": 46357000, "costAndExpenses": 119149000, "interestIncome": 0, "interestExpense": 27000, "depreciationAndAmortization": 1337000, "ebitda": 35865000, "ebitdaratio": 0.2513666947, "operatingIncome": 23531000, "operatingIncomeRatio": 0.1649215027, "totalOtherIncomeExpensesNet": 49000, "incomeBeforeTax": 23580000, "incomeBeforeTaxRatio": 0.1652649285, "incomeTaxExpense": 7907000, "netIncome": 26594000, "netIncomeRatio": 0.1863891225, "eps": 1.47, "epsdiluted": 1.47, "weightedAverageShsOut": 18041563, "weightedAverageShsOutDil": 18041563, "link": "https://www.sec.gov/Archives/edgar/data/1303313/000119312510057072/0001193125-10-057072-index.htm", "finalLink": "https://www.sec.gov/Archives/edgar/data/1303313/000119312510057072/d10k.htm"}, {"date": "2009-09-30", "symbol": "LHCG", "reportedCurrency": "USD", "cik": "0001303313", "fillingDate": "2009-11-05", "acceptedDate": "2009-11-04 18:15:01", "calendarYear": "2009", "period": "Q3", "revenue": 132491000, "costOfRevenue": 69242000, "grossProfit": 63249000, "grossProfitRatio": 0.4773833694, "researchAndDevelopmentExpenses": 0, "generalAndAdministrativeExpenses": 43790000, "sellingAndMarketingExpenses": 1072000, "sellingGeneralAndAdministrativeExpenses": 44862000, "otherExpenses": 0, "operatingExpenses": 44862000, "costAndExpenses": 114104000, "interestIncome": 0, "interestExpense": 20000, "depreciationAndAmortization": 1208000, "ebitda": 18387000, "ebitdaratio": 0.1387792378, "operatingIncome": 18387000, "operatingIncomeRatio": 0.1387792378, "totalOtherIncomeExpensesNet": 31000, "incomeBeforeTax": 18418000, "incomeBeforeTaxRatio": 0.139013216, "incomeTaxExpense": 5636000, "netIncome": 9829000, "netIncomeRatio": 0.0741861711, "eps": 0.55, "epsdiluted": 0.54, "weightedAverageShsOut": 17971352, "weightedAverageShsOutDil": 18116984, "link": "https://www.sec.gov/Archives/edgar/data/1303313/000119312509224074/0001193125-09-224074-index.htm", "finalLink": "https://www.sec.gov/Archives/edgar/data/1303313/000119312509224074/d10q.htm"}, {"date": "2009-06-30", "symbol": "LHCG", "reportedCurrency": "USD", "cik": "0001303313", "fillingDate": "2009-08-07", "acceptedDate": "2009-08-06 18:08:17", "calendarYear": "2009", "period": "Q2", "revenue": 132593000, "costOfRevenue": 66588000, "grossProfit": 66005000, "grossProfitRatio": 0.4978015431, "researchAndDevelopmentExpenses": 0, "generalAndAdministrativeExpenses": 43520000, "sellingAndMarketingExpenses": 1807000, "sellingGeneralAndAdministrativeExpenses": 45327000, "otherExpenses": 0, "operatingExpenses": 45327000, "costAndExpenses": 111915000, "interestIncome": 0, "interestExpense": 39000, "depreciationAndAmortization": 1168000, "ebitda": 20678000, "ebitdaratio": 0.1559509175, "operatingIncome": 20678000, "operatingIncomeRatio": 0.1559509175, "totalOtherIncomeExpensesNet": 45000, "incomeBeforeTax": 20723000, "incomeBeforeTaxRatio": 0.1562903019, "incomeTaxExpense": 6415000, "netIncome": 10262000, "netIncomeRatio": 0.0773947343, "eps": 0.57, "epsdiluted": 0.57, "weightedAverageShsOut": 17959823, "weightedAverageShsOutDil": 18030373, "link": "https://www.sec.gov/Archives/edgar/data/1303313/000095012309031391/0000950123-09-031391-index.htm", "finalLink": "https://www.sec.gov/Archives/edgar/data/1303313/000095012309031391/g20049e10vq.htm"}, {"date": "2009-03-31", "symbol": "LHCG", "reportedCurrency": "USD", "cik": "0001303313", "fillingDate": "2009-05-08", "acceptedDate": "2009-05-08 15:49:49", "calendarYear": "2009", "period": "Q1", "revenue": 124622000, "costOfRevenue": 62221000, "grossProfit": 62401000, "grossProfitRatio": 0.5007221839, "researchAndDevelopmentExpenses": 0, "generalAndAdministrativeExpenses": 38897000, "sellingAndMarketingExpenses": 1183000, "sellingGeneralAndAdministrativeExpenses": 40080000, "otherExpenses": 0, "operatingExpenses": 40080000, "costAndExpenses": 102301000, "interestIncome": 0, "interestExpense": 59000, "depreciationAndAmortization": 1118000, "ebitda": 22321000, "ebitdaratio": 0.1791096275, "operatingIncome": 22321000, "operatingIncomeRatio": 0.1791096275, "totalOtherIncomeExpensesNet": -519000, "incomeBeforeTax": 21802000, "incomeBeforeTaxRatio": 0.1749450338, "incomeTaxExpense": 6739000, "netIncome": 11081000, "netIncomeRatio": 0.0889168847, "eps": 0.62, "epsdiluted": 0.62, "weightedAverageShsOut": 17924238, "weightedAverageShsOutDil": 17991618, "link": "https://www.sec.gov/Archives/edgar/data/1303313/000095014409004108/0000950144-09-004108-index.htm", "finalLink": "https://www.sec.gov/Archives/edgar/data/1303313/000095014409004108/g18962e10vq.htm"}, {"date": "2008-12-31", "symbol": "LHCG", "reportedCurrency": "USD", "cik": "0001303313", "fillingDate": "2009-03-16", "acceptedDate": "2009-03-16 16:31:20", "calendarYear": "2008", "period": "Q4", "revenue": 111541000, "costOfRevenue": 51417000, "grossProfit": 60124000, "grossProfitRatio": 0.539030491, "researchAndDevelopmentExpenses": 0, "generalAndAdministrativeExpenses": 39411000, "sellingAndMarketingExpenses": 0, "sellingGeneralAndAdministrativeExpenses": 39411000, "otherExpenses": 0, "operatingExpenses": 39411000, "costAndExpenses": 90828000, "interestIncome": 0, "interestExpense": 113000, "depreciationAndAmortization": 1010000, "ebitda": 17835000, "ebitdaratio": 0.159896361, "operatingIncome": 20713000, "operatingIncomeRatio": 0.1856985324, "totalOtherIncomeExpensesNet": 445000, "incomeBeforeTax": 21158000, "incomeBeforeTaxRatio": 0.1896880968, "incomeTaxExpense": 6215000, "netIncome": 10497000, "netIncomeRatio": 0.0941088927, "eps": 0.59, "epsdiluted": 0.59, "weightedAverageShsOut": 17924238, "weightedAverageShsOutDil": 17924238, "link": "https://www.sec.gov/Archives/edgar/data/1303313/000095014409002257/0000950144-09-002257-index.htm", "finalLink": "https://www.sec.gov/Archives/edgar/data/1303313/000095014409002257/g18040e10vk.htm"}, {"date": "2008-09-30", "symbol": "LHCG", "reportedCurrency": "USD", "cik": "0001303313", "fillingDate": "2008-11-10", "acceptedDate": "2008-11-10 14:39:22", "calendarYear": "2008", "period": "Q3", "revenue": 98166000, "costOfRevenue": 47977000, "grossProfit": 50189000, "grossProfitRatio": 0.51126663, "researchAndDevelopmentExpenses": 0, "generalAndAdministrativeExpenses": 33845000, "sellingAndMarketingExpenses": 0, "sellingGeneralAndAdministrativeExpenses": 33845000, "otherExpenses": 0, "operatingExpenses": 33845000, "costAndExpenses": 81822000, "interestIncome": 0, "interestExpense": 128000, "depreciationAndAmortization": 973000, "ebitda": 16344000, "ebitdaratio": 0.1664934906, "operatingIncome": 16344000, "operatingIncomeRatio": 0.1664934906, "totalOtherIncomeExpensesNet": -54000, "incomeBeforeTax": 16290000, "incomeBeforeTaxRatio": 0.165943402, "incomeTaxExpense": 5243000, "netIncome": 8032000, "netIncomeRatio": 0.0818205896, "eps": 0.45, "epsdiluted": 0.45, "weightedAverageShsOut": 17881228, "weightedAverageShsOutDil": 17976305, "link": "https://www.sec.gov/Archives/edgar/data/1303313/000095014408008372/0000950144-08-008372-index.htm", "finalLink": "https://www.sec.gov/Archives/edgar/data/1303313/000095014408008372/g16562e10vq.htm"}, {"date": "2008-06-30", "symbol": "LHCG", "reportedCurrency": "USD", "cik": "0001303313", "fillingDate": "2008-08-07", "acceptedDate": "2008-08-07 15:58:23", "calendarYear": "2008", "period": "Q2", "revenue": 90115000, "costOfRevenue": 45559000, "grossProfit": 44556000, "grossProfitRatio": 0.4944348888, "researchAndDevelopmentExpenses": 0, "generalAndAdministrativeExpenses": 32346000, "sellingAndMarketingExpenses": 0, "sellingGeneralAndAdministrativeExpenses": 32346000, "otherExpenses": 0, "operatingExpenses": 32346000, "costAndExpenses": 77905000, "interestIncome": 0, "interestExpense": 80000, "depreciationAndAmortization": 880000, "ebitda": 12210000, "ebitdaratio": 0.135493536, "operatingIncome": 12210000, "operatingIncomeRatio": 0.135493536, "totalOtherIncomeExpensesNet": -1969000, "incomeBeforeTax": 12537000, "incomeBeforeTaxRatio": 0.1391222327, "incomeTaxExpense": 3907000, "netIncome": 6408000, "netIncomeRatio": 0.0711091383, "eps": 0.36, "epsdiluted": 0.36, "weightedAverageShsOut": 17849820, "weightedAverageShsOutDil": 17883964, "link": "https://www.sec.gov/Archives/edgar/data/1303313/000095014408006174/0000950144-08-006174-index.htm", "finalLink": "https://www.sec.gov/Archives/edgar/data/1303313/000095014408006174/g14580e10vq.htm"}, {"date": "2008-03-31", "symbol": "LHCG", "reportedCurrency": "USD", "cik": "0001303313", "fillingDate": "2008-05-09", "acceptedDate": "2008-05-09 15:46:32", "calendarYear": "2008", "period": "Q1", "revenue": 83473000, "costOfRevenue": 41896000, "grossProfit": 41577000, "grossProfitRatio": 0.4980892025, "researchAndDevelopmentExpenses": 0, "generalAndAdministrativeExpenses": 30559000, "sellingAndMarketingExpenses": 0, "sellingGeneralAndAdministrativeExpenses": 30559000, "otherExpenses": 0, "operatingExpenses": 30559000, "costAndExpenses": 72455000, "interestIncome": 0, "interestExpense": 148000, "depreciationAndAmortization": 877000, "ebitda": 11018000, "ebitdaratio": 0.1319947768, "operatingIncome": 11018000, "operatingIncomeRatio": 0.1319947768, "totalOtherIncomeExpensesNet": -2317000, "incomeBeforeTax": 11272000, "incomeBeforeTaxRatio": 0.1350376769, "incomeTaxExpense": 3363000, "netIncome": 5338000, "netIncomeRatio": 0.0639488218, "eps": 0.3, "epsdiluted": 0.3, "weightedAverageShsOut": 17800066, "weightedAverageShsOutDil": 17813967, "link": "https://www.sec.gov/Archives/edgar/data/1303313/000095014408003897/0000950144-08-003897-index.htm", "finalLink": "https://www.sec.gov/Archives/edgar/data/1303313/000095014408003897/g13308e10vq.htm"}]