[{"date": "2025-06-30", "symbol": "PDD", "reportedCurrency": "RMB", "cik": "0001737806", "fillingDate": "2025-08-25", "acceptedDate": "2025-08-24 20:00:00", "calendarYear": "2025", "period": "Q2", "revenue": 103984832000, "costOfRevenue": 45858933000, "grossProfit": 58125899000, "grossProfitRatio": 0.5589844007, "researchAndDevelopmentExpenses": 3591279000, "generalAndAdministrativeExpenses": 1531825000, "sellingAndMarketingExpenses": 27209896000, "sellingGeneralAndAdministrativeExpenses": 28741721000, "otherExpenses": 0, "operatingExpenses": 32333000000, "costAndExpenses": 78191933000, "interestIncome": 10422628000, "interestExpense": 0, "depreciationAndAmortization": 0, "ebitda": 35535283000, "ebitdaratio": 0.3417352542, "operatingIncome": 25792899000, "operatingIncomeRatio": 0.2480448206, "totalOtherIncomeExpensesNet": 9742384000, "incomeBeforeTax": 35535283000, "incomeBeforeTaxRatio": 0.3417352542, "incomeTaxExpense": 4781826000, "netIncome": 30753457000, "netIncomeRatio": 0.2957494512, "eps": 22, "epsdiluted": 20.76, "weightedAverageShsOut": 1396949250, "weightedAverageShsOutDil": 1481950000, "link": "", "finalLink": "https://investor.pddholdings.com/node/9331/pdf"}, {"date": "2025-03-31", "symbol": "PDD", "reportedCurrency": "CNY", "cik": "0001737806", "fillingDate": "2025-05-27", "acceptedDate": "2025-05-27 16:31:12", "calendarYear": "2025", "period": "Q1", "revenue": 95672175000, "costOfRevenue": 40947100000, "grossProfit": 54725075000, "grossProfitRatio": 0.5720061763, "researchAndDevelopmentExpenses": 3577828000, "generalAndAdministrativeExpenses": 1658943000, "sellingAndMarketingExpenses": 33402741000, "sellingGeneralAndAdministrativeExpenses": 35061684000, "otherExpenses": 0, "operatingExpenses": 38639512000, "costAndExpenses": 79586612000, "interestIncome": 223125000, "interestExpense": 0, "depreciationAndAmortization": 177191000, "ebitda": 16262754000, "ebitdaratio": 0.1699841568, "operatingIncome": 16085563000, "operatingIncomeRatio": 0.1681320927, "totalOtherIncomeExpensesNet": 3137097000, "incomeBeforeTax": 19222660000, "incomeBeforeTaxRatio": 0.2009221594, "incomeTaxExpense": 4480831000, "netIncome": 14741829000, "netIncomeRatio": 0.1540869014, "eps": 10.6, "epsdiluted": 9.96, "weightedAverageShsOut": 1391950750, "weightedAverageShsOutDil": 1483081250, "link": "https://www.sec.gov/Archives/edgar/data/1737806/000110465925053013/0001104659-25-053013-index.htm", "finalLink": "https://www.sec.gov/Archives/edgar/data/1737806/000110465925053013/tm2516198d1_ex99-1.htm"}, {"date": "2024-12-31", "symbol": "PDD", "reportedCurrency": "CNY", "cik": "0001737806", "fillingDate": "2025-04-28", "acceptedDate": "2025-04-28 17:01:20", "calendarYear": "2024", "period": "Q4", "revenue": 110610106000, "costOfRevenue": 47798376000, "grossProfit": 62811730000, "grossProfitRatio": 0.5678661044, "researchAndDevelopmentExpenses": 3777178000, "generalAndAdministrativeExpenses": 2085396000, "sellingAndMarketingExpenses": 31356941000, "sellingGeneralAndAdministrativeExpenses": 33442337000, "otherExpenses": 0, "operatingExpenses": 37219515000, "costAndExpenses": 85017891000, "interestIncome": 5233232000, "interestExpense": 0, "depreciationAndAmortization": 177191000, "ebitda": 25769406000, "ebitdaratio": 0.2329751497, "operatingIncome": 25592215000, "operatingIncomeRatio": 0.2313732074, "totalOtherIncomeExpensesNet": 6937218000, "incomeBeforeTax": 32529433000, "incomeBeforeTaxRatio": 0.2940909667, "incomeTaxExpense": 5082796000, "netIncome": 27446637000, "netIncomeRatio": 0.2481386014, "eps": 19.76, "epsdiluted": 18.52, "weightedAverageShsOut": 1389194000, "weightedAverageShsOutDil": 1481319500, "link": "https://www.sec.gov/Archives/edgar/data/1737806/000141057825000951/0001410578-25-000951-index.htm", "finalLink": "https://www.sec.gov/Archives/edgar/data/1737806/000141057825000951/pdd-20241231x20f.htm"}, {"date": "2024-09-30", "symbol": "PDD", "reportedCurrency": "CNY", "cik": "0001737806", "fillingDate": "2024-11-21", "acceptedDate": "2024-11-21 16:01:16", "calendarYear": "2024", "period": "Q3", "revenue": 99354401000, "costOfRevenue": 39709214000, "grossProfit": 59645187000, "grossProfitRatio": 0.6003275788, "researchAndDevelopmentExpenses": 3063353000, "generalAndAdministrativeExpenses": 1805576000, "sellingAndMarketingExpenses": 30483800000, "sellingGeneralAndAdministrativeExpenses": 32289376000, "otherExpenses": 0, "operatingExpenses": 35352729000, "costAndExpenses": 75061943000, "interestIncome": 5416080000, "interestExpense": 0, "depreciationAndAmortization": 196559000, "ebitda": 24489017000, "ebitdaratio": 0.2464814518, "operatingIncome": 24292458000, "operatingIncomeRatio": 0.2445030895, "totalOtherIncomeExpensesNet": 4889856000, "incomeBeforeTax": 29182314000, "incomeBeforeTaxRatio": 0.2937193894, "incomeTaxExpense": 4201620000, "netIncome": 24980694000, "netIncomeRatio": 0.2514301707, "eps": 18.04, "epsdiluted": 16.92, "weightedAverageShsOut": 1385908250, "weightedAverageShsOutDil": 1477448250, "link": "https://www.sec.gov/Archives/edgar/data/1737806/000110465924121500/0001104659-24-121500-index.htm", "finalLink": "https://www.sec.gov/Archives/edgar/data/1737806/000110465924121500/tm2429127d1_ex99-1.htm"}, {"date": "2024-06-30", "symbol": "PDD", "reportedCurrency": "CNY", "cik": "0001737806", "fillingDate": "2024-08-26", "acceptedDate": "2024-08-26 16:01:51", "calendarYear": "2024", "period": "Q2", "revenue": 97059531000, "costOfRevenue": 33698098000, "grossProfit": 63361433000, "grossProfitRatio": 0.6528100059, "researchAndDevelopmentExpenses": 2909210000, "generalAndAdministrativeExpenses": 1838550000, "sellingAndMarketingExpenses": 26049137000, "sellingGeneralAndAdministrativeExpenses": 27887687000, "otherExpenses": 0, "operatingExpenses": 30796897000, "costAndExpenses": 64494995000, "interestIncome": 4855592000, "interestExpense": 0, "depreciationAndAmortization": 196559000, "ebitda": 32761095000, "ebitdaratio": 0.3375360942, "operatingIncome": 32564536000, "operatingIncomeRatio": 0.3355109556, "totalOtherIncomeExpensesNet": 5359432000, "incomeBeforeTax": 37923968000, "incomeBeforeTaxRatio": 0.3907289435, "incomeTaxExpense": 5914613000, "netIncome": 32009355000, "netIncomeRatio": 0.3297909507, "eps": 23.12, "epsdiluted": 21.6, "weightedAverageShsOut": 1383449000, "weightedAverageShsOutDil": 1481414750, "link": "https://www.sec.gov/Archives/edgar/data/1737806/000110465924092851/0001104659-24-092851-index.htm", "finalLink": "https://www.sec.gov/Archives/edgar/data/1737806/000110465924092851/tm2422641d1_ex99-1.htm"}, {"date": "2024-03-31", "symbol": "PDD", "reportedCurrency": "CNY", "cik": "0001737806", "fillingDate": "2024-05-22", "acceptedDate": "2024-05-22 17:00:30", "calendarYear": "2024", "period": "Q1", "revenue": 86812059000, "costOfRevenue": 32694686000, "grossProfit": 54117373000, "grossProfitRatio": 0.6233854331, "researchAndDevelopmentExpenses": 2909620000, "generalAndAdministrativeExpenses": 1823445000, "sellingAndMarketingExpenses": 23410655000, "sellingGeneralAndAdministrativeExpenses": 25234100000, "otherExpenses": 0, "operatingExpenses": 28143720000, "costAndExpenses": 60838406000, "interestIncome": 5048589000, "interestExpense": 0, "depreciationAndAmortization": 196559000, "ebitda": 26170212000, "ebitdaratio": 0.3014582571, "operatingIncome": 25973653000, "operatingIncomeRatio": 0.299194067, "totalOtherIncomeExpensesNet": 7091925000, "incomeBeforeTax": 33065578000, "incomeBeforeTaxRatio": 0.3808869226, "incomeTaxExpense": 5067752000, "netIncome": 27997826000, "netIncomeRatio": 0.3225107931, "eps": 20.32, "epsdiluted": 18.96, "weightedAverageShsOut": 1377420500, "weightedAverageShsOutDil": 1476755250, "link": "https://www.sec.gov/Archives/edgar/data/1737806/000110465924064321/0001104659-24-064321-index.htm", "finalLink": "https://www.sec.gov/Archives/edgar/data/1737806/000110465924064321/tm2415048d1_ex99-1.htm"}, {"date": "2023-12-31", "symbol": "PDD", "reportedCurrency": "CNY", "cik": "0001737806", "fillingDate": "2024-04-25", "acceptedDate": "2024-04-25 07:30:47", "calendarYear": "2023", "period": "Q4", "revenue": 88881036000, "costOfRevenue": 35078272000, "grossProfit": 53802764000, "grossProfitRatio": 0.6053345733, "researchAndDevelopmentExpenses": 2864430000, "generalAndAdministrativeExpenses": 1904842000, "sellingAndMarketingExpenses": 26638524000, "sellingGeneralAndAdministrativeExpenses": 28543366000, "otherExpenses": 0, "operatingExpenses": 31407796000, "costAndExpenses": 66486068000, "interestIncome": 4359384000, "interestExpense": 8155000, "depreciationAndAmortization": 196559000, "ebitda": 22591527000, "ebitdaratio": 0.254177134, "operatingIncome": 22394968000, "operatingIncomeRatio": 0.2519656499, "totalOtherIncomeExpensesNet": 4465548000, "incomeBeforeTax": 26860516000, "incomeBeforeTaxRatio": 0.3022075035, "incomeTaxExpense": 3580207000, "netIncome": 23280309000, "netIncomeRatio": 0.2619266162, "eps": 17, "epsdiluted": 15.84, "weightedAverageShsOut": 1369527750, "weightedAverageShsOutDil": 1470745000, "link": "https://www.sec.gov/Archives/edgar/data/1737806/000110465924051610/0001104659-24-051610-index.htm", "finalLink": "https://www.sec.gov/Archives/edgar/data/1737806/000110465924051610/pdd-20231231x20f.htm"}, {"date": "2023-09-30", "symbol": "PDD", "reportedCurrency": "CNY", "cik": "0001737806", "fillingDate": "2023-09-30", "acceptedDate": "2023-09-29 20:00:00", "calendarYear": "2023", "period": "Q3", "revenue": 68840371000, "costOfRevenue": 26830233000, "grossProfit": 42010138000, "grossProfitRatio": 0.6102543811, "researchAndDevelopmentExpenses": 2847323000, "generalAndAdministrativeExpenses": 758345000, "sellingAndMarketingExpenses": 21748449000, "sellingGeneralAndAdministrativeExpenses": 22506794000, "otherExpenses": 0, "operatingExpenses": 25354117000, "costAndExpenses": 52184350000, "interestIncome": 2127356000, "interestExpense": 12208000, "depreciationAndAmortization": 556042000, "ebitda": 17212063000, "ebitdaratio": 0.2500286206, "operatingIncome": 16656021000, "operatingIncomeRatio": 0.2419513544, "totalOtherIncomeExpensesNet": 2394581000, "incomeBeforeTax": 19050602000, "incomeBeforeTaxRatio": 0.2767358996, "incomeTaxExpense": 3513480000, "netIncome": 15537122000, "netIncomeRatio": 0.2256978249, "eps": 11.36, "epsdiluted": 10.6, "weightedAverageShsOut": 1365635500, "weightedAverageShsOutDil": 1466275500, "link": null, "finalLink": null}, {"date": "2023-06-30", "symbol": "PDD", "reportedCurrency": "CNY", "cik": "0001737806", "fillingDate": "2023-06-30", "acceptedDate": "2023-06-30 00:00:00", "calendarYear": "2023", "period": "Q2", "revenue": 52280748000, "costOfRevenue": 18689787000, "grossProfit": 33590961000, "grossProfitRatio": 0.6425111018, "researchAndDevelopmentExpenses": 2733964000, "generalAndAdministrativeExpenses": 596033000, "sellingAndMarketingExpenses": 17542209000, "sellingGeneralAndAdministrativeExpenses": 18138242000, "otherExpenses": 0, "operatingExpenses": 20872206000, "costAndExpenses": 39561993000, "interestIncome": 2287741000, "interestExpense": 11937000, "depreciationAndAmortization": 556042000, "ebitda": 13274797000, "ebitdaratio": 0.2539136777, "operatingIncome": 12718755000, "operatingIncomeRatio": 0.2432779845, "totalOtherIncomeExpensesNet": 3547773000, "incomeBeforeTax": 16266528000, "incomeBeforeTaxRatio": 0.311138012, "incomeTaxExpense": 3158442000, "netIncome": 13108086000, "netIncomeRatio": 0.2507249131, "eps": 9.64, "epsdiluted": 9, "weightedAverageShsOut": 1359598500, "weightedAverageShsOutDil": 1458337000, "link": null, "finalLink": null}, {"date": "2023-03-31", "symbol": "PDD", "reportedCurrency": "CNY", "cik": "0001737806", "fillingDate": "2023-05-30", "acceptedDate": "2023-05-30 06:02:25", "calendarYear": "2023", "period": "Q1", "revenue": 37637050000, "costOfRevenue": 11125285000, "grossProfit": 26511765000, "grossProfitRatio": 0.7044060308, "researchAndDevelopmentExpenses": 2506657000, "generalAndAdministrativeExpenses": 816402000, "sellingAndMarketingExpenses": 16259688000, "sellingGeneralAndAdministrativeExpenses": 17076090000, "otherExpenses": 0, "operatingExpenses": 19582747000, "costAndExpenses": 30708032000, "interestIncome": 1463599000, "interestExpense": 11687000, "depreciationAndAmortization": 556042000, "ebitda": 7485060000, "ebitdaratio": 0.198874779, "operatingIncome": 6929018000, "operatingIncomeRatio": 0.1841009856, "totalOtherIncomeExpensesNet": 2769784000, "incomeBeforeTax": 9698802000, "incomeBeforeTaxRatio": 0.2576929382, "incomeTaxExpense": 1597775000, "netIncome": 8101027000, "netIncomeRatio": 0.2152407535, "eps": 6.12, "epsdiluted": 5.56, "weightedAverageShsOut": 1320680000, "weightedAverageShsOutDil": 1462594500, "link": "https://www.sec.gov/Archives/edgar/data/1737806/000110465923065610/0001104659-23-065610-index.htm", "finalLink": "https://www.sec.gov/Archives/edgar/data/1737806/000110465923065610/tm2317221d1_ex99-1.htm"}, {"date": "2022-12-31", "symbol": "PDD", "reportedCurrency": "CNY", "cik": "0001737806", "fillingDate": "2023-04-26", "acceptedDate": "2023-04-26 07:33:40", "calendarYear": "2022", "period": "Q4", "revenue": 39820028000, "costOfRevenue": 8926705000, "grossProfit": 30893323000, "grossProfitRatio": 0.7758237387, "researchAndDevelopmentExpenses": 2406677000, "generalAndAdministrativeExpenses": 1640527000, "sellingAndMarketingExpenses": 17732384000, "sellingGeneralAndAdministrativeExpenses": 19372911000, "otherExpenses": 0, "operatingExpenses": 21779588000, "costAndExpenses": 30706293000, "interestIncome": 1351698000, "interestExpense": 12221000, "depreciationAndAmortization": 556042000, "ebitda": 9669777000, "ebitdaratio": 0.2428370216, "operatingIncome": 9113735000, "operatingIncomeRatio": 0.2288731439, "totalOtherIncomeExpensesNet": 1405575000, "incomeBeforeTax": 10519310000, "incomeBeforeTaxRatio": 0.2641713361, "incomeTaxExpense": 1065613000, "netIncome": 9453697000, "netIncomeRatio": 0.2374106065, "eps": 7.44, "epsdiluted": 6.52, "weightedAverageShsOut": 1272648250, "weightedAverageShsOutDil": 1452303000, "link": "https://www.sec.gov/Archives/edgar/data/1737806/000110465923049927/0001104659-23-049927-index.htm", "finalLink": "https://www.sec.gov/Archives/edgar/data/1737806/000110465923049927/pdd-20221231x20f.htm"}, {"date": "2022-09-30", "symbol": "PDD", "reportedCurrency": "CNY", "cik": "0001737806", "fillingDate": "2022-11-28", "acceptedDate": "2022-11-28 17:00:52", "calendarYear": "2022", "period": "Q3", "revenue": 35504304000, "costOfRevenue": 7414132000, "grossProfit": 28090172000, "grossProfitRatio": 0.7911765289, "researchAndDevelopmentExpenses": 2698166000, "generalAndAdministrativeExpenses": 906573000, "sellingAndMarketingExpenses": 14048820000, "sellingGeneralAndAdministrativeExpenses": 14955393000, "otherExpenses": 0, "operatingExpenses": 17653559000, "costAndExpenses": 25067691000, "interestIncome": 1092150000, "interestExpense": 13646000, "depreciationAndAmortization": 373845000, "ebitda": 10810458000, "ebitdaratio": 0.3044830283, "operatingIncome": 10436613000, "operatingIncomeRatio": 0.2939534598, "totalOtherIncomeExpensesNet": 1689138000, "incomeBeforeTax": 12125751000, "incomeBeforeTaxRatio": 0.3415290439, "incomeTaxExpense": 1537177000, "netIncome": 10588574000, "netIncomeRatio": 0.2982335325, "eps": 8.4, "epsdiluted": 7.32, "weightedAverageShsOut": 1262814000, "weightedAverageShsOutDil": 1444041250, "link": "https://www.sec.gov/Archives/edgar/data/1737806/000110465922122478/0001104659-22-122478-index.htm", "finalLink": "https://www.sec.gov/Archives/edgar/data/1737806/000110465922122478/tm2231418d1_ex99-1.htm"}, {"date": "2022-06-30", "symbol": "PDD", "reportedCurrency": "CNY", "cik": "0001737806", "fillingDate": "2022-08-30", "acceptedDate": "2022-08-30 06:14:59", "calendarYear": "2022", "period": "Q2", "revenue": 31439568000, "costOfRevenue": 7961866000, "grossProfit": 23477702000, "grossProfitRatio": 0.7467565076, "researchAndDevelopmentExpenses": 2611366000, "generalAndAdministrativeExpenses": 825722000, "sellingAndMarketingExpenses": 11343447000, "sellingGeneralAndAdministrativeExpenses": 12169169000, "otherExpenses": 0, "operatingExpenses": 14780535000, "costAndExpenses": 22742401000, "interestIncome": 756991000, "interestExpense": 13148000, "depreciationAndAmortization": 373845000, "ebitda": 9071012000, "ebitdaratio": 0.2885221578, "operatingIncome": 8697167000, "operatingIncomeRatio": 0.2766312501, "totalOtherIncomeExpensesNet": 1757236000, "incomeBeforeTax": 10454403000, "incomeBeforeTaxRatio": 0.3325237484, "incomeTaxExpense": 1558063000, "netIncome": 8896340000, "netIncomeRatio": 0.2829663563, "eps": 6.24, "epsdiluted": 6.24, "weightedAverageShsOut": 1425695500, "weightedAverageShsOutDil": 1429236750, "link": "https://www.sec.gov/Archives/edgar/data/1737806/000110465922095811/0001104659-22-095811-index.htm", "finalLink": "https://www.sec.gov/Archives/edgar/data/1737806/000110465922095811/tm2224715d1_ex99-1.htm"}, {"date": "2022-03-31", "symbol": "PDD", "reportedCurrency": "CNY", "cik": "0001737806", "fillingDate": "2022-05-31", "acceptedDate": "2022-05-31 06:01:17", "calendarYear": "2022", "period": "Q1", "revenue": 23793689000, "costOfRevenue": 7159595000, "grossProfit": 16634094000, "grossProfitRatio": 0.6990968908, "researchAndDevelopmentExpenses": 2668507000, "generalAndAdministrativeExpenses": 592113000, "sellingAndMarketingExpenses": 11219068000, "sellingGeneralAndAdministrativeExpenses": 11811181000, "otherExpenses": 0, "operatingExpenses": 14479688000, "costAndExpenses": 21639283000, "interestIncome": 796261000, "interestExpense": 12640000, "depreciationAndAmortization": 373845000, "ebitda": 2528251000, "ebitdaratio": 0.1062572096, "operatingIncome": 2154406000, "operatingIncomeRatio": 0.0905452702, "totalOtherIncomeExpensesNet": 1009859000, "incomeBeforeTax": 3164265000, "incomeBeforeTaxRatio": 0.132987575, "incomeTaxExpense": 564814000, "netIncome": 2599451000, "netIncomeRatio": 0.1092495998, "eps": 1.84, "epsdiluted": 1.84, "weightedAverageShsOut": 1412745000, "weightedAverageShsOutDil": 1422023500, "link": "https://www.sec.gov/Archives/edgar/data/1737806/000110465922066095/0001104659-22-066095-index.htm", "finalLink": "https://www.sec.gov/Archives/edgar/data/1737806/000110465922066095/tm2217231d1_ex99-1.htm"}, {"date": "2021-12-31", "symbol": "PDD", "reportedCurrency": "CNY", "cik": "0001737806", "fillingDate": "2022-04-25", "acceptedDate": "2022-04-25 08:13:41", "calendarYear": "2021", "period": "Q4", "revenue": 27230862000, "costOfRevenue": 6515509000, "grossProfit": 20715353000, "grossProfitRatio": 0.7607307106, "researchAndDevelopmentExpenses": 2022595000, "generalAndAdministrativeExpenses": 419962000, "sellingAndMarketingExpenses": 11365829000, "sellingGeneralAndAdministrativeExpenses": 11785791000, "otherExpenses": 0, "operatingExpenses": 13808386000, "costAndExpenses": 20323895000, "interestIncome": 914643000, "interestExpense": 303116000, "depreciationAndAmortization": 373845000, "ebitda": 7280812000, "ebitdaratio": 0.2673735411, "operatingIncome": 6906967000, "operatingIncomeRatio": 0.2536448167, "totalOtherIncomeExpensesNet": 791398000, "incomeBeforeTax": 7698365000, "incomeBeforeTaxRatio": 0.2827073561, "incomeTaxExpense": 1078819000, "netIncome": 6619546000, "netIncomeRatio": 0.2430898442, "eps": 5.28, "epsdiluted": 4.64, "weightedAverageShsOut": 1257885750, "weightedAverageShsOutDil": 1421144250, "link": "https://www.sec.gov/Archives/edgar/data/1737806/000110465922049283/0001104659-22-049283-index.htm", "finalLink": "https://www.sec.gov/Archives/edgar/data/1737806/000110465922049283/pdd-20211231x20f.htm"}, {"date": "2021-09-30", "symbol": "PDD", "reportedCurrency": "CNY", "cik": "0001737806", "fillingDate": "2021-12-03", "acceptedDate": "2021-12-03 07:08:45", "calendarYear": "2021", "period": "Q3", "revenue": 21505758000, "costOfRevenue": 6558648000, "grossProfit": 14947110000, "grossProfitRatio": 0.6950282803, "researchAndDevelopmentExpenses": 2422421000, "generalAndAdministrativeExpenses": 334806000, "sellingAndMarketingExpenses": 10050611000, "sellingGeneralAndAdministrativeExpenses": 10385417000, "otherExpenses": 0, "operatingExpenses": 12807838000, "costAndExpenses": 19366486000, "interestIncome": 631913000, "interestExpense": 298431000, "depreciationAndAmortization": 162881000, "ebitda": 2302153000, "ebitdaratio": 0.1070482147, "operatingIncome": 2139272000, "operatingIncomeRatio": 0.0994743826, "totalOtherIncomeExpensesNet": 355454000, "incomeBeforeTax": 2494726000, "incomeBeforeTaxRatio": 0.1160027003, "incomeTaxExpense": 854766000, "netIncome": 1639960000, "netIncomeRatio": 0.0762567867, "eps": 1.32, "epsdiluted": 1.16, "weightedAverageShsOut": 1255291000, "weightedAverageShsOutDil": 1425996500, "link": "https://www.sec.gov/Archives/edgar/data/1737806/000110465921146102/0001104659-21-146102-index.htm", "finalLink": "https://www.sec.gov/Archives/edgar/data/1737806/000110465921146102/tm2134544d1_ex99-1.htm"}, {"date": "2021-06-30", "symbol": "PDD", "reportedCurrency": "CNY", "cik": "0001737806", "fillingDate": "2021-06-30", "acceptedDate": "2021-06-29 20:00:00", "calendarYear": "2021", "period": "Q2", "revenue": 23046220000, "costOfRevenue": 7897886000, "grossProfit": 15148334000, "grossProfitRatio": 0.6573023255, "researchAndDevelopmentExpenses": 2328831000, "generalAndAdministrativeExpenses": 434151000, "sellingAndMarketingExpenses": 10387873000, "sellingGeneralAndAdministrativeExpenses": 10822024000, "otherExpenses": 0, "operatingExpenses": 13150855000, "costAndExpenses": 21048741000, "interestIncome": 544629000, "interestExpense": 293999000, "depreciationAndAmortization": 162881000, "ebitda": 2160360000, "ebitdaratio": 0.0937403184, "operatingIncome": 1997479000, "operatingIncomeRatio": 0.0866727385, "totalOtherIncomeExpensesNet": 417101000, "incomeBeforeTax": 2414580000, "incomeBeforeTaxRatio": 0.1047711946, "incomeTaxExpense": 0, "netIncome": 2414580000, "netIncomeRatio": 0.1047711946, "eps": 1.92, "epsdiluted": 1.68, "weightedAverageShsOut": 1253436750, "weightedAverageShsOutDil": 1429850500, "link": "", "finalLink": ""}, {"date": "2021-03-31", "symbol": "PDD", "reportedCurrency": "CNY", "cik": "0001737806", "fillingDate": "2021-03-31", "acceptedDate": "2021-03-30 20:00:00", "calendarYear": "2021", "period": "Q1", "revenue": 22167099000, "costOfRevenue": 10746050000, "grossProfit": 11421049000, "grossProfitRatio": 0.5152252444, "researchAndDevelopmentExpenses": 2218743000, "generalAndAdministrativeExpenses": 351855000, "sellingAndMarketingExpenses": 12997407000, "sellingGeneralAndAdministrativeExpenses": 13349262000, "otherExpenses": 0, "operatingExpenses": 15568005000, "costAndExpenses": 26314055000, "interestIncome": 970477000, "interestExpense": 335456000, "depreciationAndAmortization": 162881000, "ebitda": -3984075000, "ebitdaratio": -0.1797292014, "operatingIncome": -4146956000, "operatingIncomeRatio": -0.1870770731, "totalOtherIncomeExpensesNet": 1241540000, "incomeBeforeTax": -2905416000, "incomeBeforeTaxRatio": -0.1310688422, "incomeTaxExpense": 0, "netIncome": -2905416000, "netIncomeRatio": -0.1310688422, "eps": -2.32, "epsdiluted": -2.32, "weightedAverageShsOut": 1245882500, "weightedAverageShsOutDil": 1245882500, "link": "", "finalLink": ""}, {"date": "2020-12-31", "symbol": "PDD", "reportedCurrency": "CNY", "cik": "0001737806", "fillingDate": "2021-04-30", "acceptedDate": "2021-04-30 07:48:56", "calendarYear": "2020", "period": "Q4", "revenue": 26547709000, "costOfRevenue": 11526124000, "grossProfit": 15021585000, "grossProfitRatio": 0.5658335716, "researchAndDevelopmentExpenses": 1951261000, "generalAndAdministrativeExpenses": 405570000, "sellingAndMarketingExpenses": 14712526000, "sellingGeneralAndAdministrativeExpenses": 15118096000, "otherExpenses": 0, "operatingExpenses": 17069357000, "costAndExpenses": 28595481000, "interestIncome": 671395000, "interestExpense": 278146000, "depreciationAndAmortization": 162881000, "ebitda": -1884891000, "ebitdaratio": -0.0710001379, "operatingIncome": -2047772000, "operatingIncomeRatio": -0.0771355449, "totalOtherIncomeExpensesNet": 671416000, "incomeBeforeTax": -1376356000, "incomeBeforeTaxRatio": -0.0518446243, "incomeTaxExpense": 0, "netIncome": -1376356000, "netIncomeRatio": -0.0518446243, "eps": -1.16, "epsdiluted": -1.12, "weightedAverageShsOut": 1177880750, "weightedAverageShsOutDil": 1213649250, "link": "https://www.sec.gov/Archives/edgar/data/1737806/000110465921058237/0001104659-21-058237-index.htm", "finalLink": "https://www.sec.gov/Archives/edgar/data/1737806/000110465921058237/pdd-20201231x20f.htm"}, {"date": "2020-09-30", "symbol": "PDD", "reportedCurrency": "CNY", "cik": "0001737806", "fillingDate": "2020-11-16", "acceptedDate": "2020-11-16 16:02:53", "calendarYear": "2020", "period": "Q3", "revenue": 14209782000, "costOfRevenue": 3260155000, "grossProfit": 10949627000, "grossProfitRatio": 0.7705696681, "researchAndDevelopmentExpenses": 1804886000, "generalAndAdministrativeExpenses": 368611000, "sellingAndMarketingExpenses": 10071868000, "sellingGeneralAndAdministrativeExpenses": 10440479000, "otherExpenses": 0, "operatingExpenses": 12245365000, "costAndExpenses": 15505520000, "interestIncome": 485413000, "interestExpense": 165638000, "depreciationAndAmortization": 159457750, "ebitda": -1136280250, "ebitdaratio": -0.0799646504, "operatingIncome": -1295738000, "operatingIncomeRatio": -0.0911863391, "totalOtherIncomeExpensesNet": 511030000, "incomeBeforeTax": -784708000, "incomeBeforeTaxRatio": -0.0552230851, "incomeTaxExpense": 0, "netIncome": -784708000, "netIncomeRatio": -0.0552230851, "eps": -0.64, "epsdiluted": -0.64, "weightedAverageShsOut": 1196569000, "weightedAverageShsOutDil": 1196569000, "link": "https://www.sec.gov/Archives/edgar/data/1737806/000110465920125780/0001104659-20-125780-index.htm", "finalLink": "https://www.sec.gov/Archives/edgar/data/1737806/000110465920125780/pdd-20200930xex991.htm"}, {"date": "2020-06-30", "symbol": "PDD", "reportedCurrency": "CNY", "cik": "0001737806", "fillingDate": "2020-08-24", "acceptedDate": "2020-08-24 06:04:44", "calendarYear": "2020", "period": "Q2", "revenue": 12193315000, "costOfRevenue": 2662115000, "grossProfit": 9531200000, "grossProfitRatio": 0.7816742207, "researchAndDevelopmentExpenses": 1662356000, "generalAndAdministrativeExpenses": 394842000, "sellingAndMarketingExpenses": 9113584000, "sellingGeneralAndAdministrativeExpenses": 9508426000, "otherExpenses": 0, "operatingExpenses": 11170782000, "costAndExpenses": 13832897000, "interestIncome": 838276000, "interestExpense": 162918000, "depreciationAndAmortization": 159457750, "ebitda": -1480124250, "ebitdaratio": -0.1213881746, "operatingIncome": -1639582000, "operatingIncomeRatio": -0.1344656478, "totalOtherIncomeExpensesNet": 740233000, "incomeBeforeTax": -899349000, "incomeBeforeTaxRatio": -0.0737575467, "incomeTaxExpense": 0, "netIncome": -899349000, "netIncomeRatio": -0.0737575467, "eps": -0.76, "epsdiluted": -0.76, "weightedAverageShsOut": 1183353947, "weightedAverageShsOutDil": 1195310750, "link": "https://www.sec.gov/Archives/edgar/data/1737806/000110465920097734/0001104659-20-097734-index.htm", "finalLink": "https://www.sec.gov/Archives/edgar/data/1737806/000110465920097734/a20-29170_1ex99d1.htm"}, {"date": "2020-03-31", "symbol": "PDD", "reportedCurrency": "CNY", "cik": "0001737806", "fillingDate": "2020-04-20", "acceptedDate": "2020-04-20 06:49:00", "calendarYear": "2020", "period": "Q1", "revenue": 6541059000, "costOfRevenue": 1830247000, "grossProfit": 4710812000, "grossProfitRatio": 0.7201910272, "researchAndDevelopmentExpenses": 1473150000, "generalAndAdministrativeExpenses": 338274000, "sellingAndMarketingExpenses": 7296621000, "sellingGeneralAndAdministrativeExpenses": 7634895000, "otherExpenses": 0, "operatingExpenses": 9108045000, "costAndExpenses": 10938292000, "interestIncome": 460282000, "interestExpense": 150634000, "depreciationAndAmortization": 159458000, "ebitda": -4237775000, "ebitdaratio": -0.6478729209, "operatingIncome": -4397233000, "operatingIncomeRatio": -0.6722509306, "totalOtherIncomeExpensesNet": 277904000, "incomeBeforeTax": -4119329000, "incomeBeforeTaxRatio": -0.6297648439, "incomeTaxExpense": 0, "netIncome": -4119329000, "netIncomeRatio": -0.6297648439, "eps": -3.56, "epsdiluted": -3.56, "weightedAverageShsOut": 1157115000, "weightedAverageShsOutDil": 1162528000, "link": "https://www.sec.gov/Archives/edgar/data/1737806/000110465920048436/0001104659-20-048436-index.htm", "finalLink": "https://www.sec.gov/Archives/edgar/data/1737806/000110465920048436/a20-16347_16k.htm"}, {"date": "2019-12-31", "symbol": "PDD", "reportedCurrency": "CNY", "cik": "0001737806", "fillingDate": "2020-04-24", "acceptedDate": "2020-04-24 16:32:44", "calendarYear": "2019", "period": "Q4", "revenue": 10792726000, "costOfRevenue": 2037437000, "grossProfit": 8755289000, "grossProfitRatio": 0.81122128, "researchAndDevelopmentExpenses": 1272375000, "generalAndAdministrativeExpenses": 345682000, "sellingAndMarketingExpenses": 9272536000, "sellingGeneralAndAdministrativeExpenses": 9618218000, "otherExpenses": 0, "operatingExpenses": 10890593000, "costAndExpenses": 12928030000, "interestIncome": 472540000, "interestExpense": 139708000, "depreciationAndAmortization": 159458000, "ebitda": -1975846000, "ebitdaratio": -0.1830720061, "operatingIncome": -2135304000, "operatingIncomeRatio": -0.1978465867, "totalOtherIncomeExpensesNet": 383667000, "incomeBeforeTax": -1751637000, "incomeBeforeTaxRatio": -0.1622979218, "incomeTaxExpense": 0, "netIncome": -1751637000, "netIncomeRatio": -0.1622979218, "eps": -1.52, "epsdiluted": -1.52, "weightedAverageShsOut": 1152381500, "weightedAverageShsOutDil": 1162499000, "link": "https://www.sec.gov/Archives/edgar/data/1737806/000110465920051022/0001104659-20-051022-index.htm", "finalLink": "https://www.sec.gov/Archives/edgar/data/1737806/000110465920051022/pdd-20191231x20f.htm"}, {"date": "2019-09-30", "symbol": "PDD", "reportedCurrency": "CNY", "cik": "0001737806", "fillingDate": "2019-11-21", "acceptedDate": "2019-11-21 07:05:20", "calendarYear": "2019", "period": "Q3", "revenue": 7513948000, "costOfRevenue": 1833318000, "grossProfit": 5680630000, "grossProfitRatio": 0.7560113538, "researchAndDevelopmentExpenses": 1127238000, "generalAndAdministrativeExpenses": 436610000, "sellingAndMarketingExpenses": 6908755000, "sellingGeneralAndAdministrativeExpenses": 7345365000, "otherExpenses": 0, "operatingExpenses": 8472603000, "costAndExpenses": 10305921000, "interestIncome": 414615000, "interestExpense": 6150000, "depreciationAndAmortization": 124251000, "ebitda": -2667722000, "ebitdaratio": -0.3550359944, "operatingIncome": -2791973000, "operatingIncomeRatio": -0.3715720418, "totalOtherIncomeExpensesNet": 456965000, "incomeBeforeTax": -2335008000, "incomeBeforeTaxRatio": -0.3107564758, "incomeTaxExpense": 0, "netIncome": -2335008000, "netIncomeRatio": -0.3107564758, "eps": -2, "epsdiluted": -2, "weightedAverageShsOut": 1162357250, "weightedAverageShsOutDil": 1162357250, "link": "https://www.sec.gov/Archives/edgar/data/1737806/000110465919066034/0001104659-19-066034-index.htm", "finalLink": "https://www.sec.gov/Archives/edgar/data/1737806/000110465919066034/a19-23587_16k.htm"}, {"date": "2019-06-30", "symbol": "PDD", "reportedCurrency": "CNY", "cik": "0001737806", "fillingDate": "2019-07-30", "acceptedDate": "2019-07-30 06:10:32", "calendarYear": "2019", "period": "Q2", "revenue": 7290008000, "costOfRevenue": 1594709000, "grossProfit": 5695299000, "grossProfitRatio": 0.7812472908, "researchAndDevelopmentExpenses": 803664000, "generalAndAdministrativeExpenses": 278345000, "sellingAndMarketingExpenses": 6103703000, "sellingGeneralAndAdministrativeExpenses": 6382048000, "otherExpenses": 0, "operatingExpenses": 7185712000, "costAndExpenses": 8780421000, "interestIncome": 402568000, "interestExpense": 0, "depreciationAndAmortization": 155179000, "ebitda": -1335234000, "ebitdaratio": -0.1831594698, "operatingIncome": -1490413000, "operatingIncomeRatio": -0.2044460034, "totalOtherIncomeExpensesNet": 487163000, "incomeBeforeTax": -1003250000, "incomeBeforeTaxRatio": -0.1376198764, "incomeTaxExpense": 0, "netIncome": -1003250000, "netIncomeRatio": -0.1376198764, "eps": -0.88, "epsdiluted": -0.88, "weightedAverageShsOut": 1130392000, "weightedAverageShsOutDil": 1162357250, "link": "https://www.sec.gov/Archives/edgar/data/1737806/000110465919042455/0001104659-19-042455-index.htm", "finalLink": "https://www.sec.gov/Archives/edgar/data/1737806/000110465919042455/a19-16248_16k.htm"}, {"date": "2019-03-31", "symbol": "PDD", "reportedCurrency": "CNY", "cik": "0001737806", "fillingDate": "2019-04-24", "acceptedDate": "2019-04-24 07:59:06", "calendarYear": "2019", "period": "Q1", "revenue": 4545204000, "costOfRevenue": 873314000, "grossProfit": 3671890000, "grossProfitRatio": 0.8078603293, "researchAndDevelopmentExpenses": 667081000, "generalAndAdministrativeExpenses": 236075000, "sellingAndMarketingExpenses": 4889255000, "sellingGeneralAndAdministrativeExpenses": 5125330000, "otherExpenses": 0, "operatingExpenses": 5792411000, "costAndExpenses": 6665725000, "interestIncome": 252102000, "interestExpense": 0, "depreciationAndAmortization": 124251000, "ebitda": -1996270000, "ebitdaratio": -0.4392036089, "operatingIncome": -2120521000, "operatingIncomeRatio": -0.4665403357, "totalOtherIncomeExpensesNet": 242813000, "incomeBeforeTax": -1877708000, "incomeBeforeTaxRatio": -0.4131185311, "incomeTaxExpense": 0, "netIncome": -1877708000, "netIncomeRatio": -0.4131185311, "eps": -1.64, "epsdiluted": -1.64, "weightedAverageShsOut": 1139754250, "weightedAverageShsOutDil": 1139754250, "link": "https://www.sec.gov/Archives/edgar/data/1737806/000110465919023251/0001104659-19-023251-index.html", "finalLink": "https://www.sec.gov/Archives/edgar/data/1737806/000110465919023251/a19-5195_120f.htm"}, {"date": "2018-12-31", "symbol": "PDD", "reportedCurrency": "CNY", "cik": "0001737806", "fillingDate": "2019-04-24", "acceptedDate": "2019-04-24 07:59:06", "calendarYear": "2018", "period": "Q4", "revenue": 5653922000, "costOfRevenue": 1424035000, "grossProfit": 4229887000, "grossProfitRatio": 0.7481332427, "researchAndDevelopmentExpenses": 525213000, "generalAndAdministrativeExpenses": 321609000, "sellingAndMarketingExpenses": 6023974000, "sellingGeneralAndAdministrativeExpenses": 6345583000, "otherExpenses": 0, "operatingExpenses": 6870796000, "costAndExpenses": 8294831000, "interestIncome": 233357000, "interestExpense": 0, "depreciationAndAmortization": 157423000, "ebitda": 3470231000, "ebitdaratio": 0.61377412, "operatingIncome": -2640909000, "operatingIncomeRatio": -0.467093285, "totalOtherIncomeExpensesNet": 217016000, "incomeBeforeTax": -2423893000, "incomeBeforeTaxRatio": -0.4287100176, "incomeTaxExpense": 0, "netIncome": -2423893000, "netIncomeRatio": -0.4287100176, "eps": -2.2, "epsdiluted": -2.2, "weightedAverageShsOut": 1111087500, "weightedAverageShsOutDil": 1113922250, "link": "https://www.sec.gov/Archives/edgar/data/1737806/000110465919023251/0001104659-19-023251-index.htm", "finalLink": "https://www.sec.gov/Archives/edgar/data/1737806/000110465919023251/a19-5195_120f.htm"}, {"date": "2018-09-30", "symbol": "PDD", "reportedCurrency": "CNY", "cik": "0001737806", "fillingDate": "2018-11-20", "acceptedDate": "2018-11-20 12:38:24", "calendarYear": "2018", "period": "Q3", "revenue": 3372418000, "costOfRevenue": 774684000, "grossProfit": 2597734000, "grossProfitRatio": 0.770288262, "researchAndDevelopmentExpenses": 331997000, "generalAndAdministrativeExpenses": 305569000, "sellingAndMarketingExpenses": 3229647000, "sellingGeneralAndAdministrativeExpenses": 3535216000, "otherExpenses": 0, "operatingExpenses": 3867213000, "costAndExpenses": 4641897000, "interestIncome": 164819000, "interestExpense": 0, "depreciationAndAmortization": 113193000, "ebitda": -1156286000, "ebitdaratio": -0.3428655641, "operatingIncome": -1269479000, "operatingIncomeRatio": -0.3764299087, "totalOtherIncomeExpensesNet": 171156000, "incomeBeforeTax": -1098323000, "incomeBeforeTaxRatio": -0.3256781929, "incomeTaxExpense": 0, "netIncome": -1098323000, "netIncomeRatio": -0.3256781929, "eps": -1.2, "epsdiluted": -1.2, "weightedAverageShsOut": 915269166, "weightedAverageShsOutDil": 919512750, "link": "https://www.sec.gov/Archives/edgar/data/1737806/000110465918069337/0001104659-18-069337-index.htm", "finalLink": "https://www.sec.gov/Archives/edgar/data/1737806/000110465918069337/a18-40503_16k.htm"}, {"date": "2018-06-30", "symbol": "PDD", "reportedCurrency": "CNY", "cik": "0001737806", "fillingDate": "2018-06-30", "acceptedDate": "2018-06-29 20:00:00", "calendarYear": "2018", "period": "Q2", "revenue": 2709046000, "costOfRevenue": 387830000, "grossProfit": 2321216000, "grossProfitRatio": 0.856838902, "researchAndDevelopmentExpenses": 186029000, "generalAndAdministrativeExpenses": 5800673000, "sellingAndMarketingExpenses": 2970734000, "sellingGeneralAndAdministrativeExpenses": 8771407000, "otherExpenses": 0, "operatingExpenses": 8957436000, "costAndExpenses": 9345266000, "interestIncome": 136601000, "interestExpense": 0, "depreciationAndAmortization": 93031000, "ebitda": -6543189000, "ebitdaratio": -2.4153111464, "operatingIncome": -6636220000, "operatingIncomeRatio": -2.4496520177, "totalOtherIncomeExpensesNet": 142332000, "incomeBeforeTax": -6493888000, "incomeBeforeTaxRatio": -2.397112489, "incomeTaxExpense": 0, "netIncome": -6493888000, "netIncomeRatio": -2.397112489, "eps": -5.84, "epsdiluted": -5.84, "weightedAverageShsOut": 1107786250, "weightedAverageShsOutDil": 1107786250, "link": "", "finalLink": ""}, {"date": "2018-03-31", "symbol": "PDD", "reportedCurrency": "CNY", "cik": "0001737806", "fillingDate": "2018-03-31", "acceptedDate": "2018-03-30 20:00:00", "calendarYear": "2018", "period": "Q1", "revenue": 1384604000, "costOfRevenue": 318700000, "grossProfit": 1065904000, "grossProfitRatio": 0.7698258852, "researchAndDevelopmentExpenses": 72818000, "generalAndAdministrativeExpenses": 28761000, "sellingAndMarketingExpenses": 1217458000, "sellingGeneralAndAdministrativeExpenses": 1246219000, "otherExpenses": 0, "operatingExpenses": 1319037000, "costAndExpenses": 1637737000, "interestIncome": 50163000, "interestExpense": 0, "depreciationAndAmortization": 41212086, "ebitda": -157447321, "ebitdaratio": -0.113712889, "operatingIncome": -250159232, "operatingIncomeRatio": -0.180672042, "totalOtherIncomeExpensesNet": 52112000, "incomeBeforeTax": -201021000, "incomeBeforeTaxRatio": -0.1451830271, "incomeTaxExpense": 0, "netIncome": -198659432, "netIncomeRatio": -0.1434774361, "eps": -0.25, "epsdiluted": -0.25, "weightedAverageShsOut": 1107786345, "weightedAverageShsOutDil": 1107786345, "link": "", "finalLink": ""}, {"date": "2017-12-31", "symbol": "PDD", "reportedCurrency": "CNY", "cik": "0001737806", "fillingDate": "2017-12-31", "acceptedDate": "2017-12-30 19:00:00", "calendarYear": "2017", "period": "Q4", "revenue": 1179402000, "costOfRevenue": 374024000, "grossProfit": 805378000, "grossProfitRatio": 0.6828697933, "researchAndDevelopmentExpenses": 52488000, "generalAndAdministrativeExpenses": 11649000, "sellingAndMarketingExpenses": 753945000, "sellingGeneralAndAdministrativeExpenses": 765594000, "otherExpenses": 10000000, "operatingExpenses": 828082000, "costAndExpenses": 1202106000, "interestIncome": 38892000, "interestExpense": 0, "depreciationAndAmortization": 703000, "ebitda": -12001000, "ebitdaratio": -0.0101754957, "operatingIncome": -22704000, "operatingIncomeRatio": -0.0192504337, "totalOtherIncomeExpensesNet": 36295000, "incomeBeforeTax": 13591000, "incomeBeforeTaxRatio": 0.0115236366, "incomeTaxExpense": 0, "netIncome": 13591000, "netIncomeRatio": 0.0115236366, "eps": 0.0156, "epsdiluted": 0.0156, "weightedAverageShsOut": 860581500, "weightedAverageShsOutDil": 860581500, "link": "", "finalLink": ""}, {"date": "2017-09-30", "symbol": "PDD", "reportedCurrency": "CNY", "cik": "0001737806", "fillingDate": "2017-09-30", "acceptedDate": "2017-09-29 20:00:00", "calendarYear": "2017", "period": "Q3", "revenue": 423038000, "costOfRevenue": 186768000, "grossProfit": 236270000, "grossProfitRatio": 0.5585077463, "researchAndDevelopmentExpenses": 35780000, "generalAndAdministrativeExpenses": 6998000, "sellingAndMarketingExpenses": 427865000, "sellingGeneralAndAdministrativeExpenses": 434863000, "otherExpenses": 0, "operatingExpenses": 470643000, "costAndExpenses": 657411000, "interestIncome": 20650000, "interestExpense": 0, "depreciationAndAmortization": 520666, "ebitda": -233852334, "ebitdaratio": -0.5527927373, "operatingIncome": -234373000, "operatingIncomeRatio": -0.5540235156, "totalOtherIncomeExpensesNet": 12931000, "incomeBeforeTax": -221442000, "incomeBeforeTaxRatio": -0.5234565216, "incomeTaxExpense": 0, "netIncome": -221442000, "netIncomeRatio": -0.5234565216, "eps": -0.26, "epsdiluted": -0.26, "weightedAverageShsOut": 860581500, "weightedAverageShsOutDil": 860581500, "link": "", "finalLink": ""}, {"date": "2017-06-30", "symbol": "PDD", "reportedCurrency": "CNY", "cik": "0001737806", "fillingDate": "2017-06-30", "acceptedDate": "2017-06-29 20:00:00", "calendarYear": "2017", "period": "Q2", "revenue": 104617000, "costOfRevenue": 107605000, "grossProfit": -2988000, "grossProfitRatio": -0.0285613237, "researchAndDevelopmentExpenses": 24885000, "generalAndAdministrativeExpenses": 5963000, "sellingAndMarketingExpenses": 88902000, "sellingGeneralAndAdministrativeExpenses": 94865000, "otherExpenses": 0, "operatingExpenses": 119750000, "costAndExpenses": 227355000, "interestIncome": 13738000, "interestExpense": 0, "depreciationAndAmortization": 546000, "ebitda": -122192000, "ebitdaratio": -1.1679937295, "operatingIncome": -122738000, "operatingIncomeRatio": -1.1732127666, "totalOtherIncomeExpensesNet": 13197000, "incomeBeforeTax": -109541000, "incomeBeforeTaxRatio": -1.0470669203, "incomeTaxExpense": 0, "netIncome": -109541000, "netIncomeRatio": -1.0470669203, "eps": -0.13, "epsdiluted": -0.13, "weightedAverageShsOut": 860581500, "weightedAverageShsOutDil": 860581500, "link": "", "finalLink": ""}, {"date": "2017-03-31", "symbol": "PDD", "reportedCurrency": "CNY", "cik": "0001737806", "fillingDate": "2017-03-31", "acceptedDate": "2017-03-31 00:00:00", "calendarYear": "2017", "period": "Q1", "revenue": 37019000, "costOfRevenue": 54433000, "grossProfit": -17414000, "grossProfitRatio": -0.4704070883, "researchAndDevelopmentExpenses": 16028000, "generalAndAdministrativeExpenses": 108597000, "sellingAndMarketingExpenses": 73870000, "sellingGeneralAndAdministrativeExpenses": 182467000, "otherExpenses": 0, "operatingExpenses": 198495000, "costAndExpenses": 252928000, "interestIncome": 7503000, "interestExpense": 0, "depreciationAndAmortization": 546000, "ebitda": -215363000, "ebitdaratio": -5.8176341878, "operatingIncome": -215909000, "operatingIncomeRatio": -5.8323833707, "totalOtherIncomeExpensesNet": 8186000, "incomeBeforeTax": -207723000, "incomeBeforeTaxRatio": -5.6112536805, "incomeTaxExpense": 0, "netIncome": -207723000, "netIncomeRatio": -5.6112536805, "eps": -0.23, "epsdiluted": -0.23, "weightedAverageShsOut": 860581500, "weightedAverageShsOutDil": 860581500, "link": "", "finalLink": ""}]