[{"date": "2025-04-30", "symbol": "DOOO", "reportedCurrency": "CAD", "cik": "0001748797", "fillingDate": "2025-04-30", "acceptedDate": "2025-04-30 00:00:00", "calendarYear": "2025", "period": "Q1", "revenue": 1846900000, "costOfRevenue": 1452100000, "grossProfit": 394800000, "grossProfitRatio": 0.2137636039, "researchAndDevelopmentExpenses": 105000000, "generalAndAdministrativeExpenses": 77900000, "sellingAndMarketingExpenses": 107400000, "sellingGeneralAndAdministrativeExpenses": 185300000, "otherExpenses": 10600000, "operatingExpenses": 300900000, "costAndExpenses": 1753000000, "interestIncome": 1300000, "interestExpense": 44600000, "depreciationAndAmortization": 106500000, "ebitda": 326100000, "ebitdaratio": 0.1765661379, "operatingIncome": 93900000, "operatingIncomeRatio": 0.0508419514, "totalOtherIncomeExpensesNet": 81100000, "incomeBeforeTax": 175000000, "incomeBeforeTaxRatio": 0.0947533705, "incomeTaxExpense": 14000000, "netIncome": 150200000, "netIncomeRatio": 0.0813254643, "eps": 2.06, "epsdiluted": 2.04, "weightedAverageShsOut": 73031821, "weightedAverageShsOutDil": 73513777, "link": null, "finalLink": null}, {"date": "2025-01-31", "symbol": "DOOO", "reportedCurrency": "CAD", "cik": "0001748797", "fillingDate": "2025-03-26", "acceptedDate": "2025-03-26 07:11:00", "calendarYear": "2024", "period": "Q4", "revenue": 2097600000, "costOfRevenue": 1668200000, "grossProfit": 429400000, "grossProfitRatio": 0.2047101449, "researchAndDevelopmentExpenses": 108200000, "generalAndAdministrativeExpenses": 74700000, "sellingAndMarketingExpenses": 109200000, "sellingGeneralAndAdministrativeExpenses": 183900000, "otherExpenses": 25300000, "operatingExpenses": 317400000, "costAndExpenses": 1985600000, "interestIncome": 900000, "interestExpense": 46300000, "depreciationAndAmortization": 107500000, "ebitda": 116900000, "ebitdaratio": 0.0557303585, "operatingIncome": 112000000, "operatingIncomeRatio": 0.0533943555, "totalOtherIncomeExpensesNet": -148900000, "incomeBeforeTax": -36900000, "incomeBeforeTaxRatio": -0.0175915332, "incomeTaxExpense": 7600000, "netIncome": -219200000, "netIncomeRatio": -0.1045003814, "eps": -2.99, "epsdiluted": -2.97, "weightedAverageShsOut": 73346848, "weightedAverageShsOutDil": 73865152, "link": "https://www.sec.gov/Archives/edgar/data/1748797/000119312525063142/0001193125-25-063142-index.htm", "finalLink": "https://www.sec.gov/Archives/edgar/data/1748797/000119312525063142/d897078d40f.htm"}, {"date": "2024-10-31", "symbol": "DOOO", "reportedCurrency": "CAD", "cik": "0001748797", "fillingDate": "2024-10-31", "acceptedDate": "2024-10-31 00:00:00", "calendarYear": "2024", "period": "Q3", "revenue": 1955700000, "costOfRevenue": 1525700000, "grossProfit": 430000000, "grossProfitRatio": 0.2198701232, "researchAndDevelopmentExpenses": 95600000, "generalAndAdministrativeExpenses": 67100000, "sellingAndMarketingExpenses": 110100000, "sellingGeneralAndAdministrativeExpenses": 177200000, "otherExpenses": 22300000, "operatingExpenses": 295100000, "costAndExpenses": 1820800000, "interestIncome": -400000, "interestExpense": 49500000, "depreciationAndAmortization": 109400000, "ebitda": 218100000, "ebitdaratio": 0.1115201718, "operatingIncome": 134900000, "operatingIncomeRatio": 0.0689778596, "totalOtherIncomeExpensesNet": -75700000, "incomeBeforeTax": 59200000, "incomeBeforeTaxRatio": 0.0302704914, "incomeTaxExpense": 31900000, "netIncome": 7100000, "netIncomeRatio": 0.0036304137, "eps": 0.0963, "epsdiluted": 0.0961, "weightedAverageShsOut": 73708968, "weightedAverageShsOutDil": 73865152, "link": null, "finalLink": null}, {"date": "2024-07-31", "symbol": "DOOO", "reportedCurrency": "CAD", "cik": "0001748797", "fillingDate": "2024-07-31", "acceptedDate": "2024-07-29 20:00:00", "calendarYear": "2024", "period": "Q2", "revenue": 1841900000, "costOfRevenue": 1465400000, "grossProfit": 376500000, "grossProfitRatio": 0.2044084912, "researchAndDevelopmentExpenses": 84400000, "generalAndAdministrativeExpenses": 86900000, "sellingAndMarketingExpenses": 110700000, "sellingGeneralAndAdministrativeExpenses": 197600000, "otherExpenses": 20100000, "operatingExpenses": 302100000, "costAndExpenses": 1767500000, "interestIncome": 4000000, "interestExpense": 47800000, "depreciationAndAmortization": 107000000, "ebitda": 171400000, "ebitdaratio": 0.0930560834, "operatingIncome": 74400000, "operatingIncomeRatio": 0.0403930724, "totalOtherIncomeExpensesNet": -57800000, "incomeBeforeTax": 16600000, "incomeBeforeTaxRatio": 0.0090124328, "incomeTaxExpense": 9400000, "netIncome": 6600000, "netIncomeRatio": 0.0035832564, "eps": 0.0895, "epsdiluted": 0.0883, "weightedAverageShsOut": 73756062, "weightedAverageShsOutDil": 74722829, "link": null, "finalLink": null}, {"date": "2024-04-30", "symbol": "DOOO", "reportedCurrency": "CAD", "cik": "0001748797", "fillingDate": "2024-05-31", "acceptedDate": "2024-05-31 07:00:57", "calendarYear": "2024", "period": "Q1", "revenue": 2031700000, "costOfRevenue": 1551700000, "grossProfit": 480000000, "grossProfitRatio": 0.2362553527, "researchAndDevelopmentExpenses": 115300000, "generalAndAdministrativeExpenses": 99200000, "sellingAndMarketingExpenses": 124300000, "sellingGeneralAndAdministrativeExpenses": 223500000, "otherExpenses": 0, "operatingExpenses": 338800000, "costAndExpenses": 1890500000, "interestIncome": 1800000, "interestExpense": 46500000, "depreciationAndAmortization": 103700000, "ebitda": 244900000, "ebitdaratio": 0.1205394497, "operatingIncome": 141200000, "operatingIncomeRatio": 0.0694984496, "totalOtherIncomeExpensesNet": -134200000, "incomeBeforeTax": 7000000, "incomeBeforeTaxRatio": 0.0034453906, "incomeTaxExpense": 14400000, "netIncome": -7600000, "netIncomeRatio": -0.0037407098, "eps": -0.1, "epsdiluted": -0.1, "weightedAverageShsOut": 74897906, "weightedAverageShsOutDil": 74897906, "link": "https://www.sec.gov/Archives/edgar/data/1748797/000119312524150992/0001193125-24-150992-index.htm", "finalLink": "https://www.sec.gov/Archives/edgar/data/1748797/000119312524150992/d832609dex991.htm"}, {"date": "2024-01-31", "symbol": "DOOO", "reportedCurrency": "CAD", "cik": "0001748797", "fillingDate": "2024-03-28", "acceptedDate": "2024-03-28 07:16:35", "calendarYear": "2023", "period": "Q4", "revenue": 2691800000, "costOfRevenue": 2039000000, "grossProfit": 652800000, "grossProfitRatio": 0.2425143027, "researchAndDevelopmentExpenses": 122700000, "generalAndAdministrativeExpenses": 114900000, "sellingAndMarketingExpenses": 117600000, "sellingGeneralAndAdministrativeExpenses": 232500000, "otherExpenses": 0, "operatingExpenses": 355200000, "costAndExpenses": 2394200000, "interestIncome": 2900000, "interestExpense": 45600000, "depreciationAndAmortization": 103100000, "ebitda": 377300000, "ebitdaratio": 0.1401664314, "operatingIncome": 297600000, "operatingIncomeRatio": 0.1105579909, "totalOtherIncomeExpensesNet": -69000000, "incomeBeforeTax": 228600000, "incomeBeforeTaxRatio": 0.0849245858, "incomeTaxExpense": 40400000, "netIncome": 188500000, "netIncomeRatio": 0.0700274909, "eps": 2.5, "epsdiluted": 2.46, "weightedAverageShsOut": 75475831, "weightedAverageShsOutDil": 76667383, "link": "https://www.sec.gov/Archives/edgar/data/1748797/000119312524079609/0001193125-24-079609-index.htm", "finalLink": "https://www.sec.gov/Archives/edgar/data/1748797/000119312524079609/d643236d40f.htm"}, {"date": "2023-10-31", "symbol": "DOOO", "reportedCurrency": "CAD", "cik": "0001748797", "fillingDate": "2023-10-31", "acceptedDate": "2023-10-30 20:00:00", "calendarYear": "2023", "period": "Q3", "revenue": 2467800000, "costOfRevenue": 1840400000, "grossProfit": 627400000, "grossProfitRatio": 0.2542345409, "researchAndDevelopmentExpenses": 114400000, "generalAndAdministrativeExpenses": 72700000, "sellingAndMarketingExpenses": 117800000, "sellingGeneralAndAdministrativeExpenses": 190500000, "otherExpenses": 0, "operatingExpenses": 306500000, "costAndExpenses": 2146900000, "interestIncome": 6100000, "interestExpense": 46100000, "depreciationAndAmortization": 100500000, "ebitda": 405700000, "ebitdaratio": 0.164397439, "operatingIncome": 317800000, "operatingIncomeRatio": 0.1287786693, "totalOtherIncomeExpensesNet": -202700000, "incomeBeforeTax": 115100000, "incomeBeforeTaxRatio": 0.0466407326, "incomeTaxExpense": 52000000, "netIncome": 63000000, "netIncomeRatio": 0.0255288111, "eps": 0.82, "epsdiluted": 0.81, "weightedAverageShsOut": 76514017, "weightedAverageShsOutDil": 77817364, "link": null, "finalLink": null}, {"date": "2023-07-31", "symbol": "DOOO", "reportedCurrency": "CAD", "cik": "0001748797", "fillingDate": "2023-07-31", "acceptedDate": "2023-07-30 20:00:00", "calendarYear": "2023", "period": "Q2", "revenue": 2778000000, "costOfRevenue": 2080400000, "grossProfit": 697600000, "grossProfitRatio": 0.2511159107, "researchAndDevelopmentExpenses": 102700000, "generalAndAdministrativeExpenses": 93800000, "sellingAndMarketingExpenses": 117100000, "sellingGeneralAndAdministrativeExpenses": 210900000, "otherExpenses": 0, "operatingExpenses": 312600000, "costAndExpenses": 2393000000, "interestIncome": 6100000, "interestExpense": 45800000, "depreciationAndAmortization": 95700000, "ebitda": 485400000, "ebitdaratio": 0.1747300216, "operatingIncome": 378800000, "operatingIncomeRatio": 0.1363570914, "totalOtherIncomeExpensesNet": 35900000, "incomeBeforeTax": 414700000, "incomeBeforeTaxRatio": 0.1492800576, "incomeTaxExpense": 76000000, "netIncome": 337700000, "netIncomeRatio": 0.121562275, "eps": 4.34, "epsdiluted": 4.26, "weightedAverageShsOut": 77874472, "weightedAverageShsOutDil": 79255857, "link": null, "finalLink": null}, {"date": "2023-04-30", "symbol": "DOOO", "reportedCurrency": "CAD", "cik": "0001748797", "fillingDate": "2023-04-30", "acceptedDate": "2023-04-30 00:00:00", "calendarYear": "2023", "period": "Q1", "revenue": 2429400000, "costOfRevenue": 1805900000, "grossProfit": 623500000, "grossProfitRatio": 0.256647732, "researchAndDevelopmentExpenses": 101700000, "generalAndAdministrativeExpenses": 98800000, "sellingAndMarketingExpenses": 127500000, "sellingGeneralAndAdministrativeExpenses": 226300000, "otherExpenses": 1300000, "operatingExpenses": 328000000, "costAndExpenses": 2133900000, "interestIncome": 1500000, "interestExpense": 43600000, "depreciationAndAmortization": 92400000, "ebitda": 390000000, "ebitdaratio": 0.1605334651, "operatingIncome": 281900000, "operatingIncomeRatio": 0.1160368815, "totalOtherIncomeExpensesNet": -86200000, "incomeBeforeTax": 195700000, "incomeBeforeTaxRatio": 0.0805548695, "incomeTaxExpense": 41200000, "netIncome": 154200000, "netIncomeRatio": 0.0634724623, "eps": 1.96, "epsdiluted": 1.92, "weightedAverageShsOut": 78856822, "weightedAverageShsOutDil": 80411463, "link": null, "finalLink": null}, {"date": "2023-01-31", "symbol": "DOOO", "reportedCurrency": "CAD", "cik": "0001748797", "fillingDate": "2023-03-23", "acceptedDate": "2023-03-23 07:03:57", "calendarYear": "2022", "period": "Q4", "revenue": 3076300000, "costOfRevenue": 2288700000, "grossProfit": 787600000, "grossProfitRatio": 0.2560218444, "researchAndDevelopmentExpenses": 121000000, "generalAndAdministrativeExpenses": 121800000, "sellingAndMarketingExpenses": 117800000, "sellingGeneralAndAdministrativeExpenses": 239600000, "otherExpenses": 0, "operatingExpenses": 356500000, "costAndExpenses": 2645200000, "interestIncome": 1400000, "interestExpense": 39900000, "depreciationAndAmortization": 90000000, "ebitda": 587000000, "ebitdaratio": 0.1908136398, "operatingIncome": 436900000, "operatingIncomeRatio": 0.1420212593, "totalOtherIncomeExpensesNet": 27100000, "incomeBeforeTax": 457100000, "incomeBeforeTaxRatio": 0.148587589, "incomeTaxExpense": 92000000, "netIncome": 365300000, "netIncomeRatio": 0.1187465462, "eps": 4.64, "epsdiluted": 4.54, "weightedAverageShsOut": 78812364, "weightedAverageShsOutDil": 80402213, "link": "https://www.sec.gov/Archives/edgar/data/1748797/000119312523077261/0001193125-23-077261-index.htm", "finalLink": "https://www.sec.gov/Archives/edgar/data/1748797/000119312523077261/d419255d40f.htm"}, {"date": "2022-10-31", "symbol": "DOOO", "reportedCurrency": "CAD", "cik": "0001748797", "fillingDate": "2022-10-31", "acceptedDate": "2022-10-31 00:00:00", "calendarYear": "2022", "period": "Q3", "revenue": 2709300000, "costOfRevenue": 2054600000, "grossProfit": 654700000, "grossProfitRatio": 0.2416491345, "researchAndDevelopmentExpenses": 80600000, "generalAndAdministrativeExpenses": 74900000, "sellingAndMarketingExpenses": 113300000, "sellingGeneralAndAdministrativeExpenses": 188200000, "otherExpenses": 0, "operatingExpenses": 268600000, "costAndExpenses": 2323200000, "interestIncome": 300000, "interestExpense": 31900000, "depreciationAndAmortization": 76300000, "ebitda": 461500000, "ebitdaratio": 0.170339202, "operatingIncome": 384800000, "operatingIncomeRatio": 0.1420293065, "totalOtherIncomeExpensesNet": -165400000, "incomeBeforeTax": 219400000, "incomeBeforeTaxRatio": 0.080980327, "incomeTaxExpense": 77800000, "netIncome": 141200000, "netIncomeRatio": 0.0521167829, "eps": 1.79, "epsdiluted": 1.76, "weightedAverageShsOut": 78735106, "weightedAverageShsOutDil": 80253434, "link": null, "finalLink": null}, {"date": "2022-07-31", "symbol": "DOOO", "reportedCurrency": "CAD", "cik": "0001748797", "fillingDate": "2022-07-31", "acceptedDate": "2022-07-31 00:00:00", "calendarYear": "2022", "period": "Q2", "revenue": 2438500000, "costOfRevenue": 1835800000, "grossProfit": 602700000, "grossProfitRatio": 0.2471601394, "researchAndDevelopmentExpenses": 82100000, "generalAndAdministrativeExpenses": 74300000, "sellingAndMarketingExpenses": 98300000, "sellingGeneralAndAdministrativeExpenses": 172600000, "otherExpenses": 0, "operatingExpenses": 253600000, "costAndExpenses": 2089400000, "interestIncome": 1500000, "interestExpense": 26400000, "depreciationAndAmortization": 72800000, "ebitda": 418900000, "ebitdaratio": 0.171785934, "operatingIncome": 345800000, "operatingIncomeRatio": 0.1418084888, "totalOtherIncomeExpensesNet": -28300000, "incomeBeforeTax": 319700000, "incomeBeforeTaxRatio": 0.1311051876, "incomeTaxExpense": 82000000, "netIncome": 236500000, "netIncomeRatio": 0.096985852, "eps": 3, "epsdiluted": 2.94, "weightedAverageShsOut": 78959785, "weightedAverageShsOutDil": 80505043, "link": null, "finalLink": null}, {"date": "2022-04-30", "symbol": "DOOO", "reportedCurrency": "CAD", "cik": "0001748797", "fillingDate": "2022-04-30", "acceptedDate": "2022-04-29 20:00:00", "calendarYear": "2022", "period": "Q1", "revenue": 1809300000, "costOfRevenue": 1354900000, "grossProfit": 454400000, "grossProfitRatio": 0.2511468524, "researchAndDevelopmentExpenses": 84000000, "generalAndAdministrativeExpenses": 70100000, "sellingAndMarketingExpenses": 104400000, "sellingGeneralAndAdministrativeExpenses": 174500000, "otherExpenses": -1000000, "operatingExpenses": 258500000, "costAndExpenses": 1613400000, "interestIncome": 2800000, "interestExpense": 16000000, "depreciationAndAmortization": 71300000, "ebitda": 268500000, "ebitdaratio": 0.1483999337, "operatingIncome": 199600000, "operatingIncomeRatio": 0.1103189079, "totalOtherIncomeExpensesNet": -24000000, "incomeBeforeTax": 169700000, "incomeBeforeTaxRatio": 0.0937931797, "incomeTaxExpense": 48700000, "netIncome": 120900000, "netIncomeRatio": 0.0668214226, "eps": 1.49, "epsdiluted": 1.46, "weightedAverageShsOut": 81075819, "weightedAverageShsOutDil": 82701016, "link": null, "finalLink": null}, {"date": "2022-01-31", "symbol": "DOOO", "reportedCurrency": "CAD", "cik": "0001748797", "fillingDate": "2022-01-31", "acceptedDate": "2022-01-30 19:00:00", "calendarYear": "2021", "period": "Q4", "revenue": 2347500000, "costOfRevenue": 1738000000, "grossProfit": 609500000, "grossProfitRatio": 0.2596379127, "researchAndDevelopmentExpenses": 85100000, "generalAndAdministrativeExpenses": 83600000, "sellingAndMarketingExpenses": 100600000, "sellingGeneralAndAdministrativeExpenses": 184200000, "otherExpenses": 700000, "operatingExpenses": 270000000, "costAndExpenses": 2008000000, "interestIncome": 300000, "interestExpense": 14600000, "depreciationAndAmortization": 74500000, "ebitda": 377900000, "ebitdaratio": 0.1609797657, "operatingIncome": 346600000, "operatingIncomeRatio": 0.1476464324, "totalOtherIncomeExpensesNet": -50400000, "incomeBeforeTax": 288800000, "incomeBeforeTaxRatio": 0.1230244941, "incomeTaxExpense": 79200000, "netIncome": 209400000, "netIncomeRatio": 0.089201278, "eps": 2.55, "epsdiluted": 2.5, "weightedAverageShsOut": 81954421, "weightedAverageShsOutDil": 83663997, "link": null, "finalLink": null}, {"date": "2021-10-31", "symbol": "DOOO", "reportedCurrency": "CAD", "cik": "0001748797", "fillingDate": "2021-10-31", "acceptedDate": "2021-10-30 20:00:00", "calendarYear": "2021", "period": "Q3", "revenue": 1588000000, "costOfRevenue": 1177400000, "grossProfit": 410600000, "grossProfitRatio": 0.2585642317, "researchAndDevelopmentExpenses": 70600000, "generalAndAdministrativeExpenses": 65200000, "sellingAndMarketingExpenses": 97800000, "sellingGeneralAndAdministrativeExpenses": 163000000, "otherExpenses": -3500000, "operatingExpenses": 230100000, "costAndExpenses": 1407500000, "interestIncome": 700000, "interestExpense": 15500000, "depreciationAndAmortization": 67400000, "ebitda": 247600000, "ebitdaratio": 0.1559193955, "operatingIncome": 185500000, "operatingIncomeRatio": 0.116813602, "totalOtherIncomeExpensesNet": 800000, "incomeBeforeTax": 179600000, "incomeBeforeTaxRatio": 0.1130982368, "incomeTaxExpense": 51900000, "netIncome": 127600000, "netIncomeRatio": 0.0803526448, "eps": 1.57, "epsdiluted": 1.53, "weightedAverageShsOut": 81168487, "weightedAverageShsOutDil": 83525890, "link": null, "finalLink": null}, {"date": "2021-07-31", "symbol": "DOOO", "reportedCurrency": "CAD", "cik": "0001748797", "fillingDate": "2021-07-31", "acceptedDate": "2021-07-30 20:00:00", "calendarYear": "2021", "period": "Q2", "revenue": 1903800000, "costOfRevenue": 1333700000, "grossProfit": 570100000, "grossProfitRatio": 0.2994537241, "researchAndDevelopmentExpenses": 68300000, "generalAndAdministrativeExpenses": 57400000, "sellingAndMarketingExpenses": 95300000, "sellingGeneralAndAdministrativeExpenses": 152700000, "otherExpenses": 0, "operatingExpenses": 221000000, "costAndExpenses": 1554700000, "interestIncome": 1600000, "interestExpense": 15100000, "depreciationAndAmortization": 65900000, "ebitda": 413500000, "ebitdaratio": 0.2171971846, "operatingIncome": 338400000, "operatingIncomeRatio": 0.1777497636, "totalOtherIncomeExpensesNet": -47200000, "incomeBeforeTax": 298200000, "incomeBeforeTaxRatio": 0.1566341002, "incomeTaxExpense": 85300000, "netIncome": 212600000, "netIncomeRatio": 0.1116713941, "eps": 2.54, "epsdiluted": 2.46, "weightedAverageShsOut": 83857134, "weightedAverageShsOutDil": 86329617, "link": null, "finalLink": null}, {"date": "2021-04-30", "symbol": "DOOO", "reportedCurrency": "CAD", "cik": "0001748797", "fillingDate": "2021-06-03", "acceptedDate": "2021-06-03 07:00:30", "calendarYear": "2021", "period": "Q1", "revenue": 1808600000, "costOfRevenue": 1266600000, "grossProfit": 542000000, "grossProfitRatio": 0.29967931, "researchAndDevelopmentExpenses": 65800000, "generalAndAdministrativeExpenses": 64800000, "sellingAndMarketingExpenses": 100200000, "sellingGeneralAndAdministrativeExpenses": 165000000, "otherExpenses": -300000, "operatingExpenses": 230800000, "costAndExpenses": 1497400000, "interestIncome": 1200000, "interestExpense": 16600000, "depreciationAndAmortization": 65800000, "ebitda": 392500000, "ebitdaratio": 0.2170186885, "operatingIncome": 316500000, "operatingIncomeRatio": 0.1749972354, "totalOtherIncomeExpensesNet": 400000, "incomeBeforeTax": 310100000, "incomeBeforeTaxRatio": 0.1714585868, "incomeTaxExpense": 65700000, "netIncome": 244200000, "netIncomeRatio": 0.1350215636, "eps": 2.87, "epsdiluted": 2.79, "weightedAverageShsOut": 84967050, "weightedAverageShsOutDil": 87606457, "link": "https://www.sec.gov/Archives/edgar/data/1748797/000119312521180593/0001193125-21-180593-index.htm", "finalLink": "https://www.sec.gov/Archives/edgar/data/1748797/000119312521180593/d179594d6k.htm"}, {"date": "2021-01-31", "symbol": "DOOO", "reportedCurrency": "CAD", "cik": "0001748797", "fillingDate": "2021-01-31", "acceptedDate": "2021-01-30 19:00:00", "calendarYear": "2020", "period": "Q4", "revenue": 1815100000, "costOfRevenue": 1313200000, "grossProfit": 501900000, "grossProfitRatio": 0.2765136907, "researchAndDevelopmentExpenses": 78900000, "generalAndAdministrativeExpenses": 71200000, "sellingAndMarketingExpenses": 102200000, "sellingGeneralAndAdministrativeExpenses": 173400000, "otherExpenses": 0, "operatingExpenses": 252300000, "costAndExpenses": 1565500000, "interestIncome": 2700000, "interestExpense": 26600000, "depreciationAndAmortization": 68000000, "ebitda": 419500000, "ebitdaratio": 0.2311167429, "operatingIncome": 249100000, "operatingIncomeRatio": 0.1372376178, "totalOtherIncomeExpensesNet": 5100000, "incomeBeforeTax": 324900000, "incomeBeforeTaxRatio": 0.1789984023, "incomeTaxExpense": 60700000, "netIncome": 264300000, "netIncomeRatio": 0.145611812, "eps": 3.01, "epsdiluted": 3.01, "weightedAverageShsOut": 87440266, "weightedAverageShsOutDil": 87690498, "link": "", "finalLink": ""}, {"date": "2020-10-31", "symbol": "DOOO", "reportedCurrency": "CAD", "cik": "0001748797", "fillingDate": "2020-11-25", "acceptedDate": "2020-11-25 07:00:53", "calendarYear": "2020", "period": "Q3", "revenue": 1674700000, "costOfRevenue": 1187800000, "grossProfit": 486900000, "grossProfitRatio": 0.2907386398, "researchAndDevelopmentExpenses": 66000000, "generalAndAdministrativeExpenses": 60600000, "sellingAndMarketingExpenses": 84600000, "sellingGeneralAndAdministrativeExpenses": 145200000, "otherExpenses": 0, "operatingExpenses": 211200000, "costAndExpenses": 1399000000, "interestIncome": 2000000, "interestExpense": 27200000, "depreciationAndAmortization": 64600000, "ebitda": 359500000, "ebitdaratio": 0.2146653132, "operatingIncome": 284300000, "operatingIncomeRatio": 0.1697617484, "totalOtherIncomeExpensesNet": -6600000, "incomeBeforeTax": 267700000, "incomeBeforeTaxRatio": 0.1598495253, "incomeTaxExpense": 69000000, "netIncome": 198800000, "netIncomeRatio": 0.1187078283, "eps": 2.27, "epsdiluted": 2.22, "weightedAverageShsOut": 87690498, "weightedAverageShsOutDil": 89607635, "link": "https://www.sec.gov/Archives/edgar/data/1748797/000119312520303029/0001193125-20-303029-index.htm", "finalLink": "https://www.sec.gov/Archives/edgar/data/1748797/000119312520303029/d31611d6k.htm"}, {"date": "2020-07-31", "symbol": "DOOO", "reportedCurrency": "CAD", "cik": "0001748797", "fillingDate": "2020-08-27", "acceptedDate": "2020-08-27 07:00:53", "calendarYear": "2020", "period": "Q2", "revenue": 1233300000, "costOfRevenue": 984900000, "grossProfit": 248400000, "grossProfitRatio": 0.2014108489, "researchAndDevelopmentExpenses": 46900000, "generalAndAdministrativeExpenses": 53700000, "sellingAndMarketingExpenses": 64000000, "sellingGeneralAndAdministrativeExpenses": 117700000, "otherExpenses": 600000, "operatingExpenses": 164600000, "costAndExpenses": 1149500000, "interestIncome": 1100000, "interestExpense": 27800000, "depreciationAndAmortization": 64300000, "ebitda": 218300000, "ebitdaratio": 0.1770047839, "operatingIncome": 59500000, "operatingIncomeRatio": 0.0482445471, "totalOtherIncomeExpensesNet": 43100000, "incomeBeforeTax": 126200000, "incomeBeforeTaxRatio": 0.1023270899, "incomeTaxExpense": 100000, "netIncome": 126300000, "netIncomeRatio": 0.1024081732, "eps": 1.45, "epsdiluted": 1.43, "weightedAverageShsOut": 87349741, "weightedAverageShsOutDil": 88473719, "link": "https://www.sec.gov/Archives/edgar/data/1748797/000119312520231919/0001193125-20-231919-index.htm", "finalLink": "https://www.sec.gov/Archives/edgar/data/1748797/000119312520231919/d22809d6k.htm"}, {"date": "2020-04-30", "symbol": "DOOO", "reportedCurrency": "CAD", "cik": "0001748797", "fillingDate": "2020-05-28", "acceptedDate": "2020-05-28 07:33:05", "calendarYear": "2020", "period": "Q1", "revenue": 1229800000, "costOfRevenue": 994700000, "grossProfit": 235100000, "grossProfitRatio": 0.1911692958, "researchAndDevelopmentExpenses": 50500000, "generalAndAdministrativeExpenses": 45000000, "sellingAndMarketingExpenses": 81700000, "sellingGeneralAndAdministrativeExpenses": 126700000, "otherExpenses": 1100000, "operatingExpenses": 177200000, "costAndExpenses": 1171900000, "interestIncome": 14000000, "interestExpense": 21800000, "depreciationAndAmortization": 63900000, "ebitda": -148800000, "ebitdaratio": -0.1209952838, "operatingIncome": -127300000, "operatingIncomeRatio": -0.1035127663, "totalOtherIncomeExpensesNet": -292100000, "incomeBeforeTax": -234500000, "incomeBeforeTaxRatio": -0.1906814116, "incomeTaxExpense": -8400000, "netIncome": -226000000, "netIncomeRatio": -0.1837697187, "eps": -2.58, "epsdiluted": -2.58, "weightedAverageShsOut": 87596933, "weightedAverageShsOutDil": 87600161, "link": "https://www.sec.gov/Archives/edgar/data/1748797/000119312520153741/0001193125-20-153741-index.htm", "finalLink": "https://www.sec.gov/Archives/edgar/data/1748797/000119312520153741/d898337d6k.htm"}, {"date": "2020-01-31", "symbol": "DOOO", "reportedCurrency": "CAD", "cik": "0001748797", "fillingDate": "2020-02-04", "acceptedDate": "2020-02-04 16:46:02", "calendarYear": "2019", "period": "Q4", "revenue": 1615900000, "costOfRevenue": 1232200000, "grossProfit": 383700000, "grossProfitRatio": 0.2374528127, "researchAndDevelopmentExpenses": 64700000, "generalAndAdministrativeExpenses": 68500000, "sellingAndMarketingExpenses": 88900000, "sellingGeneralAndAdministrativeExpenses": 157400000, "otherExpenses": 0, "operatingExpenses": 222100000, "costAndExpenses": 1454300000, "interestIncome": 300000, "interestExpense": 22000000, "depreciationAndAmortization": 63200000, "ebitda": 248500000, "ebitdaratio": 0.1537842688, "operatingIncome": 197400000, "operatingIncomeRatio": 0.1221610248, "totalOtherIncomeExpensesNet": 2400000, "incomeBeforeTax": 163300000, "incomeBeforeTaxRatio": 0.1010582338, "incomeTaxExpense": 45100000, "netIncome": 118400000, "netIncomeRatio": 0.0732718609, "eps": 1.34, "epsdiluted": 1.32, "weightedAverageShsOut": 88617489, "weightedAverageShsOutDil": 89888161, "link": "https://www.sec.gov/Archives/edgar/data/1748797/000119312520024283/0001193125-20-024283-index.htm", "finalLink": "https://www.sec.gov/Archives/edgar/data/1748797/000119312520024283/d880253d6k.htm"}, {"date": "2019-10-31", "symbol": "DOOO", "reportedCurrency": "CAD", "cik": "0001748797", "fillingDate": "2019-11-27", "acceptedDate": "2019-11-27 07:33:05", "calendarYear": "2019", "period": "Q3", "revenue": 1643600000, "costOfRevenue": 1201700000, "grossProfit": 441900000, "grossProfitRatio": 0.2688610367, "researchAndDevelopmentExpenses": 60300000, "generalAndAdministrativeExpenses": 70300000, "sellingAndMarketingExpenses": 104600000, "sellingGeneralAndAdministrativeExpenses": 174900000, "otherExpenses": 1400000, "operatingExpenses": 235200000, "costAndExpenses": 1436900000, "interestIncome": 300000, "interestExpense": 23500000, "depreciationAndAmortization": 59400000, "ebitda": 266700000, "ebitdaratio": 0.1622657581, "operatingIncome": 208000000, "operatingIncomeRatio": 0.1265514724, "totalOtherIncomeExpensesNet": -22400000, "incomeBeforeTax": 184200000, "incomeBeforeTaxRatio": 0.1120710635, "incomeTaxExpense": 48900000, "netIncome": 135600000, "netIncomeRatio": 0.0825018253, "eps": 1.51, "epsdiluted": 1.49, "weightedAverageShsOut": 89684315, "weightedAverageShsOutDil": 90829230, "link": "https://www.sec.gov/Archives/edgar/data/1748797/000119312519301727/0001193125-19-301727-index.htm", "finalLink": "https://www.sec.gov/Archives/edgar/data/1748797/000119312519301727/d834788d6k.htm"}, {"date": "2019-07-31", "symbol": "DOOO", "reportedCurrency": "CAD", "cik": "0001748797", "fillingDate": "2019-08-29", "acceptedDate": "2019-08-29 07:33:04", "calendarYear": "2019", "period": "Q2", "revenue": 1459500000, "costOfRevenue": 1131700000, "grossProfit": 327800000, "grossProfitRatio": 0.2245974649, "researchAndDevelopmentExpenses": 55900000, "generalAndAdministrativeExpenses": 65900000, "sellingAndMarketingExpenses": 91800000, "sellingGeneralAndAdministrativeExpenses": 157700000, "otherExpenses": -900000, "operatingExpenses": 213600000, "costAndExpenses": 1345300000, "interestIncome": 800000, "interestExpense": 20500000, "depreciationAndAmortization": 56700000, "ebitda": 191600000, "ebitdaratio": 0.1312778349, "operatingIncome": 109900000, "operatingIncomeRatio": 0.0752997602, "totalOtherIncomeExpensesNet": 4900000, "incomeBeforeTax": 114800000, "incomeBeforeTaxRatio": 0.0786570743, "incomeTaxExpense": 21500000, "netIncome": 93400000, "netIncomeRatio": 0.0639945187, "eps": 0.97, "epsdiluted": 0.96, "weightedAverageShsOut": 95889145, "weightedAverageShsOutDil": 96886605, "link": "https://www.sec.gov/Archives/edgar/data/1748797/000119312519233023/0001193125-19-233023-index.htm", "finalLink": "https://www.sec.gov/Archives/edgar/data/1748797/000119312519233023/d768382d6k.htm"}, {"date": "2019-04-30", "symbol": "DOOO", "reportedCurrency": "CAD", "cik": "0001748797", "fillingDate": "2019-05-30", "acceptedDate": "2019-05-30 07:33:06", "calendarYear": "2019", "period": "Q1", "revenue": 1333700000, "costOfRevenue": 1033100000, "grossProfit": 300600000, "grossProfitRatio": 0.2253880183, "researchAndDevelopmentExpenses": 57500000, "generalAndAdministrativeExpenses": 52200000, "sellingAndMarketingExpenses": 97200000, "sellingGeneralAndAdministrativeExpenses": 149400000, "otherExpenses": -400000, "operatingExpenses": 206900000, "costAndExpenses": 1240000000, "interestIncome": 800000, "interestExpense": 20400000, "depreciationAndAmortization": 54800000, "ebitda": 117900000, "ebitdaratio": 0.0884006898, "operatingIncome": 89000000, "operatingIncomeRatio": 0.0667316488, "totalOtherIncomeExpensesNet": -45600000, "incomeBeforeTax": 43400000, "incomeBeforeTaxRatio": 0.0325410512, "incomeTaxExpense": 19600000, "netIncome": 24000000, "netIncomeRatio": 0.0179950514, "eps": 0.25, "epsdiluted": 0.25, "weightedAverageShsOut": 96990837, "weightedAverageShsOutDil": 97771532, "link": "https://www.sec.gov/Archives/edgar/data/1748797/000119312519160255/0001193125-19-160255-index.htm", "finalLink": "https://www.sec.gov/Archives/edgar/data/1748797/000119312519160255/d753816d6k.htm"}, {"date": "2019-01-31", "symbol": "DOOO", "reportedCurrency": "CAD", "cik": "0001748797", "fillingDate": "2019-03-22", "acceptedDate": "2019-03-22 07:04:34", "calendarYear": "2018", "period": "Q4", "revenue": 1505900000, "costOfRevenue": 1171000000, "grossProfit": 334900000, "grossProfitRatio": 0.2223919251, "researchAndDevelopmentExpenses": 63500000, "generalAndAdministrativeExpenses": 58900000, "sellingAndMarketingExpenses": 88100000, "sellingGeneralAndAdministrativeExpenses": 147000000, "otherExpenses": -200000, "operatingExpenses": 210500000, "costAndExpenses": 1381500000, "interestIncome": 700000, "interestExpense": 18300000, "depreciationAndAmortization": 53600000, "ebitda": 178400000, "ebitdaratio": 0.1184673617, "operatingIncome": 126500000, "operatingIncomeRatio": 0.0840029218, "totalOtherIncomeExpensesNet": -19000000, "incomeBeforeTax": 106500000, "incomeBeforeTaxRatio": 0.0707218275, "incomeTaxExpense": 23800000, "netIncome": 82700000, "netIncomeRatio": 0.0549173252, "eps": 0.85, "epsdiluted": 0.85, "weightedAverageShsOut": 96990837, "weightedAverageShsOutDil": 96990837, "link": "https://www.sec.gov/Archives/edgar/data/1748797/000119312519082717/0001193125-19-082717-index.htm", "finalLink": "https://www.sec.gov/Archives/edgar/data/1748797/000119312519082717/d542997d40f.htm"}, {"date": "2018-10-31", "symbol": "DOOO", "reportedCurrency": "CAD", "cik": "0001748797", "fillingDate": "2018-11-30", "acceptedDate": "2018-11-30 07:03:13", "calendarYear": "2018", "period": "Q3", "revenue": 1394200000, "costOfRevenue": 1037400000, "grossProfit": 356800000, "grossProfitRatio": 0.255917372, "researchAndDevelopmentExpenses": 51600000, "generalAndAdministrativeExpenses": 58000000, "sellingAndMarketingExpenses": 86800000, "sellingGeneralAndAdministrativeExpenses": 144800000, "otherExpenses": -300000, "operatingExpenses": 196400000, "costAndExpenses": 1233800000, "interestIncome": 400000, "interestExpense": 16800000, "depreciationAndAmortization": 43300000, "ebitda": 190100000, "ebitdaratio": 0.1363505953, "operatingIncome": 157100000, "operatingIncomeRatio": 0.1126811074, "totalOtherIncomeExpensesNet": -27100000, "incomeBeforeTax": 130000000, "incomeBeforeTaxRatio": 0.0932434371, "incomeTaxExpense": 39800000, "netIncome": 90300000, "netIncomeRatio": 0.0647683259, "eps": 0.93, "epsdiluted": 0.92, "weightedAverageShsOut": 97112503, "weightedAverageShsOutDil": 98619401, "link": "https://www.sec.gov/Archives/edgar/data/1748797/000119312518338752/0001193125-18-338752-index.htm", "finalLink": "https://www.sec.gov/Archives/edgar/data/1748797/000119312518338752/d664085d6k.htm"}, {"date": "2018-07-31", "symbol": "DOOO", "reportedCurrency": "CAD", "cik": "0001748797", "fillingDate": "2018-07-31", "acceptedDate": "2018-07-30 20:00:00", "calendarYear": "2018", "period": "Q2", "revenue": 1207000000, "costOfRevenue": 926900000, "grossProfit": 280100000, "grossProfitRatio": 0.232062966, "researchAndDevelopmentExpenses": 51000000, "generalAndAdministrativeExpenses": 49100000, "sellingAndMarketingExpenses": 79000000, "sellingGeneralAndAdministrativeExpenses": 128100000, "otherExpenses": -200000, "operatingExpenses": 179100000, "costAndExpenses": 1106000000, "interestIncome": 13400000, "interestExpense": 0, "depreciationAndAmortization": 40800000, "ebitda": 116300000, "ebitdaratio": 0.0963545982, "operatingIncome": 102800000, "operatingIncomeRatio": 0.0851698426, "totalOtherIncomeExpensesNet": -43600000, "incomeBeforeTax": 59200000, "incomeBeforeTaxRatio": 0.0490472245, "incomeTaxExpense": 18200000, "netIncome": 40700000, "netIncomeRatio": 0.0337199669, "eps": 0.41, "epsdiluted": 0.41, "weightedAverageShsOut": 98375473, "weightedAverageShsOutDil": 99938657, "link": "", "finalLink": ""}, {"date": "2018-04-30", "symbol": "DOOO", "reportedCurrency": "CAD", "cik": "0001748797", "fillingDate": "2018-04-30", "acceptedDate": "2018-04-29 20:00:00", "calendarYear": "2018", "period": "Q1", "revenue": 1136700000, "costOfRevenue": 855100000, "grossProfit": 281600000, "grossProfitRatio": 0.2477346705, "researchAndDevelopmentExpenses": 55600000, "generalAndAdministrativeExpenses": 48700000, "sellingAndMarketingExpenses": 83000000, "sellingGeneralAndAdministrativeExpenses": 131700000, "otherExpenses": 100000, "operatingExpenses": 187300000, "costAndExpenses": 1042400000, "interestIncome": 2600000, "interestExpense": 13600000, "depreciationAndAmortization": 39600000, "ebitda": 86400000, "ebitdaratio": 0.0760095012, "operatingIncome": 86200000, "operatingIncomeRatio": 0.0758335533, "totalOtherIncomeExpensesNet": -53000000, "incomeBeforeTax": 33200000, "incomeBeforeTaxRatio": 0.0292073546, "incomeTaxExpense": 19800000, "netIncome": 13300000, "netIncomeRatio": 0.0117005366, "eps": 0.13, "epsdiluted": 0.13, "weightedAverageShsOut": 100620438, "weightedAverageShsOutDil": 101821392, "link": "", "finalLink": ""}, {"date": "2018-01-31", "symbol": "DOOO", "reportedCurrency": "CAD", "cik": "0001748797", "fillingDate": "2018-01-31", "acceptedDate": "2018-01-30 19:00:00", "calendarYear": "2017", "period": "Q4", "revenue": 1263200000, "costOfRevenue": 946000000, "grossProfit": 317200000, "grossProfitRatio": 0.2511082964, "researchAndDevelopmentExpenses": 52600000, "generalAndAdministrativeExpenses": 40300000, "sellingAndMarketingExpenses": 68800000, "sellingGeneralAndAdministrativeExpenses": 109100000, "otherExpenses": 0, "operatingExpenses": 161700000, "costAndExpenses": 1107700000, "interestIncome": 300000, "interestExpense": 14700000, "depreciationAndAmortization": 41400000, "ebitda": 239000000, "ebitdaratio": 0.1892020266, "operatingIncome": 152700000, "operatingIncomeRatio": 0.1208834706, "totalOtherIncomeExpensesNet": 30200000, "incomeBeforeTax": 182900000, "incomeBeforeTaxRatio": 0.144791007, "incomeTaxExpense": 67800000, "netIncome": 115200000, "netIncomeRatio": 0.0911969601, "eps": 1.12, "epsdiluted": 1.12, "weightedAverageShsOut": 102020140, "weightedAverageShsOutDil": 103240376, "link": "", "finalLink": ""}, {"date": "2017-10-31", "symbol": "DOOO", "reportedCurrency": "CAD", "cik": "0001748797", "fillingDate": "2017-10-31", "acceptedDate": "2017-10-30 20:00:00", "calendarYear": "2017", "period": "Q3", "revenue": 1240500000, "costOfRevenue": 911100000, "grossProfit": 329400000, "grossProfitRatio": 0.2655380895, "researchAndDevelopmentExpenses": 47400000, "generalAndAdministrativeExpenses": 38400000, "sellingAndMarketingExpenses": 77300000, "sellingGeneralAndAdministrativeExpenses": 115700000, "otherExpenses": -200000, "operatingExpenses": 163100000, "costAndExpenses": 1074200000, "interestIncome": 500000, "interestExpense": 14700000, "depreciationAndAmortization": 36700000, "ebitda": 155500000, "ebitdaratio": 0.1253526804, "operatingIncome": 162000000, "operatingIncomeRatio": 0.130592503, "totalOtherIncomeExpensesNet": -36000000, "incomeBeforeTax": 116500000, "incomeBeforeTaxRatio": 0.0939137445, "incomeTaxExpense": 38700000, "netIncome": 77700000, "netIncomeRatio": 0.0626360339, "eps": 0.75, "epsdiluted": 0.75, "weightedAverageShsOut": 103240376, "weightedAverageShsOutDil": 104227543, "link": "", "finalLink": ""}, {"date": "2017-07-31", "symbol": "DOOO", "reportedCurrency": "CAD", "cik": "0001748797", "fillingDate": "2017-07-31", "acceptedDate": "2017-07-30 20:00:00", "calendarYear": "2017", "period": "Q2", "revenue": 1027000000, "costOfRevenue": 813300000, "grossProfit": 213700000, "grossProfitRatio": 0.2080817916, "researchAndDevelopmentExpenses": 48500000, "generalAndAdministrativeExpenses": 44100000, "sellingAndMarketingExpenses": 72000000, "sellingGeneralAndAdministrativeExpenses": 116100000, "otherExpenses": 200000, "operatingExpenses": 164600000, "costAndExpenses": 977900000, "interestIncome": 700000, "interestExpense": 14400000, "depreciationAndAmortization": 35700000, "ebitda": 164900000, "ebitdaratio": 0.1605647517, "operatingIncome": 44900000, "operatingIncomeRatio": 0.0437195716, "totalOtherIncomeExpensesNet": 69100000, "incomeBeforeTax": 110200000, "incomeBeforeTaxRatio": 0.1073028238, "incomeTaxExpense": 10100000, "netIncome": 100000000, "netIncomeRatio": 0.0973709834, "eps": 0.9, "epsdiluted": 0.89, "weightedAverageShsOut": 110934242, "weightedAverageShsOutDil": 111774375, "link": "", "finalLink": ""}, {"date": "2017-04-30", "symbol": "DOOO", "reportedCurrency": "CAD", "cik": "0001748797", "fillingDate": "2017-04-30", "acceptedDate": "2017-04-29 20:00:00", "calendarYear": "2017", "period": "Q1", "revenue": 956200000, "costOfRevenue": 749000000, "grossProfit": 207200000, "grossProfitRatio": 0.2166910688, "researchAndDevelopmentExpenses": 50100000, "generalAndAdministrativeExpenses": 43500000, "sellingAndMarketingExpenses": 70500000, "sellingGeneralAndAdministrativeExpenses": 114000000, "otherExpenses": 0, "operatingExpenses": 164100000, "costAndExpenses": 913100000, "interestIncome": 700000, "interestExpense": 13500000, "depreciationAndAmortization": 35400000, "ebitda": 52000000, "ebitdaratio": 0.0543819285, "operatingIncome": 40500000, "operatingIncomeRatio": 0.0423551558, "totalOtherIncomeExpensesNet": -56000000, "incomeBeforeTax": -15500000, "incomeBeforeTaxRatio": -0.0162099979, "incomeTaxExpense": 3000000, "netIncome": -18700000, "netIncomeRatio": -0.0195565781, "eps": -0.17, "epsdiluted": -0.17, "weightedAverageShsOut": 111751789, "weightedAverageShsOutDil": 111751789, "link": "", "finalLink": ""}, {"date": "2017-01-31", "symbol": "DOOO", "reportedCurrency": "CAD", "cik": "0001748797", "fillingDate": "2017-01-31", "acceptedDate": "2017-01-30 19:00:00", "calendarYear": "2016", "period": "Q4", "revenue": 1305300000, "costOfRevenue": 969700000, "grossProfit": 335600000, "grossProfitRatio": 0.2571056462, "researchAndDevelopmentExpenses": 46700000, "generalAndAdministrativeExpenses": 45200000, "sellingAndMarketingExpenses": 67000000, "sellingGeneralAndAdministrativeExpenses": 112200000, "otherExpenses": 200000, "operatingExpenses": 158900000, "costAndExpenses": 1128600000, "interestIncome": 11700000, "interestExpense": 0, "depreciationAndAmortization": 35700000, "ebitda": 228200000, "ebitdaratio": 0.1748257106, "operatingIncome": 167400000, "operatingIncomeRatio": 0.1282463801, "totalOtherIncomeExpensesNet": 3700000, "incomeBeforeTax": 178900000, "incomeBeforeTaxRatio": 0.1370566153, "incomeTaxExpense": 42500000, "netIncome": 136600000, "netIncomeRatio": 0.104650272, "eps": 1.22, "epsdiluted": 1.22, "weightedAverageShsOut": 111614536, "weightedAverageShsOutDil": 111895410, "link": "", "finalLink": ""}, {"date": "2016-10-31", "symbol": "DOOO", "reportedCurrency": "CAD", "cik": "0001748797", "fillingDate": "2016-10-31", "acceptedDate": "2016-10-30 20:00:00", "calendarYear": "2016", "period": "Q3", "revenue": 1080200000, "costOfRevenue": 773000000, "grossProfit": 307200000, "grossProfitRatio": 0.2843917793, "researchAndDevelopmentExpenses": 44000000, "generalAndAdministrativeExpenses": 38600000, "sellingAndMarketingExpenses": 63300000, "sellingGeneralAndAdministrativeExpenses": 101900000, "otherExpenses": 200000, "operatingExpenses": 145900000, "costAndExpenses": 918900000, "interestIncome": 12300000, "interestExpense": 0, "depreciationAndAmortization": 34000000, "ebitda": 171000000, "ebitdaratio": 0.1583040178, "operatingIncome": 163000000, "operatingIncomeRatio": 0.1508979819, "totalOtherIncomeExpensesNet": -40400000, "incomeBeforeTax": 122600000, "incomeBeforeTaxRatio": 0.1134975005, "incomeTaxExpense": 43900000, "netIncome": 78700000, "netIncomeRatio": 0.0728568784, "eps": 0.7, "epsdiluted": 0.7, "weightedAverageShsOut": 111895410, "weightedAverageShsOutDil": 112235474, "link": "", "finalLink": ""}, {"date": "2016-07-31", "symbol": "DOOO", "reportedCurrency": "CAD", "cik": "0001748797", "fillingDate": "2016-07-31", "acceptedDate": "2016-07-30 20:00:00", "calendarYear": "2016", "period": "Q2", "revenue": 856100000, "costOfRevenue": 684100000, "grossProfit": 172000000, "grossProfitRatio": 0.2009111085, "researchAndDevelopmentExpenses": 44900000, "generalAndAdministrativeExpenses": 39400000, "sellingAndMarketingExpenses": 73800000, "sellingGeneralAndAdministrativeExpenses": 113200000, "otherExpenses": 0, "operatingExpenses": 158100000, "costAndExpenses": 842200000, "interestIncome": 900000, "interestExpense": 16900000, "depreciationAndAmortization": 31800000, "ebitda": -36300000, "ebitdaratio": -0.0424015886, "operatingIncome": -30600000, "operatingIncomeRatio": -0.0357434879, "totalOtherIncomeExpensesNet": -97200000, "incomeBeforeTax": -85000000, "incomeBeforeTaxRatio": -0.0992874664, "incomeTaxExpense": -16200000, "netIncome": -68900000, "netIncomeRatio": -0.0804812522, "eps": -0.61, "epsdiluted": -0.61, "weightedAverageShsOut": 112950819, "weightedAverageShsOutDil": 113463800, "link": "", "finalLink": ""}, {"date": "2016-04-30", "symbol": "DOOO", "reportedCurrency": "CAD", "cik": "0001748797", "fillingDate": "2016-04-30", "acceptedDate": "2016-04-29 20:00:00", "calendarYear": "2016", "period": "Q1", "revenue": 929900000, "costOfRevenue": 735800000, "grossProfit": 194100000, "grossProfitRatio": 0.2087321217, "researchAndDevelopmentExpenses": 48500000, "generalAndAdministrativeExpenses": 40700000, "sellingAndMarketingExpenses": 77400000, "sellingGeneralAndAdministrativeExpenses": 118100000, "otherExpenses": -100000, "operatingExpenses": 166600000, "costAndExpenses": 902400000, "interestIncome": 700000, "interestExpense": 15400000, "depreciationAndAmortization": 31600000, "ebitda": 157600000, "ebitdaratio": 0.1694805893, "operatingIncome": 6500000, "operatingIncomeRatio": 0.0069899989, "totalOtherIncomeExpensesNet": 84600000, "incomeBeforeTax": 110600000, "incomeBeforeTaxRatio": 0.1189375202, "incomeTaxExpense": -100000, "netIncome": 110800000, "netIncomeRatio": 0.1191525971, "eps": 0.96, "epsdiluted": 0.96, "weightedAverageShsOut": 114842786, "weightedAverageShsOutDil": 115126024, "link": "", "finalLink": ""}, {"date": "2016-01-31", "symbol": "DOOO", "reportedCurrency": "CAD", "cik": "0001748797", "fillingDate": "2016-01-31", "acceptedDate": "2016-01-30 19:00:00", "calendarYear": "2015", "period": "Q4", "revenue": 1108800000, "costOfRevenue": 822900000, "grossProfit": 285900000, "grossProfitRatio": 0.2578463203, "researchAndDevelopmentExpenses": 47600000, "generalAndAdministrativeExpenses": 42700000, "sellingAndMarketingExpenses": 62600000, "sellingGeneralAndAdministrativeExpenses": 105300000, "otherExpenses": -200000, "operatingExpenses": 152900000, "costAndExpenses": 975800000, "interestIncome": 800000, "interestExpense": 16400000, "depreciationAndAmortization": 36700000, "ebitda": 156000000, "ebitdaratio": 0.1406926407, "operatingIncome": 75300000, "operatingIncomeRatio": 0.0679112554, "totalOtherIncomeExpensesNet": -149300000, "incomeBeforeTax": -18200000, "incomeBeforeTaxRatio": -0.0164141414, "incomeTaxExpense": 10500000, "netIncome": -28700000, "netIncomeRatio": -0.0258838384, "eps": -0.25, "epsdiluted": -0.25, "weightedAverageShsOut": 115081378, "weightedAverageShsOutDil": 116634208, "link": "", "finalLink": ""}, {"date": "2015-10-31", "symbol": "DOOO", "reportedCurrency": "CAD", "cik": "0001748797", "fillingDate": "2015-10-31", "acceptedDate": "2015-10-30 20:00:00", "calendarYear": "2015", "period": "Q3", "revenue": 1010200000, "costOfRevenue": 764200000, "grossProfit": 246000000, "grossProfitRatio": 0.2435161354, "researchAndDevelopmentExpenses": 38300000, "generalAndAdministrativeExpenses": 32800000, "sellingAndMarketingExpenses": 64000000, "sellingGeneralAndAdministrativeExpenses": 96800000, "otherExpenses": 700000, "operatingExpenses": 135100000, "costAndExpenses": 899300000, "interestIncome": 1100000, "interestExpense": 15700000, "depreciationAndAmortization": 32000000, "ebitda": 134600000, "ebitdaratio": 0.1332409424, "operatingIncome": 103900000, "operatingIncomeRatio": 0.1028509206, "totalOtherIncomeExpensesNet": -22900000, "incomeBeforeTax": 86900000, "incomeBeforeTaxRatio": 0.0860225698, "incomeTaxExpense": 21400000, "netIncome": 65500000, "netIncomeRatio": 0.0648386458, "eps": 0.56, "epsdiluted": 0.56, "weightedAverageShsOut": 116634208, "weightedAverageShsOutDil": 117090313, "link": "", "finalLink": ""}, {"date": "2015-07-31", "symbol": "DOOO", "reportedCurrency": "CAD", "cik": "0001748797", "fillingDate": "2015-07-31", "acceptedDate": "2015-07-30 20:00:00", "calendarYear": "2015", "period": "Q2", "revenue": 812100000, "costOfRevenue": 642700000, "grossProfit": 169400000, "grossProfitRatio": 0.2085950006, "researchAndDevelopmentExpenses": 38800000, "generalAndAdministrativeExpenses": 37200000, "sellingAndMarketingExpenses": 63600000, "sellingGeneralAndAdministrativeExpenses": 100800000, "otherExpenses": 0, "operatingExpenses": 139600000, "costAndExpenses": 782300000, "interestIncome": 800000, "interestExpense": 15300000, "depreciationAndAmortization": 30400000, "ebitda": 58600000, "ebitdaratio": 0.0721586012, "operatingIncome": 22300000, "operatingIncomeRatio": 0.0274596725, "totalOtherIncomeExpensesNet": -86600000, "incomeBeforeTax": -64300000, "incomeBeforeTaxRatio": -0.0791774412, "incomeTaxExpense": 4000000, "netIncome": -68300000, "netIncomeRatio": -0.084102943, "eps": -0.58, "epsdiluted": -0.58, "weightedAverageShsOut": 117980179, "weightedAverageShsOutDil": 118539790, "link": "", "finalLink": ""}, {"date": "2015-04-30", "symbol": "DOOO", "reportedCurrency": "CAD", "cik": "0001748797", "fillingDate": "2015-04-30", "acceptedDate": "2015-04-29 20:00:00", "calendarYear": "2015", "period": "Q1", "revenue": 898100000, "costOfRevenue": 685200000, "grossProfit": 212900000, "grossProfitRatio": 0.2370560071, "researchAndDevelopmentExpenses": 39700000, "generalAndAdministrativeExpenses": 30800000, "sellingAndMarketingExpenses": 74800000, "sellingGeneralAndAdministrativeExpenses": 105600000, "otherExpenses": 300000, "operatingExpenses": 145300000, "costAndExpenses": 830500000, "interestIncome": 800000, "interestExpense": 14600000, "depreciationAndAmortization": 27100000, "ebitda": 137700000, "ebitdaratio": 0.1533236833, "operatingIncome": 63800000, "operatingIncomeRatio": 0.0710388598, "totalOtherIncomeExpensesNet": 32200000, "incomeBeforeTax": 96000000, "incomeBeforeTaxRatio": 0.1068923282, "incomeTaxExpense": 12900000, "netIncome": 83100000, "netIncomeRatio": 0.0925286716, "eps": 0.7, "epsdiluted": 0.7, "weightedAverageShsOut": 118380779, "weightedAverageShsOutDil": 118902510, "link": "", "finalLink": ""}, {"date": "2015-01-31", "symbol": "DOOO", "reportedCurrency": "CAD", "cik": "0001748797", "fillingDate": "2015-01-31", "acceptedDate": "2015-01-30 19:00:00", "calendarYear": "2014", "period": "Q4", "revenue": 1068100000, "costOfRevenue": 778400000, "grossProfit": 289700000, "grossProfitRatio": 0.2712292856, "researchAndDevelopmentExpenses": 39000000, "generalAndAdministrativeExpenses": 34900000, "sellingAndMarketingExpenses": 54500000, "sellingGeneralAndAdministrativeExpenses": 89400000, "otherExpenses": 0, "operatingExpenses": 128400000, "costAndExpenses": 906800000, "interestIncome": 800000, "interestExpense": 14900000, "depreciationAndAmortization": 30600000, "ebitda": 94000000, "ebitdaratio": 0.0880067409, "operatingIncome": 174300000, "operatingIncomeRatio": 0.1631869675, "totalOtherIncomeExpensesNet": -125800000, "incomeBeforeTax": 48500000, "incomeBeforeTaxRatio": 0.0454077334, "incomeTaxExpense": 40000000, "netIncome": 8500000, "netIncomeRatio": 0.0079580564, "eps": 0.0718, "epsdiluted": 0.0718, "weightedAverageShsOut": 118315466, "weightedAverageShsOutDil": 118315466, "link": "", "finalLink": ""}, {"date": "2014-10-31", "symbol": "DOOO", "reportedCurrency": "CAD", "cik": "0001748797", "fillingDate": "2014-10-31", "acceptedDate": "2014-10-30 20:00:00", "calendarYear": "2014", "period": "Q3", "revenue": 918000000, "costOfRevenue": 678400000, "grossProfit": 239600000, "grossProfitRatio": 0.2610021786, "researchAndDevelopmentExpenses": 41300000, "generalAndAdministrativeExpenses": 37500000, "sellingAndMarketingExpenses": 54300000, "sellingGeneralAndAdministrativeExpenses": 91800000, "otherExpenses": 300000, "operatingExpenses": 133100000, "costAndExpenses": 811500000, "interestIncome": 800000, "interestExpense": 15100000, "depreciationAndAmortization": 28500000, "ebitda": 98100000, "ebitdaratio": 0.1068627451, "operatingIncome": 98700000, "operatingIncomeRatio": 0.1075163399, "totalOtherIncomeExpensesNet": -44200000, "incomeBeforeTax": 54500000, "incomeBeforeTaxRatio": 0.0593681917, "incomeTaxExpense": 17300000, "netIncome": 37200000, "netIncomeRatio": 0.0405228758, "eps": 0.31, "epsdiluted": 0.31, "weightedAverageShsOut": 118315466, "weightedAverageShsOutDil": 118325873, "link": "", "finalLink": ""}, {"date": "2014-07-31", "symbol": "DOOO", "reportedCurrency": "CAD", "cik": "0001748797", "fillingDate": "2014-07-31", "acceptedDate": "2014-07-30 20:00:00", "calendarYear": "2014", "period": "Q2", "revenue": 780000000, "costOfRevenue": 637100000, "grossProfit": 142900000, "grossProfitRatio": 0.1832051282, "researchAndDevelopmentExpenses": 36300000, "generalAndAdministrativeExpenses": 35200000, "sellingAndMarketingExpenses": 66000000, "sellingGeneralAndAdministrativeExpenses": 101200000, "otherExpenses": 200000, "operatingExpenses": 137500000, "costAndExpenses": 774600000, "interestIncome": 600000, "interestExpense": 14400000, "depreciationAndAmortization": 27500000, "ebitda": 36300000, "ebitdaratio": 0.0465384615, "operatingIncome": 3600000, "operatingIncomeRatio": 0.0046153846, "totalOtherIncomeExpensesNet": -9200000, "incomeBeforeTax": -5600000, "incomeBeforeTaxRatio": -0.0071794872, "incomeTaxExpense": -2000000, "netIncome": -3500000, "netIncomeRatio": -0.0044871795, "eps": -0.0296, "epsdiluted": -0.0294, "weightedAverageShsOut": 118291151, "weightedAverageShsOutDil": 118929261, "link": "", "finalLink": ""}, {"date": "2014-04-30", "symbol": "DOOO", "reportedCurrency": "CAD", "cik": "0001748797", "fillingDate": "2014-04-30", "acceptedDate": "2014-04-29 20:00:00", "calendarYear": "2014", "period": "Q1", "revenue": 758600000, "costOfRevenue": 585200000, "grossProfit": 173400000, "grossProfitRatio": 0.2285789612, "researchAndDevelopmentExpenses": 41600000, "generalAndAdministrativeExpenses": 36800000, "sellingAndMarketingExpenses": 67300000, "sellingGeneralAndAdministrativeExpenses": 104100000, "otherExpenses": 700000, "operatingExpenses": 145700000, "costAndExpenses": 730900000, "interestIncome": 500000, "interestExpense": 13900000, "depreciationAndAmortization": 26600000, "ebitda": 67600000, "ebitdaratio": 0.0891115212, "operatingIncome": 28400000, "operatingIncomeRatio": 0.0374373847, "totalOtherIncomeExpensesNet": -1300000, "incomeBeforeTax": 27100000, "incomeBeforeTaxRatio": 0.0357237016, "incomeTaxExpense": -900000, "netIncome": 28000000, "netIncomeRatio": 0.0369100975, "eps": 0.24, "epsdiluted": 0.24, "weightedAverageShsOut": 118179487, "weightedAverageShsOutDil": 118939914, "link": "", "finalLink": ""}, {"date": "2014-01-31", "symbol": "DOOO", "reportedCurrency": "CAD", "cik": "0001748797", "fillingDate": "2014-01-31", "acceptedDate": "2014-01-30 19:00:00", "calendarYear": "2013", "period": "Q4", "revenue": 902900000, "costOfRevenue": 679700000, "grossProfit": 223200000, "grossProfitRatio": 0.2472034555, "researchAndDevelopmentExpenses": 41400000, "generalAndAdministrativeExpenses": 36400000, "sellingAndMarketingExpenses": 55400000, "sellingGeneralAndAdministrativeExpenses": 91800000, "otherExpenses": -100000, "operatingExpenses": 133200000, "costAndExpenses": 812900000, "interestIncome": 500000, "interestExpense": 14900000, "depreciationAndAmortization": 27800000, "ebitda": 52900000, "ebitdaratio": 0.058588991, "operatingIncome": 78200000, "operatingIncomeRatio": 0.0866098128, "totalOtherIncomeExpensesNet": -68000000, "incomeBeforeTax": 10200000, "incomeBeforeTaxRatio": 0.0112969321, "incomeTaxExpense": 16500000, "netIncome": -6200000, "netIncomeRatio": -0.0068667627, "eps": -0.0525, "epsdiluted": -0.0525, "weightedAverageShsOut": 118126562, "weightedAverageShsOutDil": 118126562, "link": "", "finalLink": ""}, {"date": "2013-10-31", "symbol": "DOOO", "reportedCurrency": "CAD", "cik": "0001748797", "fillingDate": "2013-10-31", "acceptedDate": "2013-10-30 20:00:00", "calendarYear": "2013", "period": "Q3", "revenue": 866000000, "costOfRevenue": 642100000, "grossProfit": 223900000, "grossProfitRatio": 0.2585450346, "researchAndDevelopmentExpenses": 35700000, "generalAndAdministrativeExpenses": 38700000, "sellingAndMarketingExpenses": 56800000, "sellingGeneralAndAdministrativeExpenses": 95500000, "otherExpenses": 200000, "operatingExpenses": 131200000, "costAndExpenses": 773300000, "interestIncome": 300000, "interestExpense": 15000000, "depreciationAndAmortization": 23900000, "ebitda": 108000000, "ebitdaratio": 0.1247113164, "operatingIncome": 95000000, "operatingIncomeRatio": 0.1096997691, "totalOtherIncomeExpensesNet": -25900000, "incomeBeforeTax": 69100000, "incomeBeforeTaxRatio": 0.0797921478, "incomeTaxExpense": 20900000, "netIncome": 48200000, "netIncomeRatio": 0.0556581986, "eps": 0.41, "epsdiluted": 0.41, "weightedAverageShsOut": 118126562, "weightedAverageShsOutDil": 118131341, "link": "", "finalLink": ""}, {"date": "2013-07-31", "symbol": "DOOO", "reportedCurrency": "CAD", "cik": "0001748797", "fillingDate": "2013-07-31", "acceptedDate": "2013-07-30 20:00:00", "calendarYear": "2013", "period": "Q2", "revenue": 620900000, "costOfRevenue": 478300000, "grossProfit": 142600000, "grossProfitRatio": 0.229666613, "researchAndDevelopmentExpenses": 30500000, "generalAndAdministrativeExpenses": 33700000, "sellingAndMarketingExpenses": 53200000, "sellingGeneralAndAdministrativeExpenses": 86900000, "otherExpenses": 500000, "operatingExpenses": 117400000, "costAndExpenses": 595700000, "interestIncome": 500000, "interestExpense": 15800000, "depreciationAndAmortization": 22300000, "ebitda": 34600000, "ebitdaratio": 0.0557255597, "operatingIncome": 35800000, "operatingIncomeRatio": 0.057658238, "totalOtherIncomeExpensesNet": -27000000, "incomeBeforeTax": -3500000, "incomeBeforeTaxRatio": -0.0056369786, "incomeTaxExpense": 4400000, "netIncome": -7800000, "netIncomeRatio": -0.0125624094, "eps": -0.0749, "epsdiluted": -0.0702, "weightedAverageShsOut": 104096629, "weightedAverageShsOutDil": 111111596, "link": "", "finalLink": ""}, {"date": "2013-04-30", "symbol": "DOOO", "reportedCurrency": "CAD", "cik": "0001748797", "fillingDate": "2013-04-30", "acceptedDate": "2013-04-29 20:00:00", "calendarYear": "2013", "period": "Q1", "revenue": 804300000, "costOfRevenue": 586300000, "grossProfit": 218000000, "grossProfitRatio": 0.2710431431, "researchAndDevelopmentExpenses": 37300000, "generalAndAdministrativeExpenses": 35000000, "sellingAndMarketingExpenses": 65300000, "sellingGeneralAndAdministrativeExpenses": 100300000, "otherExpenses": 0, "operatingExpenses": 137600000, "costAndExpenses": 723900000, "interestIncome": 1200000, "interestExpense": 17500000, "depreciationAndAmortization": 21100000, "ebitda": 79900000, "ebitdaratio": 0.0993410419, "operatingIncome": 86100000, "operatingIncomeRatio": 0.1070496084, "totalOtherIncomeExpensesNet": -44800000, "incomeBeforeTax": 41300000, "incomeBeforeTaxRatio": 0.0513489991, "incomeTaxExpense": 15600000, "netIncome": 25700000, "netIncomeRatio": 0.0319532513, "eps": 0.22, "epsdiluted": 0.22, "weightedAverageShsOut": 118126562, "weightedAverageShsOutDil": 118126562, "link": "", "finalLink": ""}, {"date": "2013-01-31", "symbol": "DOOO", "reportedCurrency": "CAD", "cik": "0001748797", "fillingDate": "2013-01-31", "acceptedDate": "2013-01-30 19:00:00", "calendarYear": "2012", "period": "Q4", "revenue": 791500000, "costOfRevenue": 593000000, "grossProfit": 198500000, "grossProfitRatio": 0.2507896399, "researchAndDevelopmentExpenses": 34300000, "generalAndAdministrativeExpenses": 35700000, "sellingAndMarketingExpenses": 55300000, "sellingGeneralAndAdministrativeExpenses": 91000000, "otherExpenses": 0, "operatingExpenses": 125300000, "costAndExpenses": 718300000, "interestIncome": 500000, "interestExpense": 17000000, "depreciationAndAmortization": 21200000, "ebitda": 88900000, "ebitdaratio": 0.1123183828, "operatingIncome": 71100000, "operatingIncomeRatio": 0.0898294378, "totalOtherIncomeExpensesNet": -20400000, "incomeBeforeTax": 50700000, "incomeBeforeTaxRatio": 0.0640555907, "incomeTaxExpense": 14900000, "netIncome": 35600000, "netIncomeRatio": 0.0449778901, "eps": 0.3, "epsdiluted": 0.3, "weightedAverageShsOut": 118126562, "weightedAverageShsOutDil": 118126562, "link": "", "finalLink": ""}, {"date": "2012-10-31", "symbol": "DOOO", "reportedCurrency": "CAD", "cik": "0001748797", "fillingDate": "2012-10-31", "acceptedDate": "2012-10-30 20:00:00", "calendarYear": "2012", "period": "Q3", "revenue": 733900000, "costOfRevenue": 556500000, "grossProfit": 177400000, "grossProfitRatio": 0.2417223055, "researchAndDevelopmentExpenses": 33300000, "generalAndAdministrativeExpenses": 32300000, "sellingAndMarketingExpenses": 50800000, "sellingGeneralAndAdministrativeExpenses": 83100000, "otherExpenses": 300000, "operatingExpenses": 116400000, "costAndExpenses": 672900000, "interestIncome": 200000, "interestExpense": 11500000, "depreciationAndAmortization": 21400000, "ebitda": 66600000, "ebitdaratio": 0.0907480583, "operatingIncome": 44600000, "operatingIncomeRatio": 0.0607712222, "totalOtherIncomeExpensesNet": -25400000, "incomeBeforeTax": 33700000, "incomeBeforeTaxRatio": 0.0459190625, "incomeTaxExpense": 2000000, "netIncome": 31700000, "netIncomeRatio": 0.0431938956, "eps": 0.27, "epsdiluted": 0.27, "weightedAverageShsOut": 118126562, "weightedAverageShsOutDil": 118126562, "link": "", "finalLink": ""}, {"date": "2012-07-31", "symbol": "DOOO", "reportedCurrency": "CAD", "cik": "0001748797", "fillingDate": "2012-07-31", "acceptedDate": "2012-07-30 20:00:00", "calendarYear": "2012", "period": "Q2", "revenue": 608100000, "costOfRevenue": 458500000, "grossProfit": 149600000, "grossProfitRatio": 0.2460121691, "researchAndDevelopmentExpenses": 26300000, "generalAndAdministrativeExpenses": 29600000, "sellingAndMarketingExpenses": 61600000, "sellingGeneralAndAdministrativeExpenses": 91200000, "otherExpenses": 0, "operatingExpenses": 117500000, "costAndExpenses": 576000000, "interestIncome": 400000, "interestExpense": 11500000, "depreciationAndAmortization": 22000000, "ebitda": 25500000, "ebitdaratio": 0.0419338925, "operatingIncome": 14800000, "operatingIncomeRatio": 0.0243381023, "totalOtherIncomeExpensesNet": -22800000, "incomeBeforeTax": -8000000, "incomeBeforeTaxRatio": -0.013155731, "incomeTaxExpense": -5100000, "netIncome": -2800000, "netIncomeRatio": -0.0046045058, "eps": -0.0237, "epsdiluted": -0.0237, "weightedAverageShsOut": 118126562, "weightedAverageShsOutDil": 118126562, "link": "", "finalLink": ""}, {"date": "2012-04-30", "symbol": "DOOO", "reportedCurrency": "CAD", "cik": "0001748797", "fillingDate": "2012-04-30", "acceptedDate": "2012-04-29 20:00:00", "calendarYear": "2012", "period": "Q1", "revenue": 762700000, "costOfRevenue": 550500000, "grossProfit": 212200000, "grossProfitRatio": 0.2782221057, "researchAndDevelopmentExpenses": 34300000, "generalAndAdministrativeExpenses": 29900000, "sellingAndMarketingExpenses": 60600000, "sellingGeneralAndAdministrativeExpenses": 90500000, "otherExpenses": 0, "operatingExpenses": 124800000, "costAndExpenses": 675300000, "interestIncome": 800000, "interestExpense": 19900000, "depreciationAndAmortization": 20500000, "ebitda": 115600000, "ebitdaratio": 0.1515668022, "operatingIncome": 89200000, "operatingIncomeRatio": 0.1169529304, "totalOtherIncomeExpensesNet": -14000000, "incomeBeforeTax": 75200000, "incomeBeforeTaxRatio": 0.0985970893, "incomeTaxExpense": 20600000, "netIncome": 54700000, "netIncomeRatio": 0.0717188934, "eps": 0.46, "epsdiluted": 0.46, "weightedAverageShsOut": 118126562, "weightedAverageShsOutDil": 118126562, "link": "", "finalLink": ""}]