[{"date": "2025-06-30", "symbol": "COF", "reportedCurrency": "USD", "cik": "0000927628", "fillingDate": "2025-07-22", "acceptedDate": "2025-07-22 16:05:50", "calendarYear": "2025", "period": "Q2", "revenue": 16410000000, "costOfRevenue": 15263000000, "grossProfit": 1147000000, "grossProfitRatio": 0.0698964046, "researchAndDevelopmentExpenses": 0, "generalAndAdministrativeExpenses": 2999000000, "sellingAndMarketingExpenses": 1345000000, "sellingGeneralAndAdministrativeExpenses": 4344000000, "otherExpenses": 2732000000, "operatingExpenses": 7076000000, "costAndExpenses": 22339000000, "interestIncome": 13828000000, "interestExpense": 3833000000, "depreciationAndAmortization": 1011000000, "ebitda": -4918000000, "ebitdaratio": -0.2996953077, "operatingIncome": -5929000000, "operatingIncomeRatio": -0.3613040829, "totalOtherIncomeExpensesNet": 0, "incomeBeforeTax": -5929000000, "incomeBeforeTaxRatio": -0.3613040829, "incomeTaxExpense": -1666000000, "netIncome": -4277000000, "netIncomeRatio": -0.2606337599, "eps": -7.44, "epsdiluted": -7.4, "weightedAverageShsOut": 444700000, "weightedAverageShsOutDil": 444700000, "link": "https://www.sec.gov/Archives/edgar/data/927628/000092762825000240/0000927628-25-000240-index.htm", "finalLink": "https://www.sec.gov/Archives/edgar/data/927628/000092762825000240/ex992q22025earningsrelease.htm"}, {"date": "2025-03-31", "symbol": "COF", "reportedCurrency": "USD", "cik": "0000927628", "fillingDate": "2025-05-07", "acceptedDate": "2025-05-07 16:06:52", "calendarYear": "2025", "period": "Q1", "revenue": 13405000000, "costOfRevenue": 5774000000, "grossProfit": 7631000000, "grossProfitRatio": 0.5692651996, "researchAndDevelopmentExpenses": 0, "generalAndAdministrativeExpenses": 2546000000, "sellingAndMarketingExpenses": 1202000000, "sellingGeneralAndAdministrativeExpenses": 3748000000, "otherExpenses": 2154000000, "operatingExpenses": 5902000000, "costAndExpenses": 11676000000, "interestIncome": 11418000000, "interestExpense": 3405000000, "depreciationAndAmortization": 812000000, "ebitda": 2541000000, "ebitdaratio": 0.1895561358, "operatingIncome": 1729000000, "operatingIncomeRatio": 0.1289817232, "totalOtherIncomeExpensesNet": 0, "incomeBeforeTax": 1729000000, "incomeBeforeTaxRatio": 0.1289817232, "incomeTaxExpense": 325000000, "netIncome": 1404000000, "netIncomeRatio": 0.1047370384, "eps": 3.46, "epsdiluted": 3.45, "weightedAverageShsOut": 383100000, "weightedAverageShsOutDil": 384000000, "link": "https://www.sec.gov/Archives/edgar/data/927628/000092762825000141/0000927628-25-000141-index.htm", "finalLink": "https://www.sec.gov/Archives/edgar/data/927628/000092762825000141/cof-20250331.htm"}, {"date": "2024-12-31", "symbol": "COF", "reportedCurrency": "USD", "cik": "0000927628", "fillingDate": "2025-02-20", "acceptedDate": "2025-02-20 16:35:22", "calendarYear": "2024", "period": "Q4", "revenue": 13809000000, "costOfRevenue": 6261000000, "grossProfit": 7548000000, "grossProfitRatio": 0.5466000434, "researchAndDevelopmentExpenses": 0, "generalAndAdministrativeExpenses": 2329000000, "sellingAndMarketingExpenses": 1375000000, "sellingGeneralAndAdministrativeExpenses": 3704000000, "otherExpenses": 2385000000, "operatingExpenses": 6089000000, "costAndExpenses": 12350000000, "interestIncome": 11717000000, "interestExpense": 3619000000, "depreciationAndAmortization": 814000000, "ebitda": 2273000000, "ebitdaratio": 0.1646027953, "operatingIncome": 1459000000, "operatingIncomeRatio": 0.1056557318, "totalOtherIncomeExpensesNet": 0, "incomeBeforeTax": 1459000000, "incomeBeforeTaxRatio": 0.1056557318, "incomeTaxExpense": 366000000, "netIncome": 1096000000, "netIncomeRatio": 0.0793685278, "eps": 2.67, "epsdiluted": 2.67, "weightedAverageShsOut": 382400000, "weightedAverageShsOutDil": 383400000, "link": "https://www.sec.gov/Archives/edgar/data/927628/000092762825000092/0000927628-25-000092-index.htm", "finalLink": "https://www.sec.gov/Archives/edgar/data/927628/000092762825000092/cof-20241231.htm"}, {"date": "2024-09-30", "symbol": "COF", "reportedCurrency": "USD", "cik": "0000927628", "fillingDate": "2024-10-31", "acceptedDate": "2024-10-31 16:53:06", "calendarYear": "2024", "period": "Q3", "revenue": 13798000000, "costOfRevenue": 6266000000, "grossProfit": 7532000000, "grossProfitRatio": 0.5458762139, "researchAndDevelopmentExpenses": 0, "generalAndAdministrativeExpenses": 2391000000, "sellingAndMarketingExpenses": 1113000000, "sellingGeneralAndAdministrativeExpenses": 3504000000, "otherExpenses": 1810000000, "operatingExpenses": 5314000000, "costAndExpenses": 11580000000, "interestIncome": 11860000000, "interestExpense": 3784000000, "depreciationAndAmortization": 806000000, "ebitda": 3024000000, "ebitdaratio": 0.2191621974, "operatingIncome": 2218000000, "operatingIncomeRatio": 0.1607479345, "totalOtherIncomeExpensesNet": 0, "incomeBeforeTax": 2218000000, "incomeBeforeTaxRatio": 0.1607479345, "incomeTaxExpense": 441000000, "netIncome": 1777000000, "netIncomeRatio": 0.1287867807, "eps": 4.42, "epsdiluted": 4.41, "weightedAverageShsOut": 383000000, "weightedAverageShsOutDil": 383700000, "link": "https://www.sec.gov/Archives/edgar/data/927628/000092762824000306/0000927628-24-000306-index.htm", "finalLink": "https://www.sec.gov/Archives/edgar/data/927628/000092762824000306/cof-20240930.htm"}, {"date": "2024-06-30", "symbol": "COF", "reportedCurrency": "USD", "cik": "0000927628", "fillingDate": "2024-08-01", "acceptedDate": "2024-08-01 16:24:27", "calendarYear": "2024", "period": "Q2", "revenue": 13240000000, "costOfRevenue": 7643000000, "grossProfit": 5597000000, "grossProfitRatio": 0.422734139, "researchAndDevelopmentExpenses": 0, "generalAndAdministrativeExpenses": 2200000000, "sellingAndMarketingExpenses": 1064000000, "sellingGeneralAndAdministrativeExpenses": 3264000000, "otherExpenses": 1682000000, "operatingExpenses": 4946000000, "costAndExpenses": 12589000000, "interestIncome": 11280000000, "interestExpense": 3734000000, "depreciationAndAmortization": 811000000, "ebitda": 1462000000, "ebitdaratio": 0.1104229607, "operatingIncome": 651000000, "operatingIncomeRatio": 0.0491691843, "totalOtherIncomeExpensesNet": 0, "incomeBeforeTax": 651000000, "incomeBeforeTaxRatio": 0.0491691843, "incomeTaxExpense": 54000000, "netIncome": 597000000, "netIncomeRatio": 0.0450906344, "eps": 1.39, "epsdiluted": 1.38, "weightedAverageShsOut": 383100000, "weightedAverageShsOutDil": 383900000, "link": "https://www.sec.gov/Archives/edgar/data/927628/000092762824000264/0000927628-24-000264-index.htm", "finalLink": "https://www.sec.gov/Archives/edgar/data/927628/000092762824000264/cof-20240630.htm"}, {"date": "2024-03-31", "symbol": "COF", "reportedCurrency": "USD", "cik": "0000927628", "fillingDate": "2024-05-02", "acceptedDate": "2024-05-02 16:57:02", "calendarYear": "2024", "period": "Q1", "revenue": 13091000000, "costOfRevenue": 6372000000, "grossProfit": 6719000000, "grossProfitRatio": 0.5132533802, "researchAndDevelopmentExpenses": 0, "generalAndAdministrativeExpenses": 2478000000, "sellingAndMarketingExpenses": 1010000000, "sellingGeneralAndAdministrativeExpenses": 3488000000, "otherExpenses": 1649000000, "operatingExpenses": 5137000000, "costAndExpenses": 11509000000, "interestIncome": 11177000000, "interestExpense": 3689000000, "depreciationAndAmortization": 806000000, "ebitda": 2388000000, "ebitdaratio": 0.1824153999, "operatingIncome": 1582000000, "operatingIncomeRatio": 0.120846383, "totalOtherIncomeExpensesNet": 0, "incomeBeforeTax": 1582000000, "incomeBeforeTaxRatio": 0.120846383, "incomeTaxExpense": 302000000, "netIncome": 1280000000, "netIncomeRatio": 0.0977770988, "eps": 3.14, "epsdiluted": 3.13, "weightedAverageShsOut": 382200000, "weightedAverageShsOutDil": 383400000, "link": "https://www.sec.gov/Archives/edgar/data/927628/000092762824000174/0000927628-24-000174-index.htm", "finalLink": "https://www.sec.gov/Archives/edgar/data/927628/000092762824000174/cof-20240331.htm"}, {"date": "2023-12-31", "symbol": "COF", "reportedCurrency": "USD", "cik": "0000927628", "fillingDate": "2024-02-23", "acceptedDate": "2024-02-22 18:12:08", "calendarYear": "2023", "period": "Q4", "revenue": 13132000000, "costOfRevenue": 6483000000, "grossProfit": 6649000000, "grossProfitRatio": 0.5063204386, "researchAndDevelopmentExpenses": 0, "generalAndAdministrativeExpenses": 2284000000, "sellingAndMarketingExpenses": 1254000000, "sellingGeneralAndAdministrativeExpenses": 3538000000, "otherExpenses": 2179000000, "operatingExpenses": 5717000000, "costAndExpenses": 12200000000, "interestIncome": 11145000000, "interestExpense": 3626000000, "depreciationAndAmortization": 798000000, "ebitda": 1730000000, "ebitdaratio": 0.1317392629, "operatingIncome": 932000000, "operatingIncomeRatio": 0.0709716723, "totalOtherIncomeExpensesNet": 0, "incomeBeforeTax": 932000000, "incomeBeforeTaxRatio": 0.0709716723, "incomeTaxExpense": 226000000, "netIncome": 706000000, "netIncomeRatio": 0.0537618032, "eps": 1.67, "epsdiluted": 1.67, "weightedAverageShsOut": 381900000, "weightedAverageShsOutDil": 382800000, "link": "https://www.sec.gov/Archives/edgar/data/927628/000092762824000094/0000927628-24-000094-index.htm", "finalLink": "https://www.sec.gov/Archives/edgar/data/927628/000092762824000094/cof-20231231.htm"}, {"date": "2023-09-30", "symbol": "COF", "reportedCurrency": "USD", "cik": "0000927628", "fillingDate": "2023-11-02", "acceptedDate": "2023-11-02 16:06:55", "calendarYear": "2023", "period": "Q3", "revenue": 12816000000, "costOfRevenue": 5734000000, "grossProfit": 7082000000, "grossProfitRatio": 0.5525905119, "researchAndDevelopmentExpenses": 0, "generalAndAdministrativeExpenses": 2274000000, "sellingAndMarketingExpenses": 972000000, "sellingGeneralAndAdministrativeExpenses": 3246000000, "otherExpenses": 1614000000, "operatingExpenses": 4860000000, "costAndExpenses": 10594000000, "interestIncome": 10873000000, "interestExpense": 3450000000, "depreciationAndAmortization": 852000000, "ebitda": 3074000000, "ebitdaratio": 0.2398564295, "operatingIncome": 2222000000, "operatingIncomeRatio": 0.1733770287, "totalOtherIncomeExpensesNet": 0, "incomeBeforeTax": 2222000000, "incomeBeforeTaxRatio": 0.1733770287, "incomeTaxExpense": 432000000, "netIncome": 1790000000, "netIncomeRatio": 0.1396691635, "eps": 4.46, "epsdiluted": 4.45, "weightedAverageShsOut": 382500000, "weightedAverageShsOutDil": 383300000, "link": "https://www.sec.gov/Archives/edgar/data/927628/000092762823000296/0000927628-23-000296-index.htm", "finalLink": "https://www.sec.gov/Archives/edgar/data/927628/000092762823000296/cof-20230930.htm"}, {"date": "2023-06-30", "symbol": "COF", "reportedCurrency": "USD", "cik": "0000927628", "fillingDate": "2023-07-27", "acceptedDate": "2023-07-27 16:19:07", "calendarYear": "2023", "period": "Q2", "revenue": 12065000000, "costOfRevenue": 5543000000, "grossProfit": 6522000000, "grossProfitRatio": 0.5405719022, "researchAndDevelopmentExpenses": 0, "generalAndAdministrativeExpenses": 2317000000, "sellingAndMarketingExpenses": 886000000, "sellingGeneralAndAdministrativeExpenses": 3203000000, "otherExpenses": 1591000000, "operatingExpenses": 4794000000, "costAndExpenses": 10337000000, "interestIncome": 10166000000, "interestExpense": 3053000000, "depreciationAndAmortization": 325000000, "ebitda": 2053000000, "ebitdaratio": 0.1701616245, "operatingIncome": 1728000000, "operatingIncomeRatio": 0.1432242022, "totalOtherIncomeExpensesNet": 0, "incomeBeforeTax": 1728000000, "incomeBeforeTaxRatio": 0.1432242022, "incomeTaxExpense": 297000000, "netIncome": 1431000000, "netIncomeRatio": 0.1186075425, "eps": 3.53, "epsdiluted": 3.52, "weightedAverageShsOut": 382800000, "weightedAverageShsOutDil": 383700000, "link": "https://www.sec.gov/Archives/edgar/data/927628/000092762823000250/0000927628-23-000250-index.htm", "finalLink": "https://www.sec.gov/Archives/edgar/data/927628/000092762823000250/cof-20230630.htm"}, {"date": "2023-03-31", "symbol": "COF", "reportedCurrency": "USD", "cik": "0000927628", "fillingDate": "2023-05-05", "acceptedDate": "2023-05-05 12:38:59", "calendarYear": "2023", "period": "Q1", "revenue": 11471000000, "costOfRevenue": 5363000000, "grossProfit": 6108000000, "grossProfitRatio": 0.5324731933, "researchAndDevelopmentExpenses": 0, "generalAndAdministrativeExpenses": 2427000000, "sellingAndMarketingExpenses": 897000000, "sellingGeneralAndAdministrativeExpenses": 3324000000, "otherExpenses": 1621000000, "operatingExpenses": 4945000000, "costAndExpenses": 10308000000, "interestIncome": 9754000000, "interestExpense": 2568000000, "depreciationAndAmortization": 1251000000, "ebitda": 2414000000, "ebitdaratio": 0.2104437277, "operatingIncome": 1163000000, "operatingIncomeRatio": 0.1013861041, "totalOtherIncomeExpensesNet": 0, "incomeBeforeTax": 1163000000, "incomeBeforeTaxRatio": 0.1013861041, "incomeTaxExpense": 203000000, "netIncome": 960000000, "netIncomeRatio": 0.0836893035, "eps": 2.32, "epsdiluted": 2.31, "weightedAverageShsOut": 382600000, "weightedAverageShsOutDil": 383800000, "link": "https://www.sec.gov/Archives/edgar/data/927628/000092762823000168/0000927628-23-000168-index.htm", "finalLink": "https://www.sec.gov/Archives/edgar/data/927628/000092762823000168/cof-20230331.htm"}, {"date": "2022-12-31", "symbol": "COF", "reportedCurrency": "USD", "cik": "0000927628", "fillingDate": "2023-02-24", "acceptedDate": "2023-02-24 15:11:38", "calendarYear": "2022", "period": "Q4", "revenue": 11001000000, "costOfRevenue": 4377000000, "grossProfit": 6624000000, "grossProfitRatio": 0.6021270794, "researchAndDevelopmentExpenses": 0, "generalAndAdministrativeExpenses": 2266000000, "sellingAndMarketingExpenses": 1118000000, "sellingGeneralAndAdministrativeExpenses": 3384000000, "otherExpenses": 1696000000, "operatingExpenses": 5080000000, "costAndExpenses": 9457000000, "interestIncome": 9158000000, "interestExpense": 1961000000, "depreciationAndAmortization": 843000000, "ebitda": 2387000000, "ebitdaratio": 0.2169802745, "operatingIncome": 1544000000, "operatingIncomeRatio": 0.1403508772, "totalOtherIncomeExpensesNet": 0, "incomeBeforeTax": 1544000000, "incomeBeforeTaxRatio": 0.1403508772, "incomeTaxExpense": 312000000, "netIncome": 1232000000, "netIncomeRatio": 0.1119898191, "eps": 3.03, "epsdiluted": 3.03, "weightedAverageShsOut": 382600000, "weightedAverageShsOutDil": 383700000, "link": "https://www.sec.gov/Archives/edgar/data/927628/000092762823000117/0000927628-23-000117-index.htm", "finalLink": "https://www.sec.gov/Archives/edgar/data/927628/000092762823000117/cof-20221231.htm"}, {"date": "2022-09-30", "symbol": "COF", "reportedCurrency": "USD", "cik": "0000927628", "fillingDate": "2022-11-04", "acceptedDate": "2022-11-04 14:09:48", "calendarYear": "2022", "period": "Q3", "revenue": 10002000000, "costOfRevenue": 2866000000, "grossProfit": 7136000000, "grossProfitRatio": 0.7134573085, "researchAndDevelopmentExpenses": 0, "generalAndAdministrativeExpenses": 2187000000, "sellingAndMarketingExpenses": 978000000, "sellingGeneralAndAdministrativeExpenses": 3165000000, "otherExpenses": 1784000000, "operatingExpenses": 4949000000, "costAndExpenses": 7815000000, "interestIncome": 8200000000, "interestExpense": 1197000000, "depreciationAndAmortization": 744000000, "ebitda": 2931000000, "ebitdaratio": 0.2930413917, "operatingIncome": 2187000000, "operatingIncomeRatio": 0.2186562687, "totalOtherIncomeExpensesNet": 0, "incomeBeforeTax": 2187000000, "incomeBeforeTaxRatio": 0.2186562687, "incomeTaxExpense": 493000000, "netIncome": 1694000000, "netIncomeRatio": 0.1693661268, "eps": 4.42, "epsdiluted": 4.4, "weightedAverageShsOut": 383400000, "weightedAverageShsOutDil": 384600000, "link": "https://www.sec.gov/Archives/edgar/data/927628/000092762822000306/0000927628-22-000306-index.htm", "finalLink": "https://www.sec.gov/Archives/edgar/data/927628/000092762822000306/cof-20220930.htm"}, {"date": "2022-06-30", "symbol": "COF", "reportedCurrency": "USD", "cik": "0000927628", "fillingDate": "2022-07-29", "acceptedDate": "2022-07-29 13:29:07", "calendarYear": "2022", "period": "Q2", "revenue": 8810000000, "costOfRevenue": 1663000000, "grossProfit": 7147000000, "grossProfitRatio": 0.8112372304, "researchAndDevelopmentExpenses": 0, "generalAndAdministrativeExpenses": 1946000000, "sellingAndMarketingExpenses": 1003000000, "sellingGeneralAndAdministrativeExpenses": 2949000000, "otherExpenses": 1634000000, "operatingExpenses": 4583000000, "costAndExpenses": 6246000000, "interestIncome": 7095000000, "interestExpense": 578000000, "depreciationAndAmortization": 784000000, "ebitda": 3348000000, "ebitdaratio": 0.3800227015, "operatingIncome": 2564000000, "operatingIncomeRatio": 0.2910329171, "totalOtherIncomeExpensesNet": 0, "incomeBeforeTax": 2564000000, "incomeBeforeTaxRatio": 0.2910329171, "incomeTaxExpense": 533000000, "netIncome": 2031000000, "netIncomeRatio": 0.2305334847, "eps": 5.19, "epsdiluted": 5.17, "weightedAverageShsOut": 391200000, "weightedAverageShsOutDil": 392600000, "link": "https://www.sec.gov/Archives/edgar/data/927628/000092762822000246/0000927628-22-000246-index.htm", "finalLink": "https://www.sec.gov/Archives/edgar/data/927628/000092762822000246/cof-20220630.htm"}, {"date": "2022-03-31", "symbol": "COF", "reportedCurrency": "USD", "cik": "0000927628", "fillingDate": "2022-05-10", "acceptedDate": "2022-05-09 18:09:04", "calendarYear": "2022", "period": "Q1", "revenue": 8560000000, "costOfRevenue": 1064000000, "grossProfit": 7496000000, "grossProfitRatio": 0.8757009346, "researchAndDevelopmentExpenses": 0, "generalAndAdministrativeExpenses": 2026000000, "sellingAndMarketingExpenses": 918000000, "sellingGeneralAndAdministrativeExpenses": 2944000000, "otherExpenses": 1607000000, "operatingExpenses": 4551000000, "costAndExpenses": 5615000000, "interestIncome": 6784000000, "interestExpense": 387000000, "depreciationAndAmortization": 839000000, "ebitda": 3784000000, "ebitdaratio": 0.4420560748, "operatingIncome": 2945000000, "operatingIncomeRatio": 0.3440420561, "totalOtherIncomeExpensesNet": 0, "incomeBeforeTax": 2945000000, "incomeBeforeTaxRatio": 0.3440420561, "incomeTaxExpense": 542000000, "netIncome": 2403000000, "netIncomeRatio": 0.2807242991, "eps": 5.86, "epsdiluted": 5.83, "weightedAverageShsOut": 410400000, "weightedAverageShsOutDil": 412200000, "link": "https://www.sec.gov/Archives/edgar/data/927628/000092762822000195/0000927628-22-000195-index.htm", "finalLink": "https://www.sec.gov/Archives/edgar/data/927628/000092762822000195/cof-20220331.htm"}, {"date": "2021-12-31", "symbol": "COF", "reportedCurrency": "USD", "cik": "0000927628", "fillingDate": "2022-02-25", "acceptedDate": "2022-02-25 16:21:21", "calendarYear": "2021", "period": "Q4", "revenue": 8499000000, "costOfRevenue": 762000000, "grossProfit": 7737000000, "grossProfitRatio": 0.9103423932, "researchAndDevelopmentExpenses": 0, "generalAndAdministrativeExpenses": 1941000000, "sellingAndMarketingExpenses": 999000000, "sellingGeneralAndAdministrativeExpenses": 2940000000, "otherExpenses": 1738000000, "operatingExpenses": 4678000000, "costAndExpenses": 5440000000, "interestIncome": 6831000000, "interestExpense": 381000000, "depreciationAndAmortization": 853000000, "ebitda": 3912000000, "ebitdaratio": 0.4602894458, "operatingIncome": 3059000000, "operatingIncomeRatio": 0.359924697, "totalOtherIncomeExpensesNet": 0, "incomeBeforeTax": 3059000000, "incomeBeforeTaxRatio": 0.359924697, "incomeTaxExpense": 633000000, "netIncome": 2425000000, "netIncomeRatio": 0.2853276856, "eps": 5.43, "epsdiluted": 5.41, "weightedAverageShsOut": 422500000, "weightedAverageShsOutDil": 424300000, "link": "https://www.sec.gov/Archives/edgar/data/927628/000092762822000106/0000927628-22-000106-index.htm", "finalLink": "https://www.sec.gov/Archives/edgar/data/927628/000092762822000106/cof-20211231.htm"}, {"date": "2021-09-30", "symbol": "COF", "reportedCurrency": "USD", "cik": "0000927628", "fillingDate": "2021-11-05", "acceptedDate": "2021-11-05 15:38:45", "calendarYear": "2021", "period": "Q3", "revenue": 8212000000, "costOfRevenue": 40000000, "grossProfit": 8172000000, "grossProfitRatio": 0.9951290794, "researchAndDevelopmentExpenses": 0, "generalAndAdministrativeExpenses": 1852000000, "sellingAndMarketingExpenses": 751000000, "sellingGeneralAndAdministrativeExpenses": 2603000000, "otherExpenses": 1583000000, "operatingExpenses": 4186000000, "costAndExpenses": 4226000000, "interestIncome": 6538000000, "interestExpense": 382000000, "depreciationAndAmortization": 914000000, "ebitda": 4900000000, "ebitdaratio": 0.596687774, "operatingIncome": 3986000000, "operatingIncomeRatio": 0.4853872382, "totalOtherIncomeExpensesNet": 0, "incomeBeforeTax": 3986000000, "incomeBeforeTaxRatio": 0.4853872382, "incomeTaxExpense": 882000000, "netIncome": 3104000000, "netIncomeRatio": 0.3779834389, "eps": 6.81, "epsdiluted": 6.78, "weightedAverageShsOut": 457817000, "weightedAverageShsOutDil": 440500000, "link": "https://www.sec.gov/Archives/edgar/data/927628/000092762821000309/0000927628-21-000309-index.htm", "finalLink": "https://www.sec.gov/Archives/edgar/data/927628/000092762821000309/cof-20210930.htm"}, {"date": "2021-06-30", "symbol": "COF", "reportedCurrency": "USD", "cik": "0000927628", "fillingDate": "2021-07-30", "acceptedDate": "2021-07-30 15:04:27", "calendarYear": "2021", "period": "Q2", "revenue": 7770000000, "costOfRevenue": -764000000, "grossProfit": 8534000000, "grossProfitRatio": 1.0983268983, "researchAndDevelopmentExpenses": 0, "generalAndAdministrativeExpenses": 1781000000, "sellingAndMarketingExpenses": 620000000, "sellingGeneralAndAdministrativeExpenses": 2401000000, "otherExpenses": 1565000000, "operatingExpenses": 3966000000, "costAndExpenses": 3202000000, "interestIncome": 6139000000, "interestExpense": 396000000, "depreciationAndAmortization": 859000000, "ebitda": 5427000000, "ebitdaratio": 0.6984555985, "operatingIncome": 4568000000, "operatingIncomeRatio": 0.5879021879, "totalOtherIncomeExpensesNet": 0, "incomeBeforeTax": 4568000000, "incomeBeforeTaxRatio": 0.5879021879, "incomeTaxExpense": 1031000000, "netIncome": 3536000000, "netIncomeRatio": 0.4550836551, "eps": 7.65, "epsdiluted": 7.62, "weightedAverageShsOut": 450600000, "weightedAverageShsOutDil": 452300000, "link": "https://www.sec.gov/Archives/edgar/data/927628/000092762821000256/0000927628-21-000256-index.htm", "finalLink": "https://www.sec.gov/Archives/edgar/data/927628/000092762821000256/cof-20210630.htm"}, {"date": "2021-03-31", "symbol": "COF", "reportedCurrency": "USD", "cik": "0000927628", "fillingDate": "2021-05-07", "acceptedDate": "2021-05-07 14:28:51", "calendarYear": "2021", "period": "Q1", "revenue": 7552000000, "costOfRevenue": -384000000, "grossProfit": 7936000000, "grossProfitRatio": 1.0508474576, "researchAndDevelopmentExpenses": 0, "generalAndAdministrativeExpenses": 1847000000, "sellingAndMarketingExpenses": 501000000, "sellingGeneralAndAdministrativeExpenses": 2348000000, "otherExpenses": 1392000000, "operatingExpenses": 3740000000, "costAndExpenses": 3356000000, "interestIncome": 6261000000, "interestExpense": 439000000, "depreciationAndAmortization": 855000000, "ebitda": 5051000000, "ebitdaratio": 0.6688294492, "operatingIncome": 4196000000, "operatingIncomeRatio": 0.5556144068, "totalOtherIncomeExpensesNet": 0, "incomeBeforeTax": 4196000000, "incomeBeforeTaxRatio": 0.5556144068, "incomeTaxExpense": 869000000, "netIncome": 3325000000, "netIncomeRatio": 0.4402807203, "eps": 7.06, "epsdiluted": 7.03, "weightedAverageShsOut": 458600000, "weightedAverageShsOutDil": 460100000, "link": "https://www.sec.gov/Archives/edgar/data/927628/000092762821000175/0000927628-21-000175-index.htm", "finalLink": "https://www.sec.gov/Archives/edgar/data/927628/000092762821000175/cof-20210331.htm"}, {"date": "2020-12-31", "symbol": "COF", "reportedCurrency": "USD", "cik": "0000927628", "fillingDate": "2021-02-25", "acceptedDate": "2021-02-25 16:40:40", "calendarYear": "2020", "period": "Q4", "revenue": 7855000000, "costOfRevenue": 782000000, "grossProfit": 7073000000, "grossProfitRatio": 0.9004455761, "researchAndDevelopmentExpenses": 0, "generalAndAdministrativeExpenses": 1755000000, "sellingAndMarketingExpenses": 563000000, "sellingGeneralAndAdministrativeExpenses": 2318000000, "otherExpenses": 1691000000, "operatingExpenses": 4009000000, "costAndExpenses": 4791000000, "interestIncome": 6391000000, "interestExpense": 518000000, "depreciationAndAmortization": 800000000, "ebitda": 3864000000, "ebitdaratio": 0.4919159771, "operatingIncome": 3064000000, "operatingIncomeRatio": 0.3900700191, "totalOtherIncomeExpensesNet": 0, "incomeBeforeTax": 3064000000, "incomeBeforeTaxRatio": 0.3900700191, "incomeTaxExpense": 496000000, "netIncome": 2566000000, "netIncomeRatio": 0.3266709102, "eps": 5.36, "epsdiluted": 5.35, "weightedAverageShsOut": 459100000, "weightedAverageShsOutDil": 460200000, "link": "https://www.sec.gov/Archives/edgar/data/927628/000092762821000094/0000927628-21-000094-index.htm", "finalLink": "https://www.sec.gov/Archives/edgar/data/927628/000092762821000094/cof-20201231.htm"}, {"date": "2020-09-30", "symbol": "COF", "reportedCurrency": "USD", "cik": "0000927628", "fillingDate": "2020-11-02", "acceptedDate": "2020-11-02 17:16:34", "calendarYear": "2020", "period": "Q3", "revenue": 8041000000, "costOfRevenue": 991000000, "grossProfit": 7050000000, "grossProfitRatio": 0.8767566223, "researchAndDevelopmentExpenses": 0, "generalAndAdministrativeExpenses": 1719000000, "sellingAndMarketingExpenses": 283000000, "sellingGeneralAndAdministrativeExpenses": 2002000000, "otherExpenses": 1546000000, "operatingExpenses": 3548000000, "costAndExpenses": 4539000000, "interestIncome": 6215000000, "interestExpense": 660000000, "depreciationAndAmortization": 897000000, "ebitda": 4399000000, "ebitdaratio": 0.5470712598, "operatingIncome": 3502000000, "operatingIncomeRatio": 0.4355179704, "totalOtherIncomeExpensesNet": 0, "incomeBeforeTax": 3502000000, "incomeBeforeTaxRatio": 0.4355179704, "incomeTaxExpense": 1096000000, "netIncome": 2406000000, "netIncomeRatio": 0.2992165154, "eps": 5.07, "epsdiluted": 5.06, "weightedAverageShsOut": 457800000, "weightedAverageShsOutDil": 458500000, "link": "https://www.sec.gov/Archives/edgar/data/927628/000092762820000286/0000927628-20-000286-index.htm", "finalLink": "https://www.sec.gov/Archives/edgar/data/927628/000092762820000286/cof-20200930.htm"}, {"date": "2020-06-30", "symbol": "COF", "reportedCurrency": "USD", "cik": "0000927628", "fillingDate": "2020-08-06", "acceptedDate": "2020-08-06 13:37:54", "calendarYear": "2020", "period": "Q2", "revenue": 7414000000, "costOfRevenue": 5104000000, "grossProfit": 2310000000, "grossProfitRatio": 0.3115727003, "researchAndDevelopmentExpenses": 0, "generalAndAdministrativeExpenses": 1704000000, "sellingAndMarketingExpenses": 273000000, "sellingGeneralAndAdministrativeExpenses": 1977000000, "otherExpenses": 1793000000, "operatingExpenses": 3770000000, "costAndExpenses": 8874000000, "interestIncome": 6318000000, "interestExpense": 858000000, "depreciationAndAmortization": 911000000, "ebitda": -549000000, "ebitdaratio": -0.0740490963, "operatingIncome": -1460000000, "operatingIncomeRatio": -0.196924737, "totalOtherIncomeExpensesNet": 0, "incomeBeforeTax": -1460000000, "incomeBeforeTaxRatio": -0.196924737, "incomeTaxExpense": -543000000, "netIncome": -918000000, "netIncomeRatio": -0.1238198004, "eps": -2.21, "epsdiluted": -2.21, "weightedAverageShsOut": 455481000, "weightedAverageShsOutDil": 456700000, "link": "https://www.sec.gov/Archives/edgar/data/927628/000092762820000242/0000927628-20-000242-index.htm", "finalLink": "https://www.sec.gov/Archives/edgar/data/927628/000092762820000242/cof-06302020x10q.htm"}, {"date": "2020-03-31", "symbol": "COF", "reportedCurrency": "USD", "cik": "0000927628", "fillingDate": "2020-05-01", "acceptedDate": "2020-05-01 14:51:53", "calendarYear": "2020", "period": "Q1", "revenue": 8333000000, "costOfRevenue": 6507000000, "grossProfit": 1826000000, "grossProfitRatio": 0.2191287652, "researchAndDevelopmentExpenses": 0, "generalAndAdministrativeExpenses": 1627000000, "sellingAndMarketingExpenses": 491000000, "sellingGeneralAndAdministrativeExpenses": 2118000000, "otherExpenses": 1611000000, "operatingExpenses": 3729000000, "costAndExpenses": 10236000000, "interestIncome": 7109000000, "interestExpense": 1084000000, "depreciationAndAmortization": 893000000, "ebitda": -1010000000, "ebitdaratio": -0.1212048482, "operatingIncome": -1903000000, "operatingIncomeRatio": -0.2283691348, "totalOtherIncomeExpensesNet": 0, "incomeBeforeTax": -1903000000, "incomeBeforeTaxRatio": -0.2283691348, "incomeTaxExpense": -563000000, "netIncome": -1340000000, "netIncomeRatio": -0.1608064323, "eps": -2.93, "epsdiluted": -2.93, "weightedAverageShsOut": 457600000, "weightedAverageShsOutDil": 457600000, "link": "https://www.sec.gov/Archives/edgar/data/927628/000092762820000173/0000927628-20-000173-index.htm", "finalLink": "https://www.sec.gov/Archives/edgar/data/927628/000092762820000173/cof-03312020x10q.htm"}, {"date": "2019-12-31", "symbol": "COF", "reportedCurrency": "USD", "cik": "0000927628", "fillingDate": "2020-02-20", "acceptedDate": "2020-02-20 16:17:55", "calendarYear": "2019", "period": "Q4", "revenue": 8631000000, "costOfRevenue": 3022000000, "grossProfit": 5609000000, "grossProfitRatio": 0.6498667594, "researchAndDevelopmentExpenses": 0, "generalAndAdministrativeExpenses": 1652000000, "sellingAndMarketingExpenses": 710000000, "sellingGeneralAndAdministrativeExpenses": 2362000000, "otherExpenses": 1799000000, "operatingExpenses": 4161000000, "costAndExpenses": 7183000000, "interestIncome": 7270000000, "interestExpense": 1204000000, "depreciationAndAmortization": 905000000, "ebitda": 2353000000, "ebitdaratio": 0.2726219442, "operatingIncome": 1448000000, "operatingIncomeRatio": 0.1677673502, "totalOtherIncomeExpensesNet": 0, "incomeBeforeTax": 1448000000, "incomeBeforeTaxRatio": 0.1677673502, "incomeTaxExpense": 270000000, "netIncome": 1176000000, "netIncomeRatio": 0.1362530414, "eps": 2.26, "epsdiluted": 2.25, "weightedAverageShsOut": 460900000, "weightedAverageShsOutDil": 463400000, "link": "https://www.sec.gov/Archives/edgar/data/927628/000092762820000102/0000927628-20-000102-index.htm", "finalLink": "https://www.sec.gov/Archives/edgar/data/927628/000092762820000102/cof-12312019x10k.htm"}, {"date": "2019-09-30", "symbol": "COF", "reportedCurrency": "USD", "cik": "0000927628", "fillingDate": "2019-10-31", "acceptedDate": "2019-10-31 15:18:02", "calendarYear": "2019", "period": "Q3", "revenue": 8297000000, "costOfRevenue": 2721000000, "grossProfit": 5576000000, "grossProfitRatio": 0.6720501386, "researchAndDevelopmentExpenses": 0, "generalAndAdministrativeExpenses": 1605000000, "sellingAndMarketingExpenses": 501000000, "sellingGeneralAndAdministrativeExpenses": 2106000000, "otherExpenses": 1766000000, "operatingExpenses": 3872000000, "costAndExpenses": 6593000000, "interestIncome": 7075000000, "interestExpense": 1338000000, "depreciationAndAmortization": 849000000, "ebitda": 2553000000, "ebitdaratio": 0.3077015789, "operatingIncome": 1704000000, "operatingIncomeRatio": 0.2053754369, "totalOtherIncomeExpensesNet": 0, "incomeBeforeTax": 1704000000, "incomeBeforeTaxRatio": 0.2053754369, "incomeTaxExpense": 375000000, "netIncome": 1333000000, "netIncomeRatio": 0.1606604797, "eps": 2.71, "epsdiluted": 2.69, "weightedAverageShsOut": 469500000, "weightedAverageShsOutDil": 471800000, "link": "https://www.sec.gov/Archives/edgar/data/927628/000092762819000312/0000927628-19-000312-index.htm", "finalLink": "https://www.sec.gov/Archives/edgar/data/927628/000092762819000312/cof-09302019x10q.htm"}, {"date": "2019-06-30", "symbol": "COF", "reportedCurrency": "USD", "cik": "0000927628", "fillingDate": "2019-07-31", "acceptedDate": "2019-07-30 20:58:59", "calendarYear": "2019", "period": "Q2", "revenue": 8454000000, "costOfRevenue": 2672000000, "grossProfit": 5782000000, "grossProfitRatio": 0.6839365981, "researchAndDevelopmentExpenses": 0, "generalAndAdministrativeExpenses": 1558000000, "sellingAndMarketingExpenses": 546000000, "sellingGeneralAndAdministrativeExpenses": 2104000000, "otherExpenses": 1675000000, "operatingExpenses": 3779000000, "costAndExpenses": 6451000000, "interestIncome": 7076000000, "interestExpense": 1330000000, "depreciationAndAmortization": 881000000, "ebitda": 2884000000, "ebitdaratio": 0.3411402886, "operatingIncome": 2003000000, "operatingIncomeRatio": 0.2369292643, "totalOtherIncomeExpensesNet": 0, "incomeBeforeTax": 2003000000, "incomeBeforeTaxRatio": 0.2369292643, "incomeTaxExpense": 387000000, "netIncome": 1625000000, "netIncomeRatio": 0.1922167022, "eps": 3.26, "epsdiluted": 3.24, "weightedAverageShsOut": 470800000, "weightedAverageShsOutDil": 473000000, "link": "https://www.sec.gov/Archives/edgar/data/927628/000092762819000274/0000927628-19-000274-index.htm", "finalLink": "https://www.sec.gov/Archives/edgar/data/927628/000092762819000274/cof-06302019x10q.htm"}, {"date": "2019-03-31", "symbol": "COF", "reportedCurrency": "USD", "cik": "0000927628", "fillingDate": "2019-05-01", "acceptedDate": "2019-05-01 16:02:08", "calendarYear": "2019", "period": "Q1", "revenue": 8384000000, "costOfRevenue": 2994000000, "grossProfit": 5390000000, "grossProfitRatio": 0.6428912214, "researchAndDevelopmentExpenses": 0, "generalAndAdministrativeExpenses": 1573000000, "sellingAndMarketingExpenses": 517000000, "sellingGeneralAndAdministrativeExpenses": 2090000000, "otherExpenses": 1581000000, "operatingExpenses": 3671000000, "costAndExpenses": 6665000000, "interestIncome": 7092000000, "interestExpense": 1301000000, "depreciationAndAmortization": 704000000, "ebitda": 2423000000, "ebitdaratio": 0.2890028626, "operatingIncome": 1719000000, "operatingIncomeRatio": 0.2050333969, "totalOtherIncomeExpensesNet": 0, "incomeBeforeTax": 1719000000, "incomeBeforeTaxRatio": 0.2050333969, "incomeTaxExpense": 309000000, "netIncome": 1412000000, "netIncomeRatio": 0.1684160305, "eps": 2.87, "epsdiluted": 2.86, "weightedAverageShsOut": 469400000, "weightedAverageShsOutDil": 471600000, "link": "https://www.sec.gov/Archives/edgar/data/927628/000092762819000177/0000927628-19-000177-index.htm", "finalLink": "https://www.sec.gov/Archives/edgar/data/927628/000092762819000177/cof-03312019x10q.htm"}, {"date": "2018-12-31", "symbol": "COF", "reportedCurrency": "USD", "cik": "0000927628", "fillingDate": "2019-02-20", "acceptedDate": "2019-02-20 15:52:42", "calendarYear": "2018", "period": "Q4", "revenue": 7742000000, "costOfRevenue": 2866000000, "grossProfit": 4876000000, "grossProfitRatio": 0.6298114182, "researchAndDevelopmentExpenses": 0, "generalAndAdministrativeExpenses": 1345000000, "sellingAndMarketingExpenses": 831000000, "sellingGeneralAndAdministrativeExpenses": 2176000000, "otherExpenses": 1457000000, "operatingExpenses": 3633000000, "costAndExpenses": 6499000000, "interestIncome": 7048000000, "interestExpense": 1228000000, "depreciationAndAmortization": 675000000, "ebitda": 1918000000, "ebitdaratio": 0.2477396022, "operatingIncome": 1243000000, "operatingIncomeRatio": 0.1605528287, "totalOtherIncomeExpensesNet": 0, "incomeBeforeTax": 1243000000, "incomeBeforeTaxRatio": 0.1605528287, "incomeTaxExpense": -21000000, "netIncome": 1261000000, "netIncomeRatio": 0.1628778094, "eps": 2.49, "epsdiluted": 2.48, "weightedAverageShsOut": 470000000, "weightedAverageShsOutDil": 472700000, "link": "https://www.sec.gov/Archives/edgar/data/927628/000092762819000093/0000927628-19-000093-index.htm", "finalLink": "https://www.sec.gov/Archives/edgar/data/927628/000092762819000093/cof-12312018x10k.htm"}, {"date": "2018-09-30", "symbol": "COF", "reportedCurrency": "USD", "cik": "0000927628", "fillingDate": "2018-11-01", "acceptedDate": "2018-10-31 17:56:39", "calendarYear": "2018", "period": "Q3", "revenue": 8071000000, "costOfRevenue": 2377000000, "grossProfit": 5694000000, "grossProfitRatio": 0.705488787, "researchAndDevelopmentExpenses": 0, "generalAndAdministrativeExpenses": 1432000000, "sellingAndMarketingExpenses": 504000000, "sellingGeneralAndAdministrativeExpenses": 1936000000, "otherExpenses": 1837000000, "operatingExpenses": 3773000000, "costAndExpenses": 6150000000, "interestIncome": 6895000000, "interestExpense": 1109000000, "depreciationAndAmortization": 589000000, "ebitda": 2510000000, "ebitdaratio": 0.3109899641, "operatingIncome": 1921000000, "operatingIncomeRatio": 0.2380126378, "totalOtherIncomeExpensesNet": 0, "incomeBeforeTax": 1921000000, "incomeBeforeTaxRatio": 0.2380126378, "incomeTaxExpense": 420000000, "netIncome": 1502000000, "netIncomeRatio": 0.1860983769, "eps": 3.01, "epsdiluted": 2.99, "weightedAverageShsOut": 477800000, "weightedAverageShsOutDil": 480900000, "link": "https://www.sec.gov/Archives/edgar/data/927628/000092762818000317/0000927628-18-000317-index.htm", "finalLink": "https://www.sec.gov/Archives/edgar/data/927628/000092762818000317/cof-09302018x10q.htm"}, {"date": "2018-06-30", "symbol": "COF", "reportedCurrency": "USD", "cik": "0000927628", "fillingDate": "2018-07-27", "acceptedDate": "2018-07-27 16:40:02", "calendarYear": "2018", "period": "Q2", "revenue": 8237000000, "costOfRevenue": 2321000000, "grossProfit": 5916000000, "grossProfitRatio": 0.7182226539, "researchAndDevelopmentExpenses": 0, "generalAndAdministrativeExpenses": 1430000000, "sellingAndMarketingExpenses": 425000000, "sellingGeneralAndAdministrativeExpenses": 1855000000, "otherExpenses": 1569000000, "operatingExpenses": 3424000000, "costAndExpenses": 5745000000, "interestIncome": 6596000000, "interestExpense": 1045000000, "depreciationAndAmortization": 582000000, "ebitda": 3074000000, "ebitdaratio": 0.3731941241, "operatingIncome": 2492000000, "operatingIncomeRatio": 0.3025373316, "totalOtherIncomeExpensesNet": 0, "incomeBeforeTax": 2492000000, "incomeBeforeTaxRatio": 0.3025373316, "incomeTaxExpense": 575000000, "netIncome": 1906000000, "netIncomeRatio": 0.2313949253, "eps": 3.74, "epsdiluted": 3.71, "weightedAverageShsOut": 485100000, "weightedAverageShsOutDil": 488300000, "link": "https://www.sec.gov/Archives/edgar/data/927628/000092762818000281/0000927628-18-000281-index.htm", "finalLink": "https://www.sec.gov/Archives/edgar/data/927628/000092762818000281/cof-06302018x10q.htm"}, {"date": "2018-03-31", "symbol": "COF", "reportedCurrency": "USD", "cik": "0000927628", "fillingDate": "2018-05-02", "acceptedDate": "2018-05-02 16:37:58", "calendarYear": "2018", "period": "Q1", "revenue": 7828000000, "costOfRevenue": 2593000000, "grossProfit": 5235000000, "grossProfitRatio": 0.6687531937, "researchAndDevelopmentExpenses": 0, "generalAndAdministrativeExpenses": 1520000000, "sellingAndMarketingExpenses": 414000000, "sellingGeneralAndAdministrativeExpenses": 1934000000, "otherExpenses": 1639000000, "operatingExpenses": 3573000000, "costAndExpenses": 6166000000, "interestIncome": 6637000000, "interestExpense": 919000000, "depreciationAndAmortization": 550000000, "ebitda": 2212000000, "ebitdaratio": 0.2825753705, "operatingIncome": 1662000000, "operatingIncomeRatio": 0.2123147675, "totalOtherIncomeExpensesNet": 0, "incomeBeforeTax": 1662000000, "incomeBeforeTaxRatio": 0.2123147675, "incomeTaxExpense": 319000000, "netIncome": 1346000000, "netIncomeRatio": 0.1719468574, "eps": 2.64, "epsdiluted": 2.62, "weightedAverageShsOut": 486900000, "weightedAverageShsOutDil": 490800000, "link": "https://www.sec.gov/Archives/edgar/data/927628/000092762818000179/0000927628-18-000179-index.htm", "finalLink": "https://www.sec.gov/Archives/edgar/data/927628/000092762818000179/cof-03312018x10q.htm"}, {"date": "2017-12-31", "symbol": "COF", "reportedCurrency": "USD", "cik": "0000927628", "fillingDate": "2018-02-21", "acceptedDate": "2018-02-21 17:01:17", "calendarYear": "2017", "period": "Q4", "revenue": 7804000000, "costOfRevenue": 2717000000, "grossProfit": 5087000000, "grossProfitRatio": 0.6518452076, "researchAndDevelopmentExpenses": 0, "generalAndAdministrativeExpenses": 1521000000, "sellingAndMarketingExpenses": 460000000, "sellingGeneralAndAdministrativeExpenses": 1981000000, "otherExpenses": 1798000000, "operatingExpenses": 3779000000, "costAndExpenses": 6496000000, "interestIncome": 6604000000, "interestExpense": 791000000, "depreciationAndAmortization": 721000000, "ebitda": 2029000000, "ebitdaratio": 0.2599948744, "operatingIncome": 1308000000, "operatingIncomeRatio": 0.1676063557, "totalOtherIncomeExpensesNet": 0, "incomeBeforeTax": 1308000000, "incomeBeforeTaxRatio": 0.1676063557, "incomeTaxExpense": 2170000000, "netIncome": -971000000, "netIncomeRatio": -0.1244233726, "eps": -2, "epsdiluted": -2, "weightedAverageShsOut": 504254000, "weightedAverageShsOutDil": 485700000, "link": "https://www.sec.gov/Archives/edgar/data/927628/000092762818000107/0000927628-18-000107-index.htm", "finalLink": "https://www.sec.gov/Archives/edgar/data/927628/000092762818000107/cof-12312017x10k.htm"}, {"date": "2017-09-30", "symbol": "COF", "reportedCurrency": "USD", "cik": "0000927628", "fillingDate": "2017-11-01", "acceptedDate": "2017-11-01 16:55:15", "calendarYear": "2017", "period": "Q3", "revenue": 7705000000, "costOfRevenue": 2553000000, "grossProfit": 5152000000, "grossProfitRatio": 0.6686567164, "researchAndDevelopmentExpenses": 0, "generalAndAdministrativeExpenses": 1524000000, "sellingAndMarketingExpenses": 379000000, "sellingGeneralAndAdministrativeExpenses": 1903000000, "otherExpenses": 1664000000, "operatingExpenses": 3567000000, "costAndExpenses": 6120000000, "interestIncome": 6420000000, "interestExpense": 720000000, "depreciationAndAmortization": 588000000, "ebitda": 2173000000, "ebitdaratio": 0.2820246593, "operatingIncome": 1585000000, "operatingIncomeRatio": 0.2057105775, "totalOtherIncomeExpensesNet": 0, "incomeBeforeTax": 1585000000, "incomeBeforeTaxRatio": 0.2057105775, "incomeTaxExpense": 448000000, "netIncome": 1107000000, "netIncomeRatio": 0.1436729396, "eps": 2.16, "epsdiluted": 2.14, "weightedAverageShsOut": 484900000, "weightedAverageShsOutDil": 489000000, "link": "https://www.sec.gov/Archives/edgar/data/927628/000092762817000279/0000927628-17-000279-index.htm", "finalLink": "https://www.sec.gov/Archives/edgar/data/927628/000092762817000279/cof-09302017x10q.htm"}, {"date": "2017-06-30", "symbol": "COF", "reportedCurrency": "USD", "cik": "0000927628", "fillingDate": "2017-07-28", "acceptedDate": "2017-07-28 16:06:12", "calendarYear": "2017", "period": "Q2", "revenue": 7359000000, "costOfRevenue": 2455000000, "grossProfit": 4904000000, "grossProfitRatio": 0.6663948906, "researchAndDevelopmentExpenses": 0, "generalAndAdministrativeExpenses": 1383000000, "sellingAndMarketingExpenses": 435000000, "sellingGeneralAndAdministrativeExpenses": 1818000000, "otherExpenses": 1596000000, "operatingExpenses": 3414000000, "costAndExpenses": 5869000000, "interestIncome": 6128000000, "interestExpense": 655000000, "depreciationAndAmortization": 565000000, "ebitda": 2055000000, "ebitdaratio": 0.2792498981, "operatingIncome": 1490000000, "operatingIncomeRatio": 0.2024731621, "totalOtherIncomeExpensesNet": 0, "incomeBeforeTax": 1490000000, "incomeBeforeTaxRatio": 0.2024731621, "incomeTaxExpense": 443000000, "netIncome": 1036000000, "netIncomeRatio": 0.1407799973, "eps": 1.96, "epsdiluted": 1.94, "weightedAverageShsOut": 484000000, "weightedAverageShsOutDil": 488100000, "link": "https://www.sec.gov/Archives/edgar/data/927628/000092762817000246/0000927628-17-000246-index.htm", "finalLink": "https://www.sec.gov/Archives/edgar/data/927628/000092762817000246/cof-06302017x10q.htm"}, {"date": "2017-03-31", "symbol": "COF", "reportedCurrency": "USD", "cik": "0000927628", "fillingDate": "2017-05-03", "acceptedDate": "2017-05-03 16:50:22", "calendarYear": "2017", "period": "Q1", "revenue": 7131000000, "costOfRevenue": 2588000000, "grossProfit": 4543000000, "grossProfitRatio": 0.6370775487, "researchAndDevelopmentExpenses": 0, "generalAndAdministrativeExpenses": 1471000000, "sellingAndMarketingExpenses": 396000000, "sellingGeneralAndAdministrativeExpenses": 1867000000, "otherExpenses": 1567000000, "operatingExpenses": 3434000000, "costAndExpenses": 6022000000, "interestIncome": 6070000000, "interestExpense": 596000000, "depreciationAndAmortization": 566000000, "ebitda": 1675000000, "ebitdaratio": 0.2348899173, "operatingIncome": 1109000000, "operatingIncomeRatio": 0.1555181601, "totalOtherIncomeExpensesNet": 0, "incomeBeforeTax": 1109000000, "incomeBeforeTaxRatio": 0.1555181601, "incomeTaxExpense": 314000000, "netIncome": 810000000, "netIncomeRatio": 0.113588557, "eps": 1.56, "epsdiluted": 1.54, "weightedAverageShsOut": 482300000, "weightedAverageShsOutDil": 487900000, "link": "https://www.sec.gov/Archives/edgar/data/927628/000092762817000179/0000927628-17-000179-index.htm", "finalLink": "https://www.sec.gov/Archives/edgar/data/927628/000092762817000179/cof-03312017x10q.htm"}, {"date": "2016-12-31", "symbol": "COF", "reportedCurrency": "USD", "cik": "0000927628", "fillingDate": "2017-02-23", "acceptedDate": "2017-02-23 16:30:02", "calendarYear": "2016", "period": "Q4", "revenue": 7128000000, "costOfRevenue": 2314000000, "grossProfit": 4814000000, "grossProfitRatio": 0.6753647587, "researchAndDevelopmentExpenses": 0, "generalAndAdministrativeExpenses": 1336000000, "sellingAndMarketingExpenses": 575000000, "sellingGeneralAndAdministrativeExpenses": 1911000000, "otherExpenses": 1768000000, "operatingExpenses": 3679000000, "costAndExpenses": 5993000000, "interestIncome": 6009000000, "interestExpense": 562000000, "depreciationAndAmortization": 609000000, "ebitda": 1744000000, "ebitdaratio": 0.2446689113, "operatingIncome": 1135000000, "operatingIncomeRatio": 0.1592312009, "totalOtherIncomeExpensesNet": 0, "incomeBeforeTax": 1135000000, "incomeBeforeTaxRatio": 0.1592312009, "incomeTaxExpense": 342000000, "netIncome": 791000000, "netIncomeRatio": 0.1109708193, "eps": 1.47, "epsdiluted": 1.45, "weightedAverageShsOut": 483500000, "weightedAverageShsOutDil": 489200000, "link": "https://www.sec.gov/Archives/edgar/data/927628/000092762817000115/0000927628-17-000115-index.htm", "finalLink": "https://www.sec.gov/Archives/edgar/data/927628/000092762817000115/cof-12312016x10k.htm"}, {"date": "2016-09-30", "symbol": "COF", "reportedCurrency": "USD", "cik": "0000927628", "fillingDate": "2016-11-03", "acceptedDate": "2016-11-02 17:36:57", "calendarYear": "2016", "period": "Q3", "revenue": 6978000000, "costOfRevenue": 2105000000, "grossProfit": 4873000000, "grossProfitRatio": 0.6983376326, "researchAndDevelopmentExpenses": 0, "generalAndAdministrativeExpenses": 1317000000, "sellingAndMarketingExpenses": 393000000, "sellingGeneralAndAdministrativeExpenses": 1710000000, "otherExpenses": 1651000000, "operatingExpenses": 3361000000, "costAndExpenses": 5466000000, "interestIncome": 5794000000, "interestExpense": 517000000, "depreciationAndAmortization": 612000000, "ebitda": 2124000000, "ebitdaratio": 0.3043852107, "operatingIncome": 1512000000, "operatingIncomeRatio": 0.2166809974, "totalOtherIncomeExpensesNet": 0, "incomeBeforeTax": 1512000000, "incomeBeforeTaxRatio": 0.2166809974, "incomeTaxExpense": 496000000, "netIncome": 1005000000, "netIncomeRatio": 0.1440240757, "eps": 1.92, "epsdiluted": 1.9, "weightedAverageShsOut": 501100000, "weightedAverageShsOutDil": 505900000, "link": "https://www.sec.gov/Archives/edgar/data/927628/000092762816000228/0000927628-16-000228-index.htm", "finalLink": "https://www.sec.gov/Archives/edgar/data/927628/000092762816000228/cof-09302016x10q.htm"}, {"date": "2016-06-30", "symbol": "COF", "reportedCurrency": "USD", "cik": "0000927628", "fillingDate": "2016-08-01", "acceptedDate": "2016-07-29 17:38:18", "calendarYear": "2016", "period": "Q2", "revenue": 6732000000, "costOfRevenue": 2070000000, "grossProfit": 4662000000, "grossProfitRatio": 0.692513369, "researchAndDevelopmentExpenses": 0, "generalAndAdministrativeExpenses": 1279000000, "sellingAndMarketingExpenses": 415000000, "sellingGeneralAndAdministrativeExpenses": 1694000000, "otherExpenses": 1601000000, "operatingExpenses": 3295000000, "costAndExpenses": 5365000000, "interestIncome": 5571000000, "interestExpense": 478000000, "depreciationAndAmortization": 616000000, "ebitda": 1983000000, "ebitdaratio": 0.2945632799, "operatingIncome": 1367000000, "operatingIncomeRatio": 0.2030600119, "totalOtherIncomeExpensesNet": 0, "incomeBeforeTax": 1367000000, "incomeBeforeTaxRatio": 0.2030600119, "incomeTaxExpense": 424000000, "netIncome": 942000000, "netIncomeRatio": 0.1399286988, "eps": 1.7, "epsdiluted": 1.69, "weightedAverageShsOut": 511700000, "weightedAverageShsOutDil": 516500000, "link": "https://www.sec.gov/Archives/edgar/data/927628/000092762816000200/0000927628-16-000200-index.htm", "finalLink": "https://www.sec.gov/Archives/edgar/data/927628/000092762816000200/cof-06302016x10q.htm"}, {"date": "2016-03-31", "symbol": "COF", "reportedCurrency": "USD", "cik": "0000927628", "fillingDate": "2016-05-04", "acceptedDate": "2016-05-04 15:59:16", "calendarYear": "2016", "period": "Q1", "revenue": 6681000000, "costOfRevenue": 1988000000, "grossProfit": 4693000000, "grossProfitRatio": 0.7024397545, "researchAndDevelopmentExpenses": 0, "generalAndAdministrativeExpenses": 1270000000, "sellingAndMarketingExpenses": 428000000, "sellingGeneralAndAdministrativeExpenses": 1698000000, "otherExpenses": 1525000000, "operatingExpenses": 3223000000, "costAndExpenses": 5211000000, "interestIncome": 5517000000, "interestExpense": 461000000, "depreciationAndAmortization": 591000000, "ebitda": 2061000000, "ebitdaratio": 0.3084867535, "operatingIncome": 1470000000, "operatingIncomeRatio": 0.2200269421, "totalOtherIncomeExpensesNet": 0, "incomeBeforeTax": 1470000000, "incomeBeforeTaxRatio": 0.2200269421, "incomeTaxExpense": 452000000, "netIncome": 1013000000, "netIncomeRatio": 0.1516240084, "eps": 1.85, "epsdiluted": 1.84, "weightedAverageShsOut": 523500000, "weightedAverageShsOutDil": 528000000, "link": "https://www.sec.gov/Archives/edgar/data/927628/000092762816000160/0000927628-16-000160-index.htm", "finalLink": "https://www.sec.gov/Archives/edgar/data/927628/000092762816000160/cof-03312016x10q.htm"}, {"date": "2015-12-31", "symbol": "COF", "reportedCurrency": "USD", "cik": "0000927628", "fillingDate": "2016-02-25", "acceptedDate": "2016-02-25 16:59:23", "calendarYear": "2015", "period": "Q4", "revenue": 6617000000, "costOfRevenue": 1803000000, "grossProfit": 4814000000, "grossProfitRatio": 0.7275200242, "researchAndDevelopmentExpenses": 0, "generalAndAdministrativeExpenses": 1215000000, "sellingAndMarketingExpenses": 564000000, "sellingGeneralAndAdministrativeExpenses": 1779000000, "otherExpenses": 1701000000, "operatingExpenses": 3480000000, "costAndExpenses": 5283000000, "interestIncome": 5384000000, "interestExpense": 423000000, "depreciationAndAmortization": 542000000, "ebitda": 1876000000, "ebitdaratio": 0.2835121656, "operatingIncome": 1334000000, "operatingIncomeRatio": 0.2016019344, "totalOtherIncomeExpensesNet": 0, "incomeBeforeTax": 1334000000, "incomeBeforeTaxRatio": 0.2016019344, "incomeTaxExpense": 426000000, "netIncome": 920000000, "netIncomeRatio": 0.1390358168, "eps": 1.6, "epsdiluted": 1.58, "weightedAverageShsOut": 530800000, "weightedAverageShsOutDil": 536300000, "link": "https://www.sec.gov/Archives/edgar/data/927628/000092762816000140/0000927628-16-000140-index.htm", "finalLink": "https://www.sec.gov/Archives/edgar/data/927628/000092762816000140/cof-12312015x10k.htm"}, {"date": "2015-09-30", "symbol": "COF", "reportedCurrency": "USD", "cik": "0000927628", "fillingDate": "2015-11-02", "acceptedDate": "2015-11-02 17:09:03", "calendarYear": "2015", "period": "Q3", "revenue": 6304000000, "costOfRevenue": 1496000000, "grossProfit": 4808000000, "grossProfitRatio": 0.7626903553, "researchAndDevelopmentExpenses": 0, "generalAndAdministrativeExpenses": 1189000000, "sellingAndMarketingExpenses": 418000000, "sellingGeneralAndAdministrativeExpenses": 1607000000, "otherExpenses": 1553000000, "operatingExpenses": 3160000000, "costAndExpenses": 4656000000, "interestIncome": 5164000000, "interestExpense": 404000000, "depreciationAndAmortization": 546000000, "ebitda": 2194000000, "ebitdaratio": 0.3480329949, "operatingIncome": 1648000000, "operatingIncomeRatio": 0.2614213198, "totalOtherIncomeExpensesNet": 0, "incomeBeforeTax": 1648000000, "incomeBeforeTaxRatio": 0.2614213198, "incomeTaxExpense": 530000000, "netIncome": 1114000000, "netIncomeRatio": 0.176713198, "eps": 2, "epsdiluted": 1.98, "weightedAverageShsOut": 540600000, "weightedAverageShsOutDil": 546300000, "link": "https://www.sec.gov/Archives/edgar/data/927628/000092762815000106/0000927628-15-000106-index.htm", "finalLink": "https://www.sec.gov/Archives/edgar/data/927628/000092762815000106/cof-09302015x10q.htm"}, {"date": "2015-06-30", "symbol": "COF", "reportedCurrency": "USD", "cik": "0000927628", "fillingDate": "2015-08-03", "acceptedDate": "2015-08-03 16:32:14", "calendarYear": "2015", "period": "Q2", "revenue": 6072000000, "costOfRevenue": 1529000000, "grossProfit": 4543000000, "grossProfitRatio": 0.7481884058, "researchAndDevelopmentExpenses": 0, "generalAndAdministrativeExpenses": 1360000000, "sellingAndMarketingExpenses": 387000000, "sellingGeneralAndAdministrativeExpenses": 1747000000, "otherExpenses": 1560000000, "operatingExpenses": 3307000000, "costAndExpenses": 4836000000, "interestIncome": 4937000000, "interestExpense": 400000000, "depreciationAndAmortization": 529000000, "ebitda": 1765000000, "ebitdaratio": 0.2906785244, "operatingIncome": 1236000000, "operatingIncomeRatio": 0.2035573123, "totalOtherIncomeExpensesNet": 0, "incomeBeforeTax": 1236000000, "incomeBeforeTaxRatio": 0.2035573123, "incomeTaxExpense": 384000000, "netIncome": 863000000, "netIncomeRatio": 0.1421277997, "eps": 1.52, "epsdiluted": 1.5, "weightedAverageShsOut": 545600000, "weightedAverageShsOutDil": 552000000, "link": "https://www.sec.gov/Archives/edgar/data/927628/000092762815000083/0000927628-15-000083-index.htm", "finalLink": "https://www.sec.gov/Archives/edgar/data/927628/000092762815000083/cof-06302015x10q.htm"}, {"date": "2015-03-31", "symbol": "COF", "reportedCurrency": "USD", "cik": "0000927628", "fillingDate": "2015-05-05", "acceptedDate": "2015-05-05 15:40:39", "calendarYear": "2015", "period": "Q1", "revenue": 6045000000, "costOfRevenue": 1333000000, "grossProfit": 4712000000, "grossProfitRatio": 0.7794871795, "researchAndDevelopmentExpenses": 0, "generalAndAdministrativeExpenses": 1211000000, "sellingAndMarketingExpenses": 375000000, "sellingGeneralAndAdministrativeExpenses": 1586000000, "otherExpenses": 1463000000, "operatingExpenses": 3049000000, "costAndExpenses": 4382000000, "interestIncome": 4974000000, "interestExpense": 398000000, "depreciationAndAmortization": 483000000, "ebitda": 2146000000, "ebitdaratio": 0.3550041356, "operatingIncome": 1663000000, "operatingIncomeRatio": 0.2751033912, "totalOtherIncomeExpensesNet": 0, "incomeBeforeTax": 1663000000, "incomeBeforeTaxRatio": 0.2751033912, "incomeTaxExpense": 529000000, "netIncome": 1153000000, "netIncomeRatio": 0.1907361456, "eps": 2.03, "epsdiluted": 2, "weightedAverageShsOut": 550200000, "weightedAverageShsOutDil": 557200000, "link": "https://www.sec.gov/Archives/edgar/data/927628/000092762815000052/0000927628-15-000052-index.htm", "finalLink": "https://www.sec.gov/Archives/edgar/data/927628/000092762815000052/cof-03312015x10q.htm"}, {"date": "2014-12-31", "symbol": "COF", "reportedCurrency": "USD", "cik": "0000927628", "fillingDate": "2015-02-24", "acceptedDate": "2015-02-24 17:18:28", "calendarYear": "2014", "period": "Q4", "revenue": 6202000000, "costOfRevenue": 1498000000, "grossProfit": 4704000000, "grossProfitRatio": 0.7584650113, "researchAndDevelopmentExpenses": 0, "generalAndAdministrativeExpenses": 1179000000, "sellingAndMarketingExpenses": 509000000, "sellingGeneralAndAdministrativeExpenses": 1688000000, "otherExpenses": 1596000000, "operatingExpenses": 3284000000, "costAndExpenses": 4782000000, "interestIncome": 5045000000, "interestExpense": 389000000, "depreciationAndAmortization": 470000000, "ebitda": 1890000000, "ebitdaratio": 0.3047404063, "operatingIncome": 1420000000, "operatingIncomeRatio": 0.2289584005, "totalOtherIncomeExpensesNet": 0, "incomeBeforeTax": 1420000000, "incomeBeforeTaxRatio": 0.2289584005, "incomeTaxExpense": 450000000, "netIncome": 999000000, "netIncomeRatio": 0.1610770719, "eps": 1.76, "epsdiluted": 1.73, "weightedAverageShsOut": 554300000, "weightedAverageShsOutDil": 561800000, "link": "https://www.sec.gov/Archives/edgar/data/927628/000092762815000026/0000927628-15-000026-index.htm", "finalLink": "https://www.sec.gov/Archives/edgar/data/927628/000092762815000026/cof-12312014x10k.htm"}, {"date": "2014-09-30", "symbol": "COF", "reportedCurrency": "USD", "cik": "0000927628", "fillingDate": "2014-11-03", "acceptedDate": "2014-11-03 17:21:48", "calendarYear": "2014", "period": "Q3", "revenue": 6029000000, "costOfRevenue": 1383000000, "grossProfit": 4646000000, "grossProfitRatio": 0.7706087245, "researchAndDevelopmentExpenses": 0, "generalAndAdministrativeExpenses": 1128000000, "sellingAndMarketingExpenses": 392000000, "sellingGeneralAndAdministrativeExpenses": 1520000000, "otherExpenses": 1465000000, "operatingExpenses": 2985000000, "costAndExpenses": 4368000000, "interestIncome": 4887000000, "interestExpense": 390000000, "depreciationAndAmortization": 515000000, "ebitda": 2176000000, "ebitdaratio": 0.3609222093, "operatingIncome": 1661000000, "operatingIncomeRatio": 0.2755017416, "totalOtherIncomeExpensesNet": 0, "incomeBeforeTax": 1661000000, "incomeBeforeTaxRatio": 0.2755017416, "incomeTaxExpense": 536000000, "netIncome": 1081000000, "netIncomeRatio": 0.1793000498, "eps": 1.89, "epsdiluted": 1.86, "weightedAverageShsOut": 559900000, "weightedAverageShsOutDil": 567900000, "link": "https://www.sec.gov/Archives/edgar/data/927628/000092762814000020/0000927628-14-000020-index.htm", "finalLink": "https://www.sec.gov/Archives/edgar/data/927628/000092762814000020/cof-09302014x10q.htm"}, {"date": "2014-06-30", "symbol": "COF", "reportedCurrency": "USD", "cik": "0000927628", "fillingDate": "2014-08-05", "acceptedDate": "2014-08-05 16:40:52", "calendarYear": "2014", "period": "Q2", "revenue": 5865000000, "costOfRevenue": 1101000000, "grossProfit": 4764000000, "grossProfitRatio": 0.8122762148, "researchAndDevelopmentExpenses": 0, "generalAndAdministrativeExpenses": 1125000000, "sellingAndMarketingExpenses": 335000000, "sellingGeneralAndAdministrativeExpenses": 1460000000, "otherExpenses": 1519000000, "operatingExpenses": 2979000000, "costAndExpenses": 4080000000, "interestIncome": 4712000000, "interestExpense": 397000000, "depreciationAndAmortization": 503000000, "ebitda": 2288000000, "ebitdaratio": 0.3901108269, "operatingIncome": 1785000000, "operatingIncomeRatio": 0.3043478261, "totalOtherIncomeExpensesNet": 0, "incomeBeforeTax": 1785000000, "incomeBeforeTaxRatio": 0.3043478261, "incomeTaxExpense": 581000000, "netIncome": 1194000000, "netIncomeRatio": 0.2035805627, "eps": 2.07, "epsdiluted": 2.04, "weightedAverageShsOut": 567500000, "weightedAverageShsOutDil": 577600000, "link": "https://www.sec.gov/Archives/edgar/data/927628/000119312514295896/0001193125-14-295896-index.htm", "finalLink": "https://www.sec.gov/Archives/edgar/data/927628/000119312514295896/d743364d10q.htm"}, {"date": "2014-03-31", "symbol": "COF", "reportedCurrency": "USD", "cik": "0000927628", "fillingDate": "2014-05-06", "acceptedDate": "2014-05-06 17:17:47", "calendarYear": "2014", "period": "Q1", "revenue": 5773000000, "costOfRevenue": 1138000000, "grossProfit": 4635000000, "grossProfitRatio": 0.8028754547, "researchAndDevelopmentExpenses": 0, "generalAndAdministrativeExpenses": 1161000000, "sellingAndMarketingExpenses": 325000000, "sellingGeneralAndAdministrativeExpenses": 1486000000, "otherExpenses": 1446000000, "operatingExpenses": 2932000000, "costAndExpenses": 4070000000, "interestIncome": 4753000000, "interestExpense": 403000000, "depreciationAndAmortization": 514000000, "ebitda": 2217000000, "ebitdaratio": 0.384029101, "operatingIncome": 1703000000, "operatingIncomeRatio": 0.2949939373, "totalOtherIncomeExpensesNet": 0, "incomeBeforeTax": 1703000000, "incomeBeforeTaxRatio": 0.2949939373, "incomeTaxExpense": 579000000, "netIncome": 1154000000, "netIncomeRatio": 0.1998960679, "eps": 1.99, "epsdiluted": 1.96, "weightedAverageShsOut": 571000000, "weightedAverageShsOutDil": 580300000, "link": "https://www.sec.gov/Archives/edgar/data/927628/000119312514185156/0001193125-14-185156-index.htm", "finalLink": "https://www.sec.gov/Archives/edgar/data/927628/000119312514185156/d690500d10q.htm"}, {"date": "2013-12-31", "symbol": "COF", "reportedCurrency": "USD", "cik": "0000927628", "fillingDate": "2014-02-27", "acceptedDate": "2014-02-27 17:30:41", "calendarYear": "2013", "period": "Q4", "revenue": 5960000000, "costOfRevenue": 1373000000, "grossProfit": 4587000000, "grossProfitRatio": 0.7696308725, "researchAndDevelopmentExpenses": 0, "generalAndAdministrativeExpenses": 1103000000, "sellingAndMarketingExpenses": 427000000, "sellingGeneralAndAdministrativeExpenses": 1530000000, "otherExpenses": 1750000000, "operatingExpenses": 3280000000, "costAndExpenses": 4653000000, "interestIncome": 4839000000, "interestExpense": 416000000, "depreciationAndAmortization": 418000000, "ebitda": 1725000000, "ebitdaratio": 0.2894295302, "operatingIncome": 1307000000, "operatingIncomeRatio": 0.219295302, "totalOtherIncomeExpensesNet": 0, "incomeBeforeTax": 1307000000, "incomeBeforeTaxRatio": 0.219295302, "incomeTaxExpense": 425000000, "netIncome": 859000000, "netIncomeRatio": 0.1441275168, "eps": 1.47, "epsdiluted": 1.45, "weightedAverageShsOut": 582600000, "weightedAverageShsOutDil": 582600000, "link": "https://www.sec.gov/Archives/edgar/data/927628/000119312514073467/0001193125-14-073467-index.htm", "finalLink": "https://www.sec.gov/Archives/edgar/data/927628/000119312514073467/d637300d10k.htm"}, {"date": "2013-09-30", "symbol": "COF", "reportedCurrency": "USD", "cik": "0000927628", "fillingDate": "2013-11-06", "acceptedDate": "2013-11-06 17:30:02", "calendarYear": "2013", "period": "Q3", "revenue": 6089000000, "costOfRevenue": 1287000000, "grossProfit": 4802000000, "grossProfitRatio": 0.7886352439, "researchAndDevelopmentExpenses": 0, "generalAndAdministrativeExpenses": 1152000000, "sellingAndMarketingExpenses": 299000000, "sellingGeneralAndAdministrativeExpenses": 1451000000, "otherExpenses": 1658000000, "operatingExpenses": 3109000000, "costAndExpenses": 4396000000, "interestIncome": 4998000000, "interestExpense": 438000000, "depreciationAndAmortization": 495000000, "ebitda": 2188000000, "ebitdaratio": 0.3593365085, "operatingIncome": 1693000000, "operatingIncomeRatio": 0.2780423715, "totalOtherIncomeExpensesNet": 0, "incomeBeforeTax": 1693000000, "incomeBeforeTaxRatio": 0.2780423715, "incomeTaxExpense": 575000000, "netIncome": 1105000000, "netIncomeRatio": 0.1814747906, "eps": 1.89, "epsdiluted": 1.86, "weightedAverageShsOut": 582300000, "weightedAverageShsOutDil": 591100000, "link": "https://www.sec.gov/Archives/edgar/data/927628/000119312513430469/0001193125-13-430469-index.htm", "finalLink": "https://www.sec.gov/Archives/edgar/data/927628/000119312513430469/d589490d10q.htm"}, {"date": "2013-06-30", "symbol": "COF", "reportedCurrency": "USD", "cik": "0000927628", "fillingDate": "2013-08-08", "acceptedDate": "2013-08-08 15:19:55", "calendarYear": "2013", "period": "Q2", "revenue": 6095000000, "costOfRevenue": 1219000000, "grossProfit": 4876000000, "grossProfitRatio": 0.8, "researchAndDevelopmentExpenses": 0, "generalAndAdministrativeExpenses": 1118000000, "sellingAndMarketingExpenses": 330000000, "sellingGeneralAndAdministrativeExpenses": 1448000000, "otherExpenses": 1570000000, "operatingExpenses": 3018000000, "costAndExpenses": 4237000000, "interestIncome": 5010000000, "interestExpense": 457000000, "depreciationAndAmortization": 811000000, "ebitda": 2669000000, "ebitdaratio": 0.437899918, "operatingIncome": 1858000000, "operatingIncomeRatio": 0.3048400328, "totalOtherIncomeExpensesNet": 0, "incomeBeforeTax": 1858000000, "incomeBeforeTaxRatio": 0.3048400328, "incomeTaxExpense": 631000000, "netIncome": 1117000000, "netIncomeRatio": 0.1832649713, "eps": 1.89, "epsdiluted": 1.87, "weightedAverageShsOut": 581500000, "weightedAverageShsOutDil": 588800000, "link": "https://www.sec.gov/Archives/edgar/data/927628/000119312513326620/0001193125-13-326620-index.htm", "finalLink": "https://www.sec.gov/Archives/edgar/data/927628/000119312513326620/d543200d10q.htm"}, {"date": "2013-03-31", "symbol": "COF", "reportedCurrency": "USD", "cik": "0000927628", "fillingDate": "2013-05-09", "acceptedDate": "2013-05-09 14:59:12", "calendarYear": "2013", "period": "Q1", "revenue": 6032000000, "costOfRevenue": 1366000000, "grossProfit": 4666000000, "grossProfitRatio": 0.7735411141, "researchAndDevelopmentExpenses": 0, "generalAndAdministrativeExpenses": 1095000000, "sellingAndMarketingExpenses": 317000000, "sellingGeneralAndAdministrativeExpenses": 1412000000, "otherExpenses": 1579000000, "operatingExpenses": 2991000000, "costAndExpenses": 4357000000, "interestIncome": 5051000000, "interestExpense": 481000000, "depreciationAndAmortization": 341000000, "ebitda": 2016000000, "ebitdaratio": 0.3342175066, "operatingIncome": 1675000000, "operatingIncomeRatio": 0.2776856764, "totalOtherIncomeExpensesNet": 0, "incomeBeforeTax": 1675000000, "incomeBeforeTaxRatio": 0.2776856764, "incomeTaxExpense": 541000000, "netIncome": 1066000000, "netIncomeRatio": 0.1767241379, "eps": 1.81, "epsdiluted": 1.79, "weightedAverageShsOut": 580500000, "weightedAverageShsOutDil": 586300000, "link": "https://www.sec.gov/Archives/edgar/data/927628/000119312513210712/0001193125-13-210712-index.htm", "finalLink": "https://www.sec.gov/Archives/edgar/data/927628/000119312513210712/d501766d10q.htm"}, {"date": "2012-12-31", "symbol": "COF", "reportedCurrency": "USD", "cik": "0000927628", "fillingDate": "2013-02-28", "acceptedDate": "2013-02-28 16:19:23", "calendarYear": "2012", "period": "Q4", "revenue": 5577000000, "costOfRevenue": 1738000000, "grossProfit": 3839000000, "grossProfitRatio": 0.6883629191, "researchAndDevelopmentExpenses": 0, "generalAndAdministrativeExpenses": 466000000, "sellingAndMarketingExpenses": 393000000, "sellingGeneralAndAdministrativeExpenses": 859000000, "otherExpenses": 1762000000, "operatingExpenses": 2621000000, "costAndExpenses": 4359000000, "interestIncome": 5115000000, "interestExpense": 587000000, "depreciationAndAmortization": 605000000, "ebitda": 1823000000, "ebitdaratio": 0.32687825, "operatingIncome": 1218000000, "operatingIncomeRatio": 0.2183969876, "totalOtherIncomeExpensesNet": 0, "incomeBeforeTax": 1218000000, "incomeBeforeTaxRatio": 0.2183969876, "incomeTaxExpense": 370000000, "netIncome": 843000000, "netIncomeRatio": 0.1511565358, "eps": 1.42, "epsdiluted": 1.41, "weightedAverageShsOut": 579200000, "weightedAverageShsOutDil": 585600000, "link": "https://www.sec.gov/Archives/edgar/data/927628/000119312513084249/0001193125-13-084249-index.htm", "finalLink": "https://www.sec.gov/Archives/edgar/data/927628/000119312513084249/d447949d10k.htm"}, {"date": "2012-09-30", "symbol": "COF", "reportedCurrency": "USD", "cik": "0000927628", "fillingDate": "2012-11-08", "acceptedDate": "2012-11-08 12:23:25", "calendarYear": "2012", "period": "Q3", "revenue": 6390000000, "costOfRevenue": 1622000000, "grossProfit": 4768000000, "grossProfitRatio": 0.7461658842, "researchAndDevelopmentExpenses": 0, "generalAndAdministrativeExpenses": 1002000000, "sellingAndMarketingExpenses": 316000000, "sellingGeneralAndAdministrativeExpenses": 1318000000, "otherExpenses": 1727000000, "operatingExpenses": 3045000000, "costAndExpenses": 4667000000, "interestIncome": 5254000000, "interestExpense": 608000000, "depreciationAndAmortization": 586000000, "ebitda": 2309000000, "ebitdaratio": 0.3613458529, "operatingIncome": 1723000000, "operatingIncomeRatio": 0.2696400626, "totalOtherIncomeExpensesNet": 0, "incomeBeforeTax": 1723000000, "incomeBeforeTaxRatio": 0.2696400626, "incomeTaxExpense": 535000000, "netIncome": 1178000000, "netIncomeRatio": 0.1843505477, "eps": 2.03, "epsdiluted": 2.01, "weightedAverageShsOut": 578300000, "weightedAverageShsOutDil": 584100000, "link": "https://www.sec.gov/Archives/edgar/data/927628/000119312512459690/0001193125-12-459690-index.htm", "finalLink": "https://www.sec.gov/Archives/edgar/data/927628/000119312512459690/d406131d10q.htm"}, {"date": "2012-06-30", "symbol": "COF", "reportedCurrency": "USD", "cik": "0000927628", "fillingDate": "2012-08-09", "acceptedDate": "2012-08-09 13:24:21", "calendarYear": "2012", "period": "Q2", "revenue": 5670000000, "costOfRevenue": 2292000000, "grossProfit": 3378000000, "grossProfitRatio": 0.5957671958, "researchAndDevelopmentExpenses": 0, "generalAndAdministrativeExpenses": 971000000, "sellingAndMarketingExpenses": 334000000, "sellingGeneralAndAdministrativeExpenses": 1305000000, "otherExpenses": 1837000000, "operatingExpenses": 3142000000, "costAndExpenses": 5434000000, "interestIncome": 4616000000, "interestExpense": 615000000, "depreciationAndAmortization": 451000000, "ebitda": 687000000, "ebitdaratio": 0.1211640212, "operatingIncome": 236000000, "operatingIncomeRatio": 0.041622575, "totalOtherIncomeExpensesNet": 0, "incomeBeforeTax": 236000000, "incomeBeforeTaxRatio": 0.041622575, "incomeTaxExpense": 43000000, "netIncome": 93000000, "netIncomeRatio": 0.0164021164, "eps": 0.16, "epsdiluted": 0.16, "weightedAverageShsOut": 577700000, "weightedAverageShsOutDil": 582800000, "link": "https://www.sec.gov/Archives/edgar/data/927628/000119312512346704/0001193125-12-346704-index.htm", "finalLink": "https://www.sec.gov/Archives/edgar/data/927628/000119312512346704/d358997d10q.htm"}, {"date": "2012-03-31", "symbol": "COF", "reportedCurrency": "USD", "cik": "0000927628", "fillingDate": "2012-05-08", "acceptedDate": "2012-05-08 08:30:43", "calendarYear": "2012", "period": "Q1", "revenue": 4906000000, "costOfRevenue": 1138000000, "grossProfit": 3768000000, "grossProfitRatio": 0.7680391358, "researchAndDevelopmentExpenses": 0, "generalAndAdministrativeExpenses": 864000000, "sellingAndMarketingExpenses": 321000000, "sellingGeneralAndAdministrativeExpenses": 1185000000, "otherExpenses": 725000000, "operatingExpenses": 1910000000, "costAndExpenses": 3048000000, "interestIncome": 3979000000, "interestExpense": 565000000, "depreciationAndAmortization": 220000000, "ebitda": 2078000000, "ebitdaratio": 0.4235629841, "operatingIncome": 1858000000, "operatingIncomeRatio": 0.3787199348, "totalOtherIncomeExpensesNet": 0, "incomeBeforeTax": 1858000000, "incomeBeforeTaxRatio": 0.3787199348, "incomeTaxExpense": 353000000, "netIncome": 1403000000, "netIncomeRatio": 0.2859763555, "eps": 2.74, "epsdiluted": 2.72, "weightedAverageShsOut": 508700000, "weightedAverageShsOutDil": 513100000, "link": "https://www.sec.gov/Archives/edgar/data/927628/000119312512216807/0001193125-12-216807-index.htm", "finalLink": "https://www.sec.gov/Archives/edgar/data/927628/000119312512216807/d311186d10q.htm"}, {"date": "2011-12-31", "symbol": "COF", "reportedCurrency": "USD", "cik": "0000927628", "fillingDate": "2012-02-29", "acceptedDate": "2012-02-28 18:55:20", "calendarYear": "2011", "period": "Q4", "revenue": 4554000000, "costOfRevenue": 1380000000, "grossProfit": 3174000000, "grossProfitRatio": 0.696969697, "researchAndDevelopmentExpenses": 0, "generalAndAdministrativeExpenses": 852000000, "sellingAndMarketingExpenses": 420000000, "sellingGeneralAndAdministrativeExpenses": 1272000000, "otherExpenses": 1331000000, "operatingExpenses": 2603000000, "costAndExpenses": 3983000000, "interestIncome": 3701000000, "interestExpense": 519000000, "depreciationAndAmortization": 176000000, "ebitda": 747000000, "ebitdaratio": 0.1640316206, "operatingIncome": 571000000, "operatingIncomeRatio": 0.1253842776, "totalOtherIncomeExpensesNet": 0, "incomeBeforeTax": 571000000, "incomeBeforeTaxRatio": 0.1253842776, "incomeTaxExpense": 160000000, "netIncome": 407000000, "netIncomeRatio": 0.0893719807, "eps": 0.8, "epsdiluted": 0.8, "weightedAverageShsOut": 508700000, "weightedAverageShsOutDil": 508700000, "link": "https://www.sec.gov/Archives/edgar/data/927628/000119312512086138/0001193125-12-086138-index.htm", "finalLink": "https://www.sec.gov/Archives/edgar/data/927628/000119312512086138/d258810d10k.htm"}, {"date": "2011-09-30", "symbol": "COF", "reportedCurrency": "USD", "cik": "0000927628", "fillingDate": "2011-11-07", "acceptedDate": "2011-11-07 17:24:51", "calendarYear": "2011", "period": "Q3", "revenue": 4712000000, "costOfRevenue": 1174000000, "grossProfit": 3538000000, "grossProfitRatio": 0.7508488964, "researchAndDevelopmentExpenses": 0, "generalAndAdministrativeExpenses": 928000000, "sellingAndMarketingExpenses": 312000000, "sellingGeneralAndAdministrativeExpenses": 1240000000, "otherExpenses": 1063000000, "operatingExpenses": 2303000000, "costAndExpenses": 3477000000, "interestIncome": 3835000000, "interestExpense": 552000000, "depreciationAndAmortization": 110000000, "ebitda": 1345000000, "ebitdaratio": 0.2854414261, "operatingIncome": 1235000000, "operatingIncomeRatio": 0.2620967742, "totalOtherIncomeExpensesNet": 0, "incomeBeforeTax": 1235000000, "incomeBeforeTaxRatio": 0.2620967742, "incomeTaxExpense": 370000000, "netIncome": 813000000, "netIncomeRatio": 0.1725382003, "eps": 1.78, "epsdiluted": 1.77, "weightedAverageShsOut": 456000000, "weightedAverageShsOutDil": 460400000, "link": "https://www.sec.gov/Archives/edgar/data/927628/000119312511300062/0001193125-11-300062-index.htm", "finalLink": "https://www.sec.gov/Archives/edgar/data/927628/000119312511300062/d226389d10q.htm"}, {"date": "2011-06-30", "symbol": "COF", "reportedCurrency": "USD", "cik": "0000927628", "fillingDate": "2011-08-05", "acceptedDate": "2011-08-05 17:11:39", "calendarYear": "2011", "period": "Q2", "revenue": 4556000000, "costOfRevenue": 906000000, "grossProfit": 3650000000, "grossProfitRatio": 0.8011413521, "researchAndDevelopmentExpenses": 0, "generalAndAdministrativeExpenses": 877000000, "sellingAndMarketingExpenses": 329000000, "sellingGeneralAndAdministrativeExpenses": 1206000000, "otherExpenses": 1049000000, "operatingExpenses": 2255000000, "costAndExpenses": 3161000000, "interestIncome": 3699000000, "interestExpense": 563000000, "depreciationAndAmortization": 132000000, "ebitda": 1527000000, "ebitdaratio": 0.3351624232, "operatingIncome": 1395000000, "operatingIncomeRatio": 0.30618964, "totalOtherIncomeExpensesNet": 0, "incomeBeforeTax": 1395000000, "incomeBeforeTaxRatio": 0.30618964, "incomeTaxExpense": 450000000, "netIncome": 911000000, "netIncomeRatio": 0.1999561018, "eps": 2, "epsdiluted": 1.97, "weightedAverageShsOut": 455600000, "weightedAverageShsOutDil": 462200000, "link": "https://www.sec.gov/Archives/edgar/data/927628/000119312511212562/0001193125-11-212562-index.htm", "finalLink": "https://www.sec.gov/Archives/edgar/data/927628/000119312511212562/d10q.htm"}, {"date": "2011-03-31", "symbol": "COF", "reportedCurrency": "USD", "cik": "0000927628", "fillingDate": "2011-05-10", "acceptedDate": "2011-05-10 10:43:36", "calendarYear": "2011", "period": "Q1", "revenue": 4694000000, "costOfRevenue": 1146000000, "grossProfit": 3548000000, "grossProfitRatio": 0.7558585428, "researchAndDevelopmentExpenses": 0, "generalAndAdministrativeExpenses": 905000000, "sellingAndMarketingExpenses": 276000000, "sellingGeneralAndAdministrativeExpenses": 1181000000, "otherExpenses": 981000000, "operatingExpenses": 2162000000, "costAndExpenses": 3308000000, "interestIncome": 3752000000, "interestExpense": 612000000, "depreciationAndAmortization": 167000000, "ebitda": 1553000000, "ebitdaratio": 0.3308478909, "operatingIncome": 1386000000, "operatingIncomeRatio": 0.2952705582, "totalOtherIncomeExpensesNet": 0, "incomeBeforeTax": 1386000000, "incomeBeforeTaxRatio": 0.2952705582, "incomeTaxExpense": 354000000, "netIncome": 1016000000, "netIncomeRatio": 0.2164465275, "eps": 2.24, "epsdiluted": 2.21, "weightedAverageShsOut": 454100000, "weightedAverageShsOutDil": 460300000, "link": "https://www.sec.gov/Archives/edgar/data/927628/000114036111026158/0001140361-11-026158-index.htm", "finalLink": "https://www.sec.gov/Archives/edgar/data/927628/000114036111026158/form10q.htm"}, {"date": "2010-12-31", "symbol": "COF", "reportedCurrency": "USD", "cik": "0000927628", "fillingDate": "2011-03-01", "acceptedDate": "2011-03-01 13:38:03", "calendarYear": "2010", "period": "Q4", "revenue": 4551000000, "costOfRevenue": 1489000000, "grossProfit": 3062000000, "grossProfitRatio": 0.6728191606, "researchAndDevelopmentExpenses": 0, "generalAndAdministrativeExpenses": 665000000, "sellingAndMarketingExpenses": 308000000, "sellingGeneralAndAdministrativeExpenses": 973000000, "otherExpenses": 1056000000, "operatingExpenses": 2029000000, "costAndExpenses": 3518000000, "interestIncome": 3674000000, "interestExpense": 651000000, "depreciationAndAmortization": 160000000, "ebitda": 1193000000, "ebitdaratio": 0.262140189, "operatingIncome": 1033000000, "operatingIncomeRatio": 0.2269830806, "totalOtherIncomeExpensesNet": 0, "incomeBeforeTax": 1033000000, "incomeBeforeTaxRatio": 0.2269830806, "incomeTaxExpense": 332000000, "netIncome": 697000000, "netIncomeRatio": 0.1531531532, "eps": 1.53, "epsdiluted": 1.53, "weightedAverageShsOut": 452000000, "weightedAverageShsOutDil": 454100000, "link": "https://www.sec.gov/Archives/edgar/data/927628/000114036111012916/0001140361-11-012916-index.htm", "finalLink": "https://www.sec.gov/Archives/edgar/data/927628/000114036111012916/form10k.htm"}, {"date": "2010-09-30", "symbol": "COF", "reportedCurrency": "USD", "cik": "0000927628", "fillingDate": "2010-11-08", "acceptedDate": "2010-11-08 15:10:31", "calendarYear": "2010", "period": "Q3", "revenue": 4727000000, "costOfRevenue": 1573000000, "grossProfit": 3154000000, "grossProfitRatio": 0.6672308018, "researchAndDevelopmentExpenses": 0, "generalAndAdministrativeExpenses": 819000000, "sellingAndMarketingExpenses": 250000000, "sellingGeneralAndAdministrativeExpenses": 1069000000, "otherExpenses": 932000000, "operatingExpenses": 2001000000, "costAndExpenses": 3574000000, "interestIncome": 3815000000, "interestExpense": 706000000, "depreciationAndAmortization": 106000000, "ebitda": 1259000000, "ebitdaratio": 0.266342289, "operatingIncome": 1153000000, "operatingIncomeRatio": 0.2439179183, "totalOtherIncomeExpensesNet": 0, "incomeBeforeTax": 1153000000, "incomeBeforeTaxRatio": 0.2439179183, "incomeTaxExpense": 335000000, "netIncome": 803000000, "netIncomeRatio": 0.1698751851, "eps": 1.78, "epsdiluted": 1.76, "weightedAverageShsOut": 451124000, "weightedAverageShsOutDil": 456250000, "link": "https://www.sec.gov/Archives/edgar/data/927628/000114036110044157/0001140361-10-044157-index.htm", "finalLink": "https://www.sec.gov/Archives/edgar/data/927628/000114036110044157/form10q.htm"}]