[{"date": "2025-04-30", "symbol": "DSGX", "reportedCurrency": "USD", "cik": "0001050140", "fillingDate": "2025-04-30", "acceptedDate": "2025-04-30 00:00:00", "calendarYear": "2026", "period": "Q1", "revenue": 168739000, "costOfRevenue": 39747000, "grossProfit": 128992000, "grossProfitRatio": 0.7644468676, "researchAndDevelopmentExpenses": 25069000, "generalAndAdministrativeExpenses": 16312000, "sellingAndMarketingExpenses": 18850000, "sellingGeneralAndAdministrativeExpenses": 35162000, "otherExpenses": 22563000, "operatingExpenses": 82794000, "costAndExpenses": 122541000, "interestIncome": 0, "interestExpense": 236000, "depreciationAndAmortization": 20564000, "ebitda": 68724000, "ebitdaratio": 0.4072798819, "operatingIncome": 46198000, "operatingIncomeRatio": 0.2737837726, "totalOtherIncomeExpensesNet": 1726000, "incomeBeforeTax": 47924000, "incomeBeforeTaxRatio": 0.2840125875, "incomeTaxExpense": 11680000, "netIncome": 36244000, "netIncomeRatio": 0.2147932606, "eps": 0.42, "epsdiluted": 0.41, "weightedAverageShsOut": 85677000, "weightedAverageShsOutDil": 87577000, "link": null, "finalLink": null}, {"date": "2025-01-31", "symbol": "DSGX", "reportedCurrency": "USD", "cik": "0001050140", "fillingDate": "2025-04-22", "acceptedDate": "2025-04-22 17:15:55", "calendarYear": "2025", "period": "Q4", "revenue": 167471000, "costOfRevenue": 39459000, "grossProfit": 128012000, "grossProfitRatio": 0.7643830872, "researchAndDevelopmentExpenses": 24925000, "generalAndAdministrativeExpenses": 16920000, "sellingAndMarketingExpenses": 18056000, "sellingGeneralAndAdministrativeExpenses": 34976000, "otherExpenses": 21005000, "operatingExpenses": 80906000, "costAndExpenses": 120365000, "interestIncome": 0, "interestExpense": 244000, "depreciationAndAmortization": 20417000, "ebitda": 69563000, "ebitdaratio": 0.4153734079, "operatingIncome": 47106000, "operatingIncomeRatio": 0.2812785497, "totalOtherIncomeExpensesNet": 1612000, "incomeBeforeTax": 48718000, "incomeBeforeTaxRatio": 0.2909040968, "incomeTaxExpense": 11351000, "netIncome": 37367000, "netIncomeRatio": 0.2231251978, "eps": 0.43, "epsdiluted": 0.43, "weightedAverageShsOut": 85557000, "weightedAverageShsOutDil": 87599000, "link": "https://www.sec.gov/Archives/edgar/data/1050140/000092963825001603/0000929638-25-001603-index.htm", "finalLink": "https://www.sec.gov/Archives/edgar/data/1050140/000092963825001603/a40f.htm"}, {"date": "2024-10-31", "symbol": "DSGX", "reportedCurrency": "USD", "cik": "0001050140", "fillingDate": "2024-10-31", "acceptedDate": "2024-10-31 00:00:00", "calendarYear": "2025", "period": "Q3", "revenue": 168756000, "costOfRevenue": 43154000, "grossProfit": 125602000, "grossProfitRatio": 0.7442816848, "researchAndDevelopmentExpenses": 24472000, "generalAndAdministrativeExpenses": 16858000, "sellingAndMarketingExpenses": 19134000, "sellingGeneralAndAdministrativeExpenses": 35992000, "otherExpenses": 19349000, "operatingExpenses": 79813000, "costAndExpenses": 122967000, "interestIncome": 0, "interestExpense": 244000, "depreciationAndAmortization": 18527000, "ebitda": 67584000, "ebitdaratio": 0.4004835384, "operatingIncome": 45789000, "operatingIncomeRatio": 0.2713325748, "totalOtherIncomeExpensesNet": 2639000, "incomeBeforeTax": 48428000, "incomeBeforeTaxRatio": 0.2869705373, "incomeTaxExpense": 11870000, "netIncome": 36558000, "netIncomeRatio": 0.2166322975, "eps": 0.43, "epsdiluted": 0.42, "weightedAverageShsOut": 85501000, "weightedAverageShsOutDil": 87342000, "link": null, "finalLink": null}, {"date": "2024-07-31", "symbol": "DSGX", "reportedCurrency": "USD", "cik": "0001050140", "fillingDate": "2024-12-04", "acceptedDate": "2024-12-04 08:11:40", "calendarYear": "2025", "period": "Q2", "revenue": 163425000, "costOfRevenue": 40548000, "grossProfit": 122877000, "grossProfitRatio": 0.7518861863, "researchAndDevelopmentExpenses": 23909000, "generalAndAdministrativeExpenses": 16522000, "sellingAndMarketingExpenses": 19031000, "sellingGeneralAndAdministrativeExpenses": 35553000, "otherExpenses": 17569000, "operatingExpenses": 77031000, "costAndExpenses": 117579000, "interestIncome": 0, "interestExpense": 243000, "depreciationAndAmortization": 18805000, "ebitda": 66813000, "ebitdaratio": 0.4088297384, "operatingIncome": 45846000, "operatingIncomeRatio": 0.2805323543, "totalOtherIncomeExpensesNet": 2472000, "incomeBeforeTax": 48318000, "incomeBeforeTaxRatio": 0.295658559, "incomeTaxExpense": 13637000, "netIncome": 34681000, "netIncomeRatio": 0.2122135536, "eps": 0.41, "epsdiluted": 0.4, "weightedAverageShsOut": 85430000, "weightedAverageShsOutDil": 87241000, "link": "https://www.sec.gov/Archives/edgar/data/1050140/000092963824004155/0000929638-24-004155-index.htm", "finalLink": "https://www.sec.gov/Archives/edgar/data/1050140/000092963824004155/exhibit99-1.htm"}, {"date": "2024-04-30", "symbol": "DSGX", "reportedCurrency": "USD", "cik": "0001050140", "fillingDate": "2024-04-30", "acceptedDate": "2024-04-30 00:00:00", "calendarYear": "2025", "period": "Q1", "revenue": 149108984, "costOfRevenue": 49690844, "grossProfit": 99418140, "grossProfitRatio": 0.6667481552, "researchAndDevelopmentExpenses": 21862710, "generalAndAdministrativeExpenses": 14948000, "sellingAndMarketingExpenses": 17471000, "sellingGeneralAndAdministrativeExpenses": 32419000, "otherExpenses": -3918000, "operatingExpenses": 51536135, "costAndExpenses": 101226979, "interestIncome": 0, "interestExpense": 273000, "depreciationAndAmortization": 16139647, "ebitda": 61894589, "ebitdaratio": 0.4150963097, "operatingIncome": 47882004, "operatingIncomeRatio": 0.3211208521, "totalOtherIncomeExpensesNet": 3102984, "incomeBeforeTax": 45485984, "incomeBeforeTaxRatio": 0.3050519344, "incomeTaxExpense": 11331841, "netIncome": 34667000, "netIncomeRatio": 0.2324943747, "eps": 0.4, "epsdiluted": 0.39, "weightedAverageShsOut": 85274000, "weightedAverageShsOutDil": 87116000, "link": null, "finalLink": null}, {"date": "2024-01-31", "symbol": "DSGX", "reportedCurrency": "USD", "cik": "0001050140", "fillingDate": "2024-03-07", "acceptedDate": "2024-03-06 21:52:50", "calendarYear": "2024", "period": "Q4", "revenue": 149083366, "costOfRevenue": 51500173, "grossProfit": 97583193, "grossProfitRatio": 0.6545545329, "researchAndDevelopmentExpenses": 21302509, "generalAndAdministrativeExpenses": 14626000, "sellingAndMarketingExpenses": 16578000, "sellingGeneralAndAdministrativeExpenses": 31204000, "otherExpenses": 0, "operatingExpenses": 47456920, "costAndExpenses": 98957094, "interestIncome": 0, "interestExpense": 343000, "depreciationAndAmortization": 16582363, "ebitda": 57251246, "ebitdaratio": 0.3840216889, "operatingIncome": 50126273, "operatingIncomeRatio": 0.3362298179, "totalOtherIncomeExpensesNet": 3267899, "incomeBeforeTax": 40323899, "incomeBeforeTaxRatio": 0.2704788608, "incomeTaxExpense": 8303754, "netIncome": 31836000, "netIncomeRatio": 0.2135449504, "eps": 0.38, "epsdiluted": 0.37, "weightedAverageShsOut": 85128797, "weightedAverageShsOutDil": 86939709, "link": "https://www.sec.gov/Archives/edgar/data/1050140/000110465924031634/0001104659-24-031634-index.htm", "finalLink": "https://www.sec.gov/Archives/edgar/data/1050140/000110465924031634/dsgx-20240131xex99d1.htm"}, {"date": "2023-10-31", "symbol": "DSGX", "reportedCurrency": "USD", "cik": "0001050140", "fillingDate": "2024-03-07", "acceptedDate": "2024-03-06 21:52:50", "calendarYear": "2024", "period": "Q3", "revenue": 144698000, "costOfRevenue": 34325000, "grossProfit": 110373000, "grossProfitRatio": 0.7627817938, "researchAndDevelopmentExpenses": 21118000, "generalAndAdministrativeExpenses": 14712000, "sellingAndMarketingExpenses": 17209000, "sellingGeneralAndAdministrativeExpenses": 31921000, "otherExpenses": 0, "operatingExpenses": 68289000, "costAndExpenses": 102614000, "interestIncome": 0, "interestExpense": 343000, "depreciationAndAmortization": 16702000, "ebitda": 58786000, "ebitdaratio": 0.4062668454, "operatingIncome": 32405000, "operatingIncomeRatio": 0.2239491907, "totalOtherIncomeExpensesNet": 2374000, "incomeBeforeTax": 34779000, "incomeBeforeTaxRatio": 0.2403557755, "incomeTaxExpense": 8177000, "netIncome": 26602000, "netIncomeRatio": 0.1838449737, "eps": 0.31, "epsdiluted": 0.3, "weightedAverageShsOut": 85101000, "weightedAverageShsOutDil": 86791000, "link": "https://www.sec.gov/Archives/edgar/data/1050140/000110465924031634/0001104659-24-031634-index.htm", "finalLink": "https://www.sec.gov/Archives/edgar/data/1050140/000110465924031634/dsgx-20240131xex99d1.htm"}, {"date": "2023-07-31", "symbol": "DSGX", "reportedCurrency": "USD", "cik": "0001050140", "fillingDate": "2023-07-31", "acceptedDate": "2023-07-30 20:00:00", "calendarYear": "2024", "period": "Q2", "revenue": 143393000, "costOfRevenue": 34974000, "grossProfit": 108419000, "grossProfitRatio": 0.7560968806, "researchAndDevelopmentExpenses": 21738000, "generalAndAdministrativeExpenses": 14591000, "sellingAndMarketingExpenses": 17321000, "sellingGeneralAndAdministrativeExpenses": 31912000, "otherExpenses": 0, "operatingExpenses": 69134000, "costAndExpenses": 104108000, "interestIncome": 0, "interestExpense": 340000, "depreciationAndAmortization": 16847000, "ebitda": 56132000, "ebitdaratio": 0.3914556499, "operatingIncome": 36830000, "operatingIncomeRatio": 0.2568465685, "totalOtherIncomeExpensesNet": 1669000, "incomeBeforeTax": 38499000, "incomeBeforeTaxRatio": 0.2684859094, "incomeTaxExpense": 10383000, "netIncome": 28116000, "netIncomeRatio": 0.196076517, "eps": 0.33, "epsdiluted": 0.33, "weightedAverageShsOut": 85083000, "weightedAverageShsOutDil": 86783000, "link": null, "finalLink": null}, {"date": "2023-04-30", "symbol": "DSGX", "reportedCurrency": "USD", "cik": "0001050140", "fillingDate": "2023-04-30", "acceptedDate": "2023-04-30 00:00:00", "calendarYear": "2024", "period": "Q1", "revenue": 136614000, "costOfRevenue": 32885000, "grossProfit": 103729000, "grossProfitRatio": 0.7592852855, "researchAndDevelopmentExpenses": 20067000, "generalAndAdministrativeExpenses": 13444000, "sellingAndMarketingExpenses": 17053000, "sellingGeneralAndAdministrativeExpenses": 30497000, "otherExpenses": -1933000, "operatingExpenses": 65238000, "costAndExpenses": 98123000, "interestIncome": 0, "interestExpense": 337000, "depreciationAndAmortization": 15932055, "ebitda": 54034448, "ebitdaratio": 0.3955264321, "operatingIncome": 36558000, "operatingIncomeRatio": 0.2676006851, "totalOtherIncomeExpensesNet": 1224000, "incomeBeforeTax": 37782000, "incomeBeforeTaxRatio": 0.2765602354, "incomeTaxExpense": 8429000, "netIncome": 29353000, "netIncomeRatio": 0.2148608488, "eps": 0.35, "epsdiluted": 0.34, "weightedAverageShsOut": 84949000, "weightedAverageShsOutDil": 86746000, "link": null, "finalLink": null}, {"date": "2023-01-31", "symbol": "DSGX", "reportedCurrency": "USD", "cik": "0001050140", "fillingDate": "2023-03-01", "acceptedDate": "2023-03-01 17:22:08", "calendarYear": "2023", "period": "Q4", "revenue": 125141000, "costOfRevenue": 29054000, "grossProfit": 96087000, "grossProfitRatio": 0.7678298879, "researchAndDevelopmentExpenses": 18229000, "generalAndAdministrativeExpenses": 13075000, "sellingAndMarketingExpenses": 14385000, "sellingGeneralAndAdministrativeExpenses": 27460000, "otherExpenses": 0, "operatingExpenses": 60022000, "costAndExpenses": 89076000, "interestIncome": 0, "interestExpense": 320000, "depreciationAndAmortization": 15923003, "ebitda": 51788000, "ebitdaratio": 0.4138371916, "operatingIncome": 33595000, "operatingIncomeRatio": 0.2684571803, "totalOtherIncomeExpensesNet": 2490000, "incomeBeforeTax": 36085000, "incomeBeforeTaxRatio": 0.2883547359, "incomeTaxExpense": 6335000, "netIncome": 29750000, "netIncomeRatio": 0.2377318385, "eps": 0.36, "epsdiluted": 0.35, "weightedAverageShsOut": 84820100, "weightedAverageShsOutDil": 86575514, "link": "https://www.sec.gov/Archives/edgar/data/1050140/000110465923027452/0001104659-23-027452-index.htm", "finalLink": "https://www.sec.gov/Archives/edgar/data/1050140/000110465923027452/dsgx-20230131xex99d1.htm"}, {"date": "2022-10-31", "symbol": "DSGX", "reportedCurrency": "USD", "cik": "0001050140", "fillingDate": "2023-03-01", "acceptedDate": "2023-03-01 17:22:08", "calendarYear": "2023", "period": "Q3", "revenue": 121467000, "costOfRevenue": 27530000, "grossProfit": 93937000, "grossProfitRatio": 0.7733540797, "researchAndDevelopmentExpenses": 17400000, "generalAndAdministrativeExpenses": 12293000, "sellingAndMarketingExpenses": 14637000, "sellingGeneralAndAdministrativeExpenses": 26930000, "otherExpenses": 0, "operatingExpenses": 59040000, "costAndExpenses": 86570000, "interestIncome": 0, "interestExpense": 285000, "depreciationAndAmortization": 15621367, "ebitda": 50511923, "ebitdaratio": 0.4158489384, "operatingIncome": 34697000, "operatingIncomeRatio": 0.2856496003, "totalOtherIncomeExpensesNet": 752000, "incomeBeforeTax": 35449000, "incomeBeforeTaxRatio": 0.2918405822, "incomeTaxExpense": 8980000, "netIncome": 26469000, "netIncomeRatio": 0.2179110376, "eps": 0.3, "epsdiluted": 0.3, "weightedAverageShsOut": 84797000, "weightedAverageShsOutDil": 86483000, "link": "https://www.sec.gov/Archives/edgar/data/1050140/000110465923027452/0001104659-23-027452-index.htm", "finalLink": "https://www.sec.gov/Archives/edgar/data/1050140/000110465923027452/dsgx-20230131xex99d1.htm"}, {"date": "2022-07-31", "symbol": "DSGX", "reportedCurrency": "USD", "cik": "0001050140", "fillingDate": "2022-07-31", "acceptedDate": "2022-07-31 00:00:00", "calendarYear": "2023", "period": "Q2", "revenue": 123011000, "costOfRevenue": 28919000, "grossProfit": 94092000, "grossProfitRatio": 0.7649072034, "researchAndDevelopmentExpenses": 18155000, "generalAndAdministrativeExpenses": 12700000, "sellingAndMarketingExpenses": 14315000, "sellingGeneralAndAdministrativeExpenses": 27015000, "otherExpenses": 0, "operatingExpenses": 61256000, "costAndExpenses": 90175000, "interestIncome": 0, "interestExpense": 284000, "depreciationAndAmortization": 16847000, "ebitda": 50223000, "ebitdaratio": 0.4082805603, "operatingIncome": 31547000, "operatingIncomeRatio": 0.2564567396, "totalOtherIncomeExpensesNet": 177000, "incomeBeforeTax": 31724000, "incomeBeforeTaxRatio": 0.2578956353, "incomeTaxExpense": 8822000, "netIncome": 22902000, "netIncomeRatio": 0.1861784718, "eps": 0.27, "epsdiluted": 0.27, "weightedAverageShsOut": 84783000, "weightedAverageShsOutDil": 86338000, "link": null, "finalLink": null}, {"date": "2022-04-30", "symbol": "DSGX", "reportedCurrency": "USD", "cik": "0001050140", "fillingDate": "2022-04-30", "acceptedDate": "2022-04-29 20:00:00", "calendarYear": "2023", "period": "Q1", "revenue": 116395000, "costOfRevenue": 27823000, "grossProfit": 88572000, "grossProfitRatio": 0.7609605224, "researchAndDevelopmentExpenses": 16569000, "generalAndAdministrativeExpenses": 11642000, "sellingAndMarketingExpenses": 13236000, "sellingGeneralAndAdministrativeExpenses": 24878000, "otherExpenses": -1482000, "operatingExpenses": 56495000, "costAndExpenses": 84318000, "interestIncome": 0, "interestExpense": 278000, "depreciationAndAmortization": 15939000, "ebitda": 48370000, "ebitdaratio": 0.415567679, "operatingIncome": 30595000, "operatingIncomeRatio": 0.2628549336, "totalOtherIncomeExpensesNet": -125000, "incomeBeforeTax": 30470000, "incomeBeforeTaxRatio": 0.2617810043, "incomeTaxExpense": 7355000, "netIncome": 23115000, "netIncomeRatio": 0.1985910048, "eps": 0.27, "epsdiluted": 0.27, "weightedAverageShsOut": 84765000, "weightedAverageShsOutDil": 86348000, "link": null, "finalLink": null}, {"date": "2022-01-31", "symbol": "DSGX", "reportedCurrency": "USD", "cik": "0001050140", "fillingDate": "2022-01-31", "acceptedDate": "2022-01-30 19:00:00", "calendarYear": "2022", "period": "Q4", "revenue": 112371000, "costOfRevenue": 26884000, "grossProfit": 85487000, "grossProfitRatio": 0.7607567789, "researchAndDevelopmentExpenses": 15889000, "generalAndAdministrativeExpenses": 11454000, "sellingAndMarketingExpenses": 12310000, "sellingGeneralAndAdministrativeExpenses": 23764000, "otherExpenses": 14989000, "operatingExpenses": 54642000, "costAndExpenses": 81526000, "interestIncome": 0, "interestExpense": 282000, "depreciationAndAmortization": 15723000, "ebitda": 47179000, "ebitdaratio": 0.4198503173, "operatingIncome": 26023000, "operatingIncomeRatio": 0.2315811019, "totalOtherIncomeExpensesNet": -158000, "incomeBeforeTax": 25865000, "incomeBeforeTaxRatio": 0.2301750452, "incomeTaxExpense": 6671000, "netIncome": 19194000, "netIncomeRatio": 0.1708091945, "eps": 0.23, "epsdiluted": 0.22, "weightedAverageShsOut": 84657000, "weightedAverageShsOutDil": 86308000, "link": null, "finalLink": null}, {"date": "2021-10-31", "symbol": "DSGX", "reportedCurrency": "USD", "cik": "0001050140", "fillingDate": "2021-10-31", "acceptedDate": "2021-10-30 20:00:00", "calendarYear": "2022", "period": "Q3", "revenue": 108911000, "costOfRevenue": 25607000, "grossProfit": 83304000, "grossProfitRatio": 0.7648814169, "researchAndDevelopmentExpenses": 15989000, "generalAndAdministrativeExpenses": 11139000, "sellingAndMarketingExpenses": 12246000, "sellingGeneralAndAdministrativeExpenses": 23385000, "otherExpenses": 15364000, "operatingExpenses": 54738000, "costAndExpenses": 80345000, "interestIncome": 0, "interestExpense": 292000, "depreciationAndAmortization": 15999000, "ebitda": 45212000, "ebitdaratio": 0.4151279485, "operatingIncome": 27894000, "operatingIncomeRatio": 0.2561173802, "totalOtherIncomeExpensesNet": -241000, "incomeBeforeTax": 27653000, "incomeBeforeTaxRatio": 0.2539045643, "incomeTaxExpense": 2162000, "netIncome": 25491000, "netIncomeRatio": 0.2340534932, "eps": 0.3, "epsdiluted": 0.3, "weightedAverageShsOut": 84636000, "weightedAverageShsOutDil": 86328000, "link": null, "finalLink": null}, {"date": "2021-07-31", "symbol": "DSGX", "reportedCurrency": "USD", "cik": "0001050140", "fillingDate": "2021-07-31", "acceptedDate": "2021-07-30 20:00:00", "calendarYear": "2022", "period": "Q2", "revenue": 104570000, "costOfRevenue": 25470000, "grossProfit": 79100000, "grossProfitRatio": 0.7564310988, "researchAndDevelopmentExpenses": 15473000, "generalAndAdministrativeExpenses": 10855000, "sellingAndMarketingExpenses": 11328000, "sellingGeneralAndAdministrativeExpenses": 22183000, "otherExpenses": 14911000, "operatingExpenses": 52567000, "costAndExpenses": 78037000, "interestIncome": 0, "interestExpense": 272000, "depreciationAndAmortization": 17387000, "ebitda": 42731000, "ebitdaratio": 0.4086353639, "operatingIncome": 26119000, "operatingIncomeRatio": 0.2497752702, "totalOtherIncomeExpensesNet": -211000, "incomeBeforeTax": 25908000, "incomeBeforeTaxRatio": 0.247757483, "incomeTaxExpense": 2732000, "netIncome": 23176000, "netIncomeRatio": 0.2216314431, "eps": 0.27, "epsdiluted": 0.27, "weightedAverageShsOut": 84566000, "weightedAverageShsOutDil": 86128000, "link": null, "finalLink": null}, {"date": "2021-04-30", "symbol": "DSGX", "reportedCurrency": "USD", "cik": "0001050140", "fillingDate": "2021-04-30", "acceptedDate": "2021-04-29 20:00:00", "calendarYear": "2022", "period": "Q1", "revenue": 98838000, "costOfRevenue": 23849000, "grossProfit": 74989000, "grossProfitRatio": 0.7587061656, "researchAndDevelopmentExpenses": 15219000, "generalAndAdministrativeExpenses": 11006000, "sellingAndMarketingExpenses": 11011000, "sellingGeneralAndAdministrativeExpenses": 22017000, "otherExpenses": -520000, "operatingExpenses": 51071000, "costAndExpenses": 74920000, "interestIncome": 0, "interestExpense": 277000, "depreciationAndAmortization": 16293000, "ebitda": 38968000, "ebitdaratio": 0.3942613165, "operatingIncome": 23398000, "operatingIncomeRatio": 0.236730812, "totalOtherIncomeExpensesNet": -214000, "incomeBeforeTax": 23184000, "incomeBeforeTaxRatio": 0.2345656529, "incomeTaxExpense": 4763000, "netIncome": 18421000, "netIncomeRatio": 0.1863756855, "eps": 0.22, "epsdiluted": 0.21, "weightedAverageShsOut": 84501000, "weightedAverageShsOutDil": 86045000, "link": "", "finalLink": ""}, {"date": "2021-01-31", "symbol": "DSGX", "reportedCurrency": "USD", "cik": "0001050140", "fillingDate": "2021-01-31", "acceptedDate": "2021-01-30 19:00:00", "calendarYear": "2021", "period": "Q4", "revenue": 93408000, "costOfRevenue": 23100000, "grossProfit": 70308000, "grossProfitRatio": 0.7526978417, "researchAndDevelopmentExpenses": 14339000, "generalAndAdministrativeExpenses": 10281000, "sellingAndMarketingExpenses": 10337000, "sellingGeneralAndAdministrativeExpenses": 20618000, "otherExpenses": 14094000, "operatingExpenses": 49051000, "costAndExpenses": 72151000, "interestIncome": 0, "interestExpense": 277000, "depreciationAndAmortization": 16334000, "ebitda": 36658000, "ebitdaratio": 0.3924503255, "operatingIncome": 21867000, "operatingIncomeRatio": 0.2341020041, "totalOtherIncomeExpensesNet": -221000, "incomeBeforeTax": 21646000, "incomeBeforeTaxRatio": 0.2317360397, "incomeTaxExpense": 4443000, "netIncome": 17203000, "netIncomeRatio": 0.1841705207, "eps": 0.2, "epsdiluted": 0.2, "weightedAverageShsOut": 84316000, "weightedAverageShsOutDil": 84316000, "link": "", "finalLink": ""}, {"date": "2020-10-31", "symbol": "DSGX", "reportedCurrency": "USD", "cik": "0001050140", "fillingDate": "2020-10-31", "acceptedDate": "2020-10-30 20:00:00", "calendarYear": "2021", "period": "Q3", "revenue": 87508000, "costOfRevenue": 22546000, "grossProfit": 64962000, "grossProfitRatio": 0.7423549847, "researchAndDevelopmentExpenses": 13072000, "generalAndAdministrativeExpenses": 8918000, "sellingAndMarketingExpenses": 9705000, "sellingGeneralAndAdministrativeExpenses": 18623000, "otherExpenses": 0, "operatingExpenses": 45708000, "costAndExpenses": 68254000, "interestIncome": 0, "interestExpense": 277000, "depreciationAndAmortization": 16646000, "ebitda": 34732000, "ebitdaratio": 0.3969008548, "operatingIncome": 18763000, "operatingIncomeRatio": 0.2144146821, "totalOtherIncomeExpensesNet": -237000, "incomeBeforeTax": 18526000, "incomeBeforeTaxRatio": 0.2117063583, "incomeTaxExpense": 5218000, "netIncome": 13308000, "netIncomeRatio": 0.1520775243, "eps": 0.16, "epsdiluted": 0.15, "weightedAverageShsOut": 84477000, "weightedAverageShsOutDil": 85917000, "link": "", "finalLink": ""}, {"date": "2020-07-31", "symbol": "DSGX", "reportedCurrency": "USD", "cik": "0001050140", "fillingDate": "2020-09-10", "acceptedDate": "2020-09-10 12:27:14", "calendarYear": "2021", "period": "Q2", "revenue": 84045000, "costOfRevenue": 22397000, "grossProfit": 61648000, "grossProfitRatio": 0.7335118091, "researchAndDevelopmentExpenses": 13076000, "generalAndAdministrativeExpenses": 8331000, "sellingAndMarketingExpenses": 9421000, "sellingGeneralAndAdministrativeExpenses": 17752000, "otherExpenses": 14085000, "operatingExpenses": 44913000, "costAndExpenses": 67310000, "interestIncome": 0, "interestExpense": 312000, "depreciationAndAmortization": 16198000, "ebitda": 32225000, "ebitdaratio": 0.3834255458, "operatingIncome": 15064000, "operatingIncomeRatio": 0.1792373133, "totalOtherIncomeExpensesNet": -293000, "incomeBeforeTax": 14771000, "incomeBeforeTaxRatio": 0.1757510857, "incomeTaxExpense": 4229000, "netIncome": 10542000, "netIncomeRatio": 0.1254328039, "eps": 0.13, "epsdiluted": 0.12, "weightedAverageShsOut": 84316000, "weightedAverageShsOutDil": 85753000, "link": "https://www.sec.gov/Archives/edgar/data/1050140/000092963820000919/0000929638-20-000919-index.htm", "finalLink": "https://www.sec.gov/Archives/edgar/data/1050140/000092963820000919/form6k.htm"}, {"date": "2020-04-30", "symbol": "DSGX", "reportedCurrency": "USD", "cik": "0001050140", "fillingDate": "2020-05-01", "acceptedDate": "2020-05-01 12:05:08", "calendarYear": "2021", "period": "Q1", "revenue": 83703000, "costOfRevenue": 21867000, "grossProfit": 61836000, "grossProfitRatio": 0.7387548833, "researchAndDevelopmentExpenses": 13579000, "generalAndAdministrativeExpenses": 8737000, "sellingAndMarketingExpenses": 9322000, "sellingGeneralAndAdministrativeExpenses": 18059000, "otherExpenses": 13713000, "operatingExpenses": 45351000, "costAndExpenses": 67218000, "interestIncome": 0, "interestExpense": 320000, "depreciationAndAmortization": 15050000, "ebitda": 31778000, "ebitdaratio": 0.3796518643, "operatingIncome": 15702000, "operatingIncomeRatio": 0.1875918426, "totalOtherIncomeExpensesNet": -276000, "incomeBeforeTax": 15426000, "incomeBeforeTaxRatio": 0.1842944697, "incomeTaxExpense": 4379000, "netIncome": 11047000, "netIncomeRatio": 0.1319785432, "eps": 0.13, "epsdiluted": 0.13, "weightedAverageShsOut": 84156000, "weightedAverageShsOutDil": 85456000, "link": "https://www.sec.gov/Archives/edgar/data/1050140/000092963820000577/0000929638-20-000577-index.htm", "finalLink": "https://www.sec.gov/Archives/edgar/data/1050140/000092963820000577/form6k.htm"}, {"date": "2020-01-31", "symbol": "DSGX", "reportedCurrency": "USD", "cik": "0001050140", "fillingDate": "2020-02-25", "acceptedDate": "2020-02-25 11:34:41", "calendarYear": "2020", "period": "Q4", "revenue": 84221000, "costOfRevenue": 22595000, "grossProfit": 61626000, "grossProfitRatio": 0.7317177426, "researchAndDevelopmentExpenses": 14044000, "generalAndAdministrativeExpenses": 9515000, "sellingAndMarketingExpenses": 10080000, "sellingGeneralAndAdministrativeExpenses": 19595000, "otherExpenses": 14081000, "operatingExpenses": 47720000, "costAndExpenses": 70315000, "interestIncome": 0, "interestExpense": 316000, "depreciationAndAmortization": 15401000, "ebitda": 30881000, "ebitdaratio": 0.3666662709, "operatingIncome": 13572000, "operatingIncomeRatio": 0.1611474573, "totalOtherIncomeExpensesNet": -274000, "incomeBeforeTax": 13298000, "incomeBeforeTaxRatio": 0.1578941119, "incomeTaxExpense": 1860000, "netIncome": 11438000, "netIncomeRatio": 0.1358093587, "eps": 0.14, "epsdiluted": 0.14, "weightedAverageShsOut": 84156000, "weightedAverageShsOutDil": 84156000, "link": "https://www.sec.gov/Archives/edgar/data/1050140/000092963820000347/0000929638-20-000347-index.htm", "finalLink": "https://www.sec.gov/Archives/edgar/data/1050140/000092963820000347/form6k.htm"}, {"date": "2019-10-31", "symbol": "DSGX", "reportedCurrency": "USD", "cik": "0001050140", "fillingDate": "2019-12-05", "acceptedDate": "2019-12-05 13:55:14", "calendarYear": "2020", "period": "Q3", "revenue": 83026000, "costOfRevenue": 22133000, "grossProfit": 60893000, "grossProfitRatio": 0.7334208561, "researchAndDevelopmentExpenses": 13383000, "generalAndAdministrativeExpenses": 8407000, "sellingAndMarketingExpenses": 10142000, "sellingGeneralAndAdministrativeExpenses": 18549000, "otherExpenses": 14525000, "operatingExpenses": 46457000, "costAndExpenses": 68590000, "interestIncome": 0, "interestExpense": 497000, "depreciationAndAmortization": 15478000, "ebitda": 30137000, "ebitdaratio": 0.3629826801, "operatingIncome": 13637000, "operatingIncomeRatio": 0.1642497531, "totalOtherIncomeExpensesNet": -458000, "incomeBeforeTax": 13179000, "incomeBeforeTaxRatio": 0.1587334088, "incomeTaxExpense": 3513000, "netIncome": 9666000, "netIncomeRatio": 0.116421362, "eps": 0.11, "epsdiluted": 0.11, "weightedAverageShsOut": 84136000, "weightedAverageShsOutDil": 85342000, "link": "https://www.sec.gov/Archives/edgar/data/1050140/000092963819001041/0000929638-19-001041-index.htm", "finalLink": "https://www.sec.gov/Archives/edgar/data/1050140/000092963819001041/form6k.htm"}, {"date": "2019-07-31", "symbol": "DSGX", "reportedCurrency": "USD", "cik": "0001050140", "fillingDate": "2019-07-31", "acceptedDate": "2019-07-30 20:00:00", "calendarYear": "2020", "period": "Q2", "revenue": 80540000, "costOfRevenue": 21137000, "grossProfit": 59403000, "grossProfitRatio": 0.7375589769, "researchAndDevelopmentExpenses": 13358000, "generalAndAdministrativeExpenses": 8228000, "sellingAndMarketingExpenses": 10035000, "sellingGeneralAndAdministrativeExpenses": 18263000, "otherExpenses": 14102000, "operatingExpenses": 45723000, "costAndExpenses": 66860000, "interestIncome": 0, "interestExpense": 1444000, "depreciationAndAmortization": 15490000, "ebitda": 28857000, "ebitdaratio": 0.3582940154, "operatingIncome": 13080000, "operatingIncomeRatio": 0.1624037745, "totalOtherIncomeExpensesNet": -1403000, "incomeBeforeTax": 11677000, "incomeBeforeTaxRatio": 0.144983859, "incomeTaxExpense": 3104000, "netIncome": 8573000, "netIncomeRatio": 0.106444003, "eps": 0.11, "epsdiluted": 0.1, "weightedAverageShsOut": 81049000, "weightedAverageShsOutDil": 82245000, "link": "", "finalLink": ""}, {"date": "2019-04-30", "symbol": "DSGX", "reportedCurrency": "USD", "cik": "0001050140", "fillingDate": "2019-05-03", "acceptedDate": "2019-05-03 15:21:17", "calendarYear": "2020", "period": "Q1", "revenue": 78004000, "costOfRevenue": 19856000, "grossProfit": 58148000, "grossProfitRatio": 0.7454489513, "researchAndDevelopmentExpenses": 12728000, "generalAndAdministrativeExpenses": 8478000, "sellingAndMarketingExpenses": 10132000, "sellingGeneralAndAdministrativeExpenses": 18610000, "otherExpenses": 12777000, "operatingExpenses": 44115000, "costAndExpenses": 63971000, "interestIncome": 0, "interestExpense": 2159000, "depreciationAndAmortization": 15293000, "ebitda": 27702000, "ebitdaratio": 0.3551356341, "operatingIncome": 11969000, "operatingIncomeRatio": 0.1534408492, "totalOtherIncomeExpensesNet": -2088000, "incomeBeforeTax": 9881000, "incomeBeforeTaxRatio": 0.1266729911, "incomeTaxExpense": 2561000, "netIncome": 7320000, "netIncomeRatio": 0.0938413415, "eps": 0.09, "epsdiluted": 0.09, "weightedAverageShsOut": 77149000, "weightedAverageShsOutDil": 78273000, "link": "https://www.sec.gov/Archives/edgar/data/1050140/000092963819000515/0000929638-19-000515-index.htm", "finalLink": "https://www.sec.gov/Archives/edgar/data/1050140/000092963819000515/form6k.htm"}, {"date": "2019-01-31", "symbol": "DSGX", "reportedCurrency": "USD", "cik": "0001050140", "fillingDate": "2019-02-11", "acceptedDate": "2019-02-11 16:58:27", "calendarYear": "2019", "period": "Q4", "revenue": 71030000, "costOfRevenue": 19299000, "grossProfit": 51731000, "grossProfitRatio": 0.7282979023, "researchAndDevelopmentExpenses": 12164000, "generalAndAdministrativeExpenses": 7997000, "sellingAndMarketingExpenses": 9097000, "sellingGeneralAndAdministrativeExpenses": 17094000, "otherExpenses": 10270000, "operatingExpenses": 39528000, "costAndExpenses": 58827000, "interestIncome": 0, "interestExpense": 450000, "depreciationAndAmortization": 16975000, "ebitda": 23998000, "ebitdaratio": 0.3378572434, "operatingIncome": 10655000, "operatingIncomeRatio": 0.1500070393, "totalOtherIncomeExpensesNet": -395000, "incomeBeforeTax": 10260000, "incomeBeforeTaxRatio": 0.1444460087, "incomeTaxExpense": 2368000, "netIncome": 7892000, "netIncomeRatio": 0.1111079825, "eps": 0.1, "epsdiluted": 0.1, "weightedAverageShsOut": 76865000, "weightedAverageShsOutDil": 77149000, "link": "https://www.sec.gov/Archives/edgar/data/1050140/000092963819000176/0000929638-19-000176-index.htm", "finalLink": "https://www.sec.gov/Archives/edgar/data/1050140/000092963819000176/form6k.htm"}, {"date": "2018-10-31", "symbol": "DSGX", "reportedCurrency": "USD", "cik": "0001050140", "fillingDate": "2018-11-29", "acceptedDate": "2018-11-29 13:16:10", "calendarYear": "2019", "period": "Q3", "revenue": 70008000, "costOfRevenue": 19150000, "grossProfit": 50858000, "grossProfitRatio": 0.7264598332, "researchAndDevelopmentExpenses": 11901000, "generalAndAdministrativeExpenses": 7931000, "sellingAndMarketingExpenses": 9312000, "sellingGeneralAndAdministrativeExpenses": 17243000, "otherExpenses": 10354000, "operatingExpenses": 39498000, "costAndExpenses": 58648000, "interestIncome": 0, "interestExpense": 613000, "depreciationAndAmortization": 15701000, "ebitda": 22812000, "ebitdaratio": 0.3258484745, "operatingIncome": 10831000, "operatingIncomeRatio": 0.1547108902, "totalOtherIncomeExpensesNet": -573000, "incomeBeforeTax": 10258000, "incomeBeforeTaxRatio": 0.1465261113, "incomeTaxExpense": 2357000, "netIncome": 7901000, "netIncomeRatio": 0.1128585305, "eps": 0.1, "epsdiluted": 0.1, "weightedAverageShsOut": 76854000, "weightedAverageShsOutDil": 77863000, "link": "https://www.sec.gov/Archives/edgar/data/1050140/000092963818000957/0000929638-18-000957-index.htm", "finalLink": "https://www.sec.gov/Archives/edgar/data/1050140/000092963818000957/form6k.htm"}, {"date": "2018-07-31", "symbol": "DSGX", "reportedCurrency": "USD", "cik": "0001050140", "fillingDate": "2018-07-31", "acceptedDate": "2018-07-30 20:00:00", "calendarYear": "2019", "period": "Q2", "revenue": 67115000, "costOfRevenue": 17961000, "grossProfit": 49154000, "grossProfitRatio": 0.7323847128, "researchAndDevelopmentExpenses": 11870000, "generalAndAdministrativeExpenses": 7160000, "sellingAndMarketingExpenses": 9328000, "sellingGeneralAndAdministrativeExpenses": 16488000, "otherExpenses": 10003000, "operatingExpenses": 38361000, "costAndExpenses": 56322000, "interestIncome": 0, "interestExpense": 519000, "depreciationAndAmortization": 15177000, "ebitda": 21810000, "ebitdaratio": 0.324964613, "operatingIncome": 10212000, "operatingIncomeRatio": 0.1521567459, "totalOtherIncomeExpensesNet": -473000, "incomeBeforeTax": 9739000, "incomeBeforeTaxRatio": 0.145109141, "incomeTaxExpense": 1241000, "netIncome": 8498000, "netIncomeRatio": 0.1266184907, "eps": 0.11, "epsdiluted": 0.11, "weightedAverageShsOut": 76816000, "weightedAverageShsOutDil": 77781000, "link": "", "finalLink": ""}, {"date": "2018-04-30", "symbol": "DSGX", "reportedCurrency": "USD", "cik": "0001050140", "fillingDate": "2018-04-30", "acceptedDate": "2018-04-29 20:00:00", "calendarYear": "2019", "period": "Q1", "revenue": 67018000, "costOfRevenue": 18584000, "grossProfit": 48434000, "grossProfitRatio": 0.7227013638, "researchAndDevelopmentExpenses": 11937000, "generalAndAdministrativeExpenses": 6924000, "sellingAndMarketingExpenses": 9136000, "sellingGeneralAndAdministrativeExpenses": 16060000, "otherExpenses": 9552000, "operatingExpenses": 37549000, "costAndExpenses": 56133000, "interestIncome": 0, "interestExpense": 546000, "depreciationAndAmortization": 13669000, "ebitda": 21344000, "ebitdaratio": 0.318481602, "operatingIncome": 9745000, "operatingIncomeRatio": 0.1454086962, "totalOtherIncomeExpensesNet": -492000, "incomeBeforeTax": 9253000, "incomeBeforeTaxRatio": 0.1380673849, "incomeTaxExpense": 2267000, "netIncome": 6986000, "netIncomeRatio": 0.1042406518, "eps": 0.09, "epsdiluted": 0.09, "weightedAverageShsOut": 76793000, "weightedAverageShsOutDil": 77650000, "link": "", "finalLink": ""}, {"date": "2018-01-31", "symbol": "DSGX", "reportedCurrency": "USD", "cik": "0001050140", "fillingDate": "2018-01-31", "acceptedDate": "2018-01-30 19:00:00", "calendarYear": "2018", "period": "Q4", "revenue": 63631000, "costOfRevenue": 17132000, "grossProfit": 46499000, "grossProfitRatio": 0.7307601641, "researchAndDevelopmentExpenses": 11421000, "generalAndAdministrativeExpenses": 6770000, "sellingAndMarketingExpenses": 9292000, "sellingGeneralAndAdministrativeExpenses": 16062000, "otherExpenses": 9111000, "operatingExpenses": 36594000, "costAndExpenses": 53726000, "interestIncome": 0, "interestExpense": 436000, "depreciationAndAmortization": 10384000, "ebitda": 20289000, "ebitdaratio": 0.3188540177, "operatingIncome": 8930000, "operatingIncomeRatio": 0.1403404001, "totalOtherIncomeExpensesNet": -386000, "incomeBeforeTax": 8544000, "incomeBeforeTaxRatio": 0.1342741745, "incomeTaxExpense": 1879000, "netIncome": 6665000, "netIncomeRatio": 0.1047445428, "eps": 0.087, "epsdiluted": 0.087, "weightedAverageShsOut": 76630000, "weightedAverageShsOutDil": 76630000, "link": "", "finalLink": ""}, {"date": "2017-10-31", "symbol": "DSGX", "reportedCurrency": "USD", "cik": "0001050140", "fillingDate": "2017-10-31", "acceptedDate": "2017-10-30 20:00:00", "calendarYear": "2018", "period": "Q3", "revenue": 62001000, "costOfRevenue": 16843000, "grossProfit": 45158000, "grossProfitRatio": 0.7283430912, "researchAndDevelopmentExpenses": 10890000, "generalAndAdministrativeExpenses": 6560000, "sellingAndMarketingExpenses": 9000000, "sellingGeneralAndAdministrativeExpenses": 15560000, "otherExpenses": 8900000, "operatingExpenses": 35350000, "costAndExpenses": 52193000, "interestIncome": 0, "interestExpense": 497000, "depreciationAndAmortization": 9983000, "ebitda": 19791000, "ebitdaratio": 0.319204529, "operatingIncome": 8378000, "operatingIncomeRatio": 0.1351268528, "totalOtherIncomeExpensesNet": -444000, "incomeBeforeTax": 7934000, "incomeBeforeTaxRatio": 0.127965678, "incomeTaxExpense": 1764000, "netIncome": 6170000, "netIncomeRatio": 0.099514524, "eps": 0.08, "epsdiluted": 0.08, "weightedAverageShsOut": 76630000, "weightedAverageShsOutDil": 77442000, "link": "", "finalLink": ""}, {"date": "2017-07-31", "symbol": "DSGX", "reportedCurrency": "USD", "cik": "0001050140", "fillingDate": "2017-07-31", "acceptedDate": "2017-07-30 20:00:00", "calendarYear": "2018", "period": "Q2", "revenue": 57293000, "costOfRevenue": 15347000, "grossProfit": 41946000, "grossProfitRatio": 0.7321313249, "researchAndDevelopmentExpenses": 10158000, "generalAndAdministrativeExpenses": 6178000, "sellingAndMarketingExpenses": 7606000, "sellingGeneralAndAdministrativeExpenses": 13784000, "otherExpenses": 7763000, "operatingExpenses": 31705000, "costAndExpenses": 47052000, "interestIncome": 0, "interestExpense": 169000, "depreciationAndAmortization": 8696000, "ebitda": 18937000, "ebitdaratio": 0.330529035, "operatingIncome": 9330000, "operatingIncomeRatio": 0.1628471192, "totalOtherIncomeExpensesNet": -145000, "incomeBeforeTax": 9185000, "incomeBeforeTaxRatio": 0.160316269, "incomeTaxExpense": 2026000, "netIncome": 7159000, "netIncomeRatio": 0.1249541829, "eps": 0.09, "epsdiluted": 0.09, "weightedAverageShsOut": 75969000, "weightedAverageShsOutDil": 76739000, "link": "", "finalLink": ""}, {"date": "2017-04-30", "symbol": "DSGX", "reportedCurrency": "USD", "cik": "0001050140", "fillingDate": "2017-04-30", "acceptedDate": "2017-04-29 20:00:00", "calendarYear": "2018", "period": "Q1", "revenue": 54514000, "costOfRevenue": 14382000, "grossProfit": 40132000, "grossProfitRatio": 0.7361778626, "researchAndDevelopmentExpenses": 9335000, "generalAndAdministrativeExpenses": 5940000, "sellingAndMarketingExpenses": 7230000, "sellingGeneralAndAdministrativeExpenses": 13170000, "otherExpenses": 7703000, "operatingExpenses": 30208000, "costAndExpenses": 44590000, "interestIncome": 0, "interestExpense": 195000, "depreciationAndAmortization": 8515000, "ebitda": 18439000, "ebitdaratio": 0.338243387, "operatingIncome": 9246000, "operatingIncomeRatio": 0.1696078072, "totalOtherIncomeExpensesNet": -161000, "incomeBeforeTax": 9085000, "incomeBeforeTaxRatio": 0.1666544374, "incomeTaxExpense": 2200000, "netIncome": 6885000, "netIncomeRatio": 0.1262978317, "eps": 0.09, "epsdiluted": 0.09, "weightedAverageShsOut": 75912000, "weightedAverageShsOutDil": 76648000, "link": "", "finalLink": ""}, {"date": "2017-01-31", "symbol": "DSGX", "reportedCurrency": "USD", "cik": "0001050140", "fillingDate": "2017-01-31", "acceptedDate": "2017-01-30 19:00:00", "calendarYear": "2017", "period": "Q4", "revenue": 52816000, "costOfRevenue": 14642000, "grossProfit": 38174000, "grossProfitRatio": 0.722773402, "researchAndDevelopmentExpenses": 8937000, "generalAndAdministrativeExpenses": 6074000, "sellingAndMarketingExpenses": 6275000, "sellingGeneralAndAdministrativeExpenses": 12349000, "otherExpenses": 7830000, "operatingExpenses": 29116000, "costAndExpenses": 43758000, "interestIncome": 0, "interestExpense": 130000, "depreciationAndAmortization": 8894000, "ebitda": 17952000, "ebitdaratio": 0.3398970009, "operatingIncome": 8114000, "operatingIncomeRatio": 0.1536276886, "totalOtherIncomeExpensesNet": -78000, "incomeBeforeTax": 8036000, "incomeBeforeTaxRatio": 0.1521508634, "incomeTaxExpense": 1946000, "netIncome": 6090000, "netIncomeRatio": 0.1153059679, "eps": 0.0803, "epsdiluted": 0.0803, "weightedAverageShsOut": 75816000, "weightedAverageShsOutDil": 75816000, "link": "", "finalLink": ""}, {"date": "2016-10-31", "symbol": "DSGX", "reportedCurrency": "USD", "cik": "0001050140", "fillingDate": "2016-10-31", "acceptedDate": "2016-10-30 20:00:00", "calendarYear": "2017", "period": "Q3", "revenue": 51536000, "costOfRevenue": 13935000, "grossProfit": 37601000, "grossProfitRatio": 0.7296064887, "researchAndDevelopmentExpenses": 8925000, "generalAndAdministrativeExpenses": 5713000, "sellingAndMarketingExpenses": 6649000, "sellingGeneralAndAdministrativeExpenses": 12362000, "otherExpenses": 7443000, "operatingExpenses": 28730000, "costAndExpenses": 42665000, "interestIncome": 0, "interestExpense": 187000, "depreciationAndAmortization": 8394000, "ebitda": 17265000, "ebitdaratio": 0.3350085377, "operatingIncome": 7833000, "operatingIncomeRatio": 0.1519908414, "totalOtherIncomeExpensesNet": -125000, "incomeBeforeTax": 7708000, "incomeBeforeTaxRatio": 0.1495653524, "incomeTaxExpense": 1777000, "netIncome": 5931000, "netIncomeRatio": 0.1150846011, "eps": 0.08, "epsdiluted": 0.08, "weightedAverageShsOut": 75816000, "weightedAverageShsOutDil": 76538000, "link": "", "finalLink": ""}, {"date": "2016-07-31", "symbol": "DSGX", "reportedCurrency": "USD", "cik": "0001050140", "fillingDate": "2016-07-31", "acceptedDate": "2016-07-30 20:00:00", "calendarYear": "2017", "period": "Q2", "revenue": 50516000, "costOfRevenue": 13785000, "grossProfit": 36731000, "grossProfitRatio": 0.7271161612, "researchAndDevelopmentExpenses": 8904000, "generalAndAdministrativeExpenses": 5956000, "sellingAndMarketingExpenses": 6337000, "sellingGeneralAndAdministrativeExpenses": 12293000, "otherExpenses": 7577000, "operatingExpenses": 28774000, "costAndExpenses": 42559000, "interestIncome": 0, "interestExpense": 165000, "depreciationAndAmortization": 8442000, "ebitda": 16399000, "ebitdaratio": 0.3246298203, "operatingIncome": 7193000, "operatingIncomeRatio": 0.1423905297, "totalOtherIncomeExpensesNet": 623000, "incomeBeforeTax": 7816000, "incomeBeforeTaxRatio": 0.154723256, "incomeTaxExpense": 2037000, "netIncome": 5779000, "netIncomeRatio": 0.1143993982, "eps": 0.08, "epsdiluted": 0.08, "weightedAverageShsOut": 75792000, "weightedAverageShsOutDil": 76483000, "link": "", "finalLink": ""}, {"date": "2016-04-30", "symbol": "DSGX", "reportedCurrency": "USD", "cik": "0001050140", "fillingDate": "2016-04-30", "acceptedDate": "2016-04-29 20:00:00", "calendarYear": "2017", "period": "Q1", "revenue": 48911000, "costOfRevenue": 13689000, "grossProfit": 35222000, "grossProfitRatio": 0.7201243074, "researchAndDevelopmentExpenses": 8790000, "generalAndAdministrativeExpenses": 5334000, "sellingAndMarketingExpenses": 5682000, "sellingGeneralAndAdministrativeExpenses": 11016000, "otherExpenses": 7151000, "operatingExpenses": 26957000, "costAndExpenses": 40646000, "interestIncome": 0, "interestExpense": 129000, "depreciationAndAmortization": 7899000, "ebitda": 16164000, "ebitdaratio": 0.3304778066, "operatingIncome": 7556000, "operatingIncomeRatio": 0.1544846762, "totalOtherIncomeExpensesNet": 384000, "incomeBeforeTax": 7940000, "incomeBeforeTaxRatio": 0.1623356709, "incomeTaxExpense": 1902000, "netIncome": 6038000, "netIncomeRatio": 0.123448713, "eps": 0.08, "epsdiluted": 0.08, "weightedAverageShsOut": 75761000, "weightedAverageShsOutDil": 76419000, "link": "", "finalLink": ""}, {"date": "2016-01-31", "symbol": "DSGX", "reportedCurrency": "USD", "cik": "0001050140", "fillingDate": "2016-01-31", "acceptedDate": "2016-01-30 19:00:00", "calendarYear": "2016", "period": "Q4", "revenue": 48037000, "costOfRevenue": 13571000, "grossProfit": 34466000, "grossProfitRatio": 0.7174886025, "researchAndDevelopmentExpenses": 8267000, "generalAndAdministrativeExpenses": 5096000, "sellingAndMarketingExpenses": 6252000, "sellingGeneralAndAdministrativeExpenses": 11348000, "otherExpenses": 7316000, "operatingExpenses": 26931000, "costAndExpenses": 40502000, "interestIncome": 21000, "interestExpense": 123000, "depreciationAndAmortization": 8417000, "ebitda": 15952000, "ebitdaratio": 0.332077357, "operatingIncome": 6958000, "operatingIncomeRatio": 0.1448466807, "totalOtherIncomeExpensesNet": -102000, "incomeBeforeTax": 6856000, "incomeBeforeTaxRatio": 0.1427233174, "incomeTaxExpense": 1496000, "netIncome": 5360000, "netIncomeRatio": 0.1115806566, "eps": 0.0709, "epsdiluted": 0.0709, "weightedAverageShsOut": 75633000, "weightedAverageShsOutDil": 75633000, "link": "", "finalLink": ""}, {"date": "2015-10-31", "symbol": "DSGX", "reportedCurrency": "USD", "cik": "0001050140", "fillingDate": "2015-10-31", "acceptedDate": "2015-10-30 20:00:00", "calendarYear": "2016", "period": "Q3", "revenue": 47360000, "costOfRevenue": 13416000, "grossProfit": 33944000, "grossProfitRatio": 0.716722973, "researchAndDevelopmentExpenses": 8082000, "generalAndAdministrativeExpenses": 5897000, "sellingAndMarketingExpenses": 5549000, "sellingGeneralAndAdministrativeExpenses": 11446000, "otherExpenses": 6936000, "operatingExpenses": 26464000, "costAndExpenses": 39880000, "interestIncome": 28000, "interestExpense": 120000, "depreciationAndAmortization": 7782000, "ebitda": 15262000, "ebitdaratio": 0.3222550676, "operatingIncome": 7096000, "operatingIncomeRatio": 0.1498310811, "totalOtherIncomeExpensesNet": -92000, "incomeBeforeTax": 7004000, "incomeBeforeTaxRatio": 0.1478885135, "incomeTaxExpense": 1775000, "netIncome": 5229000, "netIncomeRatio": 0.1104096284, "eps": 0.07, "epsdiluted": 0.07, "weightedAverageShsOut": 75633000, "weightedAverageShsOutDil": 76421000, "link": "", "finalLink": ""}, {"date": "2015-07-31", "symbol": "DSGX", "reportedCurrency": "USD", "cik": "0001050140", "fillingDate": "2015-07-31", "acceptedDate": "2015-07-30 20:00:00", "calendarYear": "2016", "period": "Q2", "revenue": 45172000, "costOfRevenue": 13489000, "grossProfit": 31683000, "grossProfitRatio": 0.7013858142, "researchAndDevelopmentExpenses": 7473000, "generalAndAdministrativeExpenses": 5668000, "sellingAndMarketingExpenses": 5153000, "sellingGeneralAndAdministrativeExpenses": 10821000, "otherExpenses": 5994000, "operatingExpenses": 24288000, "costAndExpenses": 37777000, "interestIncome": 71000, "interestExpense": 135000, "depreciationAndAmortization": 6757000, "ebitda": 14152000, "ebitdaratio": 0.3132914195, "operatingIncome": 7023000, "operatingIncomeRatio": 0.1554724165, "totalOtherIncomeExpensesNet": -64000, "incomeBeforeTax": 6959000, "incomeBeforeTaxRatio": 0.1540556097, "incomeTaxExpense": 1887000, "netIncome": 5072000, "netIncomeRatio": 0.1122819446, "eps": 0.07, "epsdiluted": 0.07, "weightedAverageShsOut": 75498000, "weightedAverageShsOutDil": 76396000, "link": "", "finalLink": ""}, {"date": "2015-04-30", "symbol": "DSGX", "reportedCurrency": "USD", "cik": "0001050140", "fillingDate": "2015-04-30", "acceptedDate": "2015-04-29 20:00:00", "calendarYear": "2016", "period": "Q1", "revenue": 44424000, "costOfRevenue": 13383000, "grossProfit": 31041000, "grossProfitRatio": 0.6987439222, "researchAndDevelopmentExpenses": 7471000, "generalAndAdministrativeExpenses": 4946000, "sellingAndMarketingExpenses": 5470000, "sellingGeneralAndAdministrativeExpenses": 10416000, "otherExpenses": 5976000, "operatingExpenses": 23863000, "costAndExpenses": 37246000, "interestIncome": 75000, "interestExpense": 144000, "depreciationAndAmortization": 6643000, "ebitda": 13821000, "ebitdaratio": 0.3111156132, "operatingIncome": 7020000, "operatingIncomeRatio": 0.1580226904, "totalOtherIncomeExpensesNet": -69000, "incomeBeforeTax": 6951000, "incomeBeforeTaxRatio": 0.156469476, "incomeTaxExpense": 2050000, "netIncome": 4901000, "netIncomeRatio": 0.1103232487, "eps": 0.06, "epsdiluted": 0.06, "weightedAverageShsOut": 75484000, "weightedAverageShsOutDil": 76344000, "link": "", "finalLink": ""}, {"date": "2015-01-31", "symbol": "DSGX", "reportedCurrency": "USD", "cik": "0001050140", "fillingDate": "2015-01-31", "acceptedDate": "2015-01-30 19:00:00", "calendarYear": "2015", "period": "Q4", "revenue": 44287000, "costOfRevenue": 13934000, "grossProfit": 30353000, "grossProfitRatio": 0.6853704247, "researchAndDevelopmentExpenses": 7263000, "generalAndAdministrativeExpenses": 5643000, "sellingAndMarketingExpenses": 4970000, "sellingGeneralAndAdministrativeExpenses": 10613000, "otherExpenses": 6238000, "operatingExpenses": 24114000, "costAndExpenses": 38048000, "interestIncome": 0, "interestExpense": 150000, "depreciationAndAmortization": 7201000, "ebitda": 13440000, "ebitdaratio": 0.3034750604, "operatingIncome": 4815000, "operatingIncomeRatio": 0.10872265, "totalOtherIncomeExpensesNet": -62000, "incomeBeforeTax": 4753000, "incomeBeforeTaxRatio": 0.1073226906, "incomeTaxExpense": 1158000, "netIncome": 3595000, "netIncomeRatio": 0.0811750627, "eps": 0.0477, "epsdiluted": 0.0477, "weightedAverageShsOut": 75324000, "weightedAverageShsOutDil": 75324000, "link": "", "finalLink": ""}, {"date": "2014-10-31", "symbol": "DSGX", "reportedCurrency": "USD", "cik": "0001050140", "fillingDate": "2014-10-31", "acceptedDate": "2014-10-30 20:00:00", "calendarYear": "2015", "period": "Q3", "revenue": 43057000, "costOfRevenue": 13876000, "grossProfit": 29181000, "grossProfitRatio": 0.6777295213, "researchAndDevelopmentExpenses": 6986000, "generalAndAdministrativeExpenses": 4799000, "sellingAndMarketingExpenses": 5451000, "sellingGeneralAndAdministrativeExpenses": 10250000, "otherExpenses": 5541000, "operatingExpenses": 22777000, "costAndExpenses": 36653000, "interestIncome": 92000, "interestExpense": 144000, "depreciationAndAmortization": 6314000, "ebitda": 12718000, "ebitdaratio": 0.2953758971, "operatingIncome": 6203000, "operatingIncomeRatio": 0.1440648443, "totalOtherIncomeExpensesNet": -52000, "incomeBeforeTax": 6151000, "incomeBeforeTaxRatio": 0.1428571429, "incomeTaxExpense": 1994000, "netIncome": 4157000, "netIncomeRatio": 0.0965464384, "eps": 0.06, "epsdiluted": 0.05, "weightedAverageShsOut": 75324000, "weightedAverageShsOutDil": 76190000, "link": "", "finalLink": ""}, {"date": "2014-07-31", "symbol": "DSGX", "reportedCurrency": "USD", "cik": "0001050140", "fillingDate": "2014-07-31", "acceptedDate": "2014-07-30 20:00:00", "calendarYear": "2015", "period": "Q2", "revenue": 42680000, "costOfRevenue": 13820000, "grossProfit": 28860000, "grossProfitRatio": 0.6761949391, "researchAndDevelopmentExpenses": 7109000, "generalAndAdministrativeExpenses": 5181000, "sellingAndMarketingExpenses": 4994000, "sellingGeneralAndAdministrativeExpenses": 10175000, "otherExpenses": 5304000, "operatingExpenses": 22588000, "costAndExpenses": 36408000, "interestIncome": 119000, "interestExpense": 387000, "depreciationAndAmortization": 6030000, "ebitda": 12302000, "ebitdaratio": 0.2882380506, "operatingIncome": 5580000, "operatingIncomeRatio": 0.1307403936, "totalOtherIncomeExpensesNet": -268000, "incomeBeforeTax": 5312000, "incomeBeforeTaxRatio": 0.1244611059, "incomeTaxExpense": 1699000, "netIncome": 3613000, "netIncomeRatio": 0.0846532334, "eps": 0.05, "epsdiluted": 0.05, "weightedAverageShsOut": 67559000, "weightedAverageShsOutDil": 68567000, "link": "", "finalLink": ""}, {"date": "2014-04-30", "symbol": "DSGX", "reportedCurrency": "USD", "cik": "0001050140", "fillingDate": "2014-04-30", "acceptedDate": "2014-04-29 20:00:00", "calendarYear": "2015", "period": "Q1", "revenue": 40836000, "costOfRevenue": 13249000, "grossProfit": 27587000, "grossProfitRatio": 0.6755558821, "researchAndDevelopmentExpenses": 6719000, "generalAndAdministrativeExpenses": 4710000, "sellingAndMarketingExpenses": 4989000, "sellingGeneralAndAdministrativeExpenses": 9699000, "otherExpenses": 4632000, "operatingExpenses": 21050000, "costAndExpenses": 34299000, "interestIncome": 34000, "interestExpense": 407000, "depreciationAndAmortization": 5465000, "ebitda": 12002000, "ebitdaratio": 0.2939073367, "operatingIncome": 5978000, "operatingIncomeRatio": 0.1463904398, "totalOtherIncomeExpensesNet": -373000, "incomeBeforeTax": 5605000, "incomeBeforeTaxRatio": 0.1372563424, "incomeTaxExpense": 1911000, "netIncome": 3694000, "netIncomeRatio": 0.0904593986, "eps": 0.06, "epsdiluted": 0.06, "weightedAverageShsOut": 63667000, "weightedAverageShsOutDil": 64817000, "link": "", "finalLink": ""}, {"date": "2014-01-31", "symbol": "DSGX", "reportedCurrency": "USD", "cik": "0001050140", "fillingDate": "2014-01-31", "acceptedDate": "2014-01-30 19:00:00", "calendarYear": "2014", "period": "Q4", "revenue": 40305000, "costOfRevenue": 12788000, "grossProfit": 27517000, "grossProfitRatio": 0.6827192656, "researchAndDevelopmentExpenses": 6685000, "generalAndAdministrativeExpenses": 5747000, "sellingAndMarketingExpenses": 4500000, "sellingGeneralAndAdministrativeExpenses": 10247000, "otherExpenses": 4779000, "operatingExpenses": 21711000, "costAndExpenses": 34499000, "interestIncome": 0, "interestExpense": 344000, "depreciationAndAmortization": 5752000, "ebitda": 11558000, "ebitdaratio": 0.2867634289, "operatingIncome": 1695000, "operatingIncomeRatio": 0.0420543357, "totalOtherIncomeExpensesNet": -324000, "incomeBeforeTax": 1371000, "incomeBeforeTaxRatio": 0.0340156308, "incomeTaxExpense": -1511000, "netIncome": 2882000, "netIncomeRatio": 0.0715047761, "eps": 0.0459, "epsdiluted": 0.0459, "weightedAverageShsOut": 62737000, "weightedAverageShsOutDil": 62737000, "link": "", "finalLink": ""}, {"date": "2013-10-31", "symbol": "DSGX", "reportedCurrency": "USD", "cik": "0001050140", "fillingDate": "2013-10-31", "acceptedDate": "2013-10-30 20:00:00", "calendarYear": "2014", "period": "Q3", "revenue": 38763000, "costOfRevenue": 12748000, "grossProfit": 26015000, "grossProfitRatio": 0.6711296855, "researchAndDevelopmentExpenses": 6835000, "generalAndAdministrativeExpenses": 5043000, "sellingAndMarketingExpenses": 4142000, "sellingGeneralAndAdministrativeExpenses": 9185000, "otherExpenses": 4612000, "operatingExpenses": 20632000, "costAndExpenses": 33380000, "interestIncome": 0, "interestExpense": 283000, "depreciationAndAmortization": 5473000, "ebitda": 10856000, "ebitdaratio": 0.2800608828, "operatingIncome": 4599000, "operatingIncomeRatio": 0.1186440678, "totalOtherIncomeExpensesNet": -265000, "incomeBeforeTax": 4334000, "incomeBeforeTaxRatio": 0.1118076516, "incomeTaxExpense": 2151000, "netIncome": 2183000, "netIncomeRatio": 0.0563165906, "eps": 0.03, "epsdiluted": 0.03, "weightedAverageShsOut": 62737000, "weightedAverageShsOutDil": 64301000, "link": "", "finalLink": ""}, {"date": "2013-07-31", "symbol": "DSGX", "reportedCurrency": "USD", "cik": "0001050140", "fillingDate": "2013-07-31", "acceptedDate": "2013-07-30 20:00:00", "calendarYear": "2014", "period": "Q2", "revenue": 38195000, "costOfRevenue": 12951000, "grossProfit": 25244000, "grossProfitRatio": 0.6609242047, "researchAndDevelopmentExpenses": 6607000, "generalAndAdministrativeExpenses": 5152000, "sellingAndMarketingExpenses": 4046000, "sellingGeneralAndAdministrativeExpenses": 9198000, "otherExpenses": 4602000, "operatingExpenses": 20407000, "costAndExpenses": 33358000, "interestIncome": 0, "interestExpense": 305000, "depreciationAndAmortization": 5403000, "ebitda": 10240000, "ebitdaratio": 0.2680979186, "operatingIncome": 3515000, "operatingIncomeRatio": 0.0920277523, "totalOtherIncomeExpensesNet": -1616000, "incomeBeforeTax": 3221000, "incomeBeforeTaxRatio": 0.0843304097, "incomeTaxExpense": 1481000, "netIncome": 1740000, "netIncomeRatio": 0.045555701, "eps": 0.03, "epsdiluted": 0.03, "weightedAverageShsOut": 62711000, "weightedAverageShsOutDil": 64183000, "link": "", "finalLink": ""}, {"date": "2013-04-30", "symbol": "DSGX", "reportedCurrency": "USD", "cik": "0001050140", "fillingDate": "2013-04-30", "acceptedDate": "2013-04-29 20:00:00", "calendarYear": "2014", "period": "Q1", "revenue": 34031000, "costOfRevenue": 10556000, "grossProfit": 23475000, "grossProfitRatio": 0.68981223, "researchAndDevelopmentExpenses": 5754000, "generalAndAdministrativeExpenses": 4567000, "sellingAndMarketingExpenses": 3993000, "sellingGeneralAndAdministrativeExpenses": 8560000, "otherExpenses": 4006000, "operatingExpenses": 18320000, "costAndExpenses": 28876000, "interestIncome": 0, "interestExpense": 61000, "depreciationAndAmortization": 4767000, "ebitda": 9922000, "ebitdaratio": 0.2915576974, "operatingIncome": 4860000, "operatingIncomeRatio": 0.1428109665, "totalOtherIncomeExpensesNet": -348000, "incomeBeforeTax": 4807000, "incomeBeforeTaxRatio": 0.1412535629, "incomeTaxExpense": 2000000, "netIncome": 2807000, "netIncomeRatio": 0.0824836179, "eps": 0.04, "epsdiluted": 0.04, "weightedAverageShsOut": 62669000, "weightedAverageShsOutDil": 64024000, "link": "", "finalLink": ""}, {"date": "2013-01-31", "symbol": "DSGX", "reportedCurrency": "USD", "cik": "0001050140", "fillingDate": "2013-01-31", "acceptedDate": "2013-01-30 19:00:00", "calendarYear": "2013", "period": "Q4", "revenue": 33799000, "costOfRevenue": 10801000, "grossProfit": 22998000, "grossProfitRatio": 0.6804343324, "researchAndDevelopmentExpenses": 5915000, "generalAndAdministrativeExpenses": 4479000, "sellingAndMarketingExpenses": 3824000, "sellingGeneralAndAdministrativeExpenses": 8303000, "otherExpenses": 4020000, "operatingExpenses": 18238000, "costAndExpenses": 29039000, "interestIncome": 0, "interestExpense": 13000, "depreciationAndAmortization": 5082000, "ebitda": 9842000, "ebitdaratio": 0.2911920471, "operatingIncome": 4227000, "operatingIncomeRatio": 0.1250628717, "totalOtherIncomeExpensesNet": -540000, "incomeBeforeTax": 4220000, "incomeBeforeTaxRatio": 0.124855765, "incomeTaxExpense": -3568000, "netIncome": 7788000, "netIncomeRatio": 0.2304210184, "eps": 0.12, "epsdiluted": 0.12, "weightedAverageShsOut": 62599000, "weightedAverageShsOutDil": 62599000, "link": "", "finalLink": ""}, {"date": "2012-10-31", "symbol": "DSGX", "reportedCurrency": "USD", "cik": "0001050140", "fillingDate": "2012-10-31", "acceptedDate": "2012-10-30 20:00:00", "calendarYear": "2013", "period": "Q3", "revenue": 32685000, "costOfRevenue": 10432000, "grossProfit": 22253000, "grossProfitRatio": 0.680832186, "researchAndDevelopmentExpenses": 5225000, "generalAndAdministrativeExpenses": 4661000, "sellingAndMarketingExpenses": 3695000, "sellingGeneralAndAdministrativeExpenses": 8356000, "otherExpenses": 3735000, "operatingExpenses": 17316000, "costAndExpenses": 27748000, "interestIncome": 0, "interestExpense": 1000, "depreciationAndAmortization": 4434000, "ebitda": 9371000, "ebitdaratio": 0.2867064403, "operatingIncome": 4712000, "operatingIncomeRatio": 0.1441639896, "totalOtherIncomeExpensesNet": -212000, "incomeBeforeTax": 4725000, "incomeBeforeTaxRatio": 0.1445617256, "incomeTaxExpense": 1610000, "netIncome": 3115000, "netIncomeRatio": 0.0953036561, "eps": 0.05, "epsdiluted": 0.05, "weightedAverageShsOut": 62599000, "weightedAverageShsOutDil": 63793000, "link": "", "finalLink": ""}, {"date": "2012-07-31", "symbol": "DSGX", "reportedCurrency": "USD", "cik": "0001050140", "fillingDate": "2012-07-31", "acceptedDate": "2012-07-30 20:00:00", "calendarYear": "2013", "period": "Q2", "revenue": 30537000, "costOfRevenue": 10580000, "grossProfit": 19957000, "grossProfitRatio": 0.6535350558, "researchAndDevelopmentExpenses": 5116000, "generalAndAdministrativeExpenses": 3368000, "sellingAndMarketingExpenses": 3085000, "sellingGeneralAndAdministrativeExpenses": 6453000, "otherExpenses": 3372000, "operatingExpenses": 14941000, "costAndExpenses": 25521000, "interestIncome": 0, "interestExpense": 15000, "depreciationAndAmortization": 3930000, "ebitda": 7787000, "ebitdaratio": 0.2550021286, "operatingIncome": 3837000, "operatingIncomeRatio": 0.1256508498, "totalOtherIncomeExpensesNet": 5000, "incomeBeforeTax": 3842000, "incomeBeforeTaxRatio": 0.1258145856, "incomeTaxExpense": 1355000, "netIncome": 2487000, "netIncomeRatio": 0.0814421849, "eps": 0.04, "epsdiluted": 0.04, "weightedAverageShsOut": 62535000, "weightedAverageShsOutDil": 63869000, "link": "", "finalLink": ""}, {"date": "2012-04-30", "symbol": "DSGX", "reportedCurrency": "USD", "cik": "0001050140", "fillingDate": "2012-04-30", "acceptedDate": "2012-04-29 20:00:00", "calendarYear": "2013", "period": "Q1", "revenue": 29862000, "costOfRevenue": 10586000, "grossProfit": 19276000, "grossProfitRatio": 0.6455026455, "researchAndDevelopmentExpenses": 5013000, "generalAndAdministrativeExpenses": 3183000, "sellingAndMarketingExpenses": 3161000, "sellingGeneralAndAdministrativeExpenses": 6344000, "otherExpenses": 3075000, "operatingExpenses": 14432000, "costAndExpenses": 25018000, "interestIncome": 0, "interestExpense": 16000, "depreciationAndAmortization": 3633000, "ebitda": 8083000, "ebitdaratio": 0.2706784542, "operatingIncome": 4417000, "operatingIncomeRatio": 0.1479137365, "totalOtherIncomeExpensesNet": 17000, "incomeBeforeTax": 4434000, "incomeBeforeTaxRatio": 0.1484830219, "incomeTaxExpense": 1828000, "netIncome": 2606000, "netIncomeRatio": 0.0872680999, "eps": 0.04, "epsdiluted": 0.04, "weightedAverageShsOut": 62454000, "weightedAverageShsOutDil": 63836000, "link": "", "finalLink": ""}, {"date": "2012-01-31", "symbol": "DSGX", "reportedCurrency": "USD", "cik": "0001050140", "fillingDate": "2012-01-31", "acceptedDate": "2012-01-30 19:00:00", "calendarYear": "2012", "period": "Q4", "revenue": 29571000, "costOfRevenue": 10121000, "grossProfit": 19450000, "grossProfitRatio": 0.657739001, "researchAndDevelopmentExpenses": 5132000, "generalAndAdministrativeExpenses": 3636000, "sellingAndMarketingExpenses": 3297000, "sellingGeneralAndAdministrativeExpenses": 6933000, "otherExpenses": 2205000, "operatingExpenses": 14270000, "costAndExpenses": 24391000, "interestIncome": 0, "interestExpense": 2000, "depreciationAndAmortization": 3763000, "ebitda": 6965000, "ebitdaratio": 0.2355348145, "operatingIncome": 3168000, "operatingIncomeRatio": 0.1071319874, "totalOtherIncomeExpensesNet": 32000, "incomeBeforeTax": 3200000, "incomeBeforeTaxRatio": 0.1082141287, "incomeTaxExpense": -1310000, "netIncome": 4510000, "netIncomeRatio": 0.1525142876, "eps": 0.0723, "epsdiluted": 0.0723, "weightedAverageShsOut": 62350000, "weightedAverageShsOutDil": 62350000, "link": "", "finalLink": ""}, {"date": "2011-10-31", "symbol": "DSGX", "reportedCurrency": "USD", "cik": "0001050140", "fillingDate": "2011-10-31", "acceptedDate": "2011-10-30 20:00:00", "calendarYear": "2012", "period": "Q3", "revenue": 28502000, "costOfRevenue": 9495000, "grossProfit": 19007000, "grossProfitRatio": 0.6668654831, "researchAndDevelopmentExpenses": 4703000, "generalAndAdministrativeExpenses": 3609000, "sellingAndMarketingExpenses": 3091000, "sellingGeneralAndAdministrativeExpenses": 6700000, "otherExpenses": 3193000, "operatingExpenses": 14596000, "costAndExpenses": 24091000, "interestIncome": 0, "interestExpense": 2000, "depreciationAndAmortization": 3486000, "ebitda": 7897000, "ebitdaratio": 0.2770682759, "operatingIncome": 4410000, "operatingIncomeRatio": 0.1547259841, "totalOtherIncomeExpensesNet": 42000, "incomeBeforeTax": 4452000, "incomeBeforeTaxRatio": 0.1561995649, "incomeTaxExpense": 1728000, "netIncome": 2724000, "netIncomeRatio": 0.0955722405, "eps": 0.04, "epsdiluted": 0.04, "weightedAverageShsOut": 62350000, "weightedAverageShsOutDil": 63408000, "link": "", "finalLink": ""}, {"date": "2011-07-31", "symbol": "DSGX", "reportedCurrency": "USD", "cik": "0001050140", "fillingDate": "2011-07-31", "acceptedDate": "2011-07-30 20:00:00", "calendarYear": "2012", "period": "Q2", "revenue": 28841000, "costOfRevenue": 9783000, "grossProfit": 19058000, "grossProfitRatio": 0.6607953954, "researchAndDevelopmentExpenses": 4691000, "generalAndAdministrativeExpenses": 3588000, "sellingAndMarketingExpenses": 3339000, "sellingGeneralAndAdministrativeExpenses": 6927000, "otherExpenses": 2913000, "operatingExpenses": 14531000, "costAndExpenses": 24314000, "interestIncome": 0, "interestExpense": 2000, "depreciationAndAmortization": 3522000, "ebitda": 7766000, "ebitdaratio": 0.2692694428, "operatingIncome": 4192000, "operatingIncomeRatio": 0.1453486356, "totalOtherIncomeExpensesNet": 50000, "incomeBeforeTax": 4242000, "incomeBeforeTaxRatio": 0.1470822787, "incomeTaxExpense": 1602000, "netIncome": 2640000, "netIncomeRatio": 0.0915363545, "eps": 0.04, "epsdiluted": 0.04, "weightedAverageShsOut": 62221000, "weightedAverageShsOutDil": 63358000, "link": "", "finalLink": ""}, {"date": "2011-04-30", "symbol": "DSGX", "reportedCurrency": "USD", "cik": "0001050140", "fillingDate": "2011-04-30", "acceptedDate": "2011-04-29 20:00:00", "calendarYear": "2012", "period": "Q1", "revenue": 27076000, "costOfRevenue": 8914000, "grossProfit": 18162000, "grossProfitRatio": 0.6707785493, "researchAndDevelopmentExpenses": 4518000, "generalAndAdministrativeExpenses": 3439000, "sellingAndMarketingExpenses": 3282000, "sellingGeneralAndAdministrativeExpenses": 6721000, "otherExpenses": 3137000, "operatingExpenses": 14376000, "costAndExpenses": 23290000, "interestIncome": 0, "interestExpense": 3000, "depreciationAndAmortization": 3687000, "ebitda": 7186000, "ebitdaratio": 0.2654010932, "operatingIncome": 3455000, "operatingIncomeRatio": 0.1276037819, "totalOtherIncomeExpensesNet": 41000, "incomeBeforeTax": 3496000, "incomeBeforeTaxRatio": 0.1291180381, "incomeTaxExpense": 1344000, "netIncome": 2152000, "netIncomeRatio": 0.0794799823, "eps": 0.03, "epsdiluted": 0.03, "weightedAverageShsOut": 61881000, "weightedAverageShsOutDil": 63194000, "link": "", "finalLink": ""}, {"date": "2011-01-31", "symbol": "DSGX", "reportedCurrency": "USD", "cik": "0001050140", "fillingDate": "2011-01-31", "acceptedDate": "2011-01-30 19:00:00", "calendarYear": "2011", "period": "Q4", "revenue": 26853000, "costOfRevenue": 9356000, "grossProfit": 17497000, "grossProfitRatio": 0.6515845529, "researchAndDevelopmentExpenses": 4540000, "generalAndAdministrativeExpenses": 3489000, "sellingAndMarketingExpenses": 2731000, "sellingGeneralAndAdministrativeExpenses": 6220000, "otherExpenses": 3129000, "operatingExpenses": 13889000, "costAndExpenses": 23245000, "interestIncome": 0, "interestExpense": 8000, "depreciationAndAmortization": 3808000, "ebitda": 6366000, "ebitdaratio": 0.237068484, "operatingIncome": 2510000, "operatingIncomeRatio": 0.0934718653, "totalOtherIncomeExpensesNet": 40000, "incomeBeforeTax": 2550000, "incomeBeforeTaxRatio": 0.0949614568, "incomeTaxExpense": -5158000, "netIncome": 7708000, "netIncomeRatio": 0.2870442781, "eps": 0.13, "epsdiluted": 0.13, "weightedAverageShsOut": 61526000, "weightedAverageShsOutDil": 61526000, "link": "", "finalLink": ""}, {"date": "2010-10-31", "symbol": "DSGX", "reportedCurrency": "USD", "cik": "0001050140", "fillingDate": "2010-10-31", "acceptedDate": "2010-10-30 20:00:00", "calendarYear": "2011", "period": "Q3", "revenue": 25787000, "costOfRevenue": 8579000, "grossProfit": 17208000, "grossProfitRatio": 0.6673129872, "researchAndDevelopmentExpenses": 4434000, "generalAndAdministrativeExpenses": 3494000, "sellingAndMarketingExpenses": 3040000, "sellingGeneralAndAdministrativeExpenses": 6534000, "otherExpenses": 3107000, "operatingExpenses": 14075000, "costAndExpenses": 22654000, "interestIncome": 0, "interestExpense": 3000, "depreciationAndAmortization": 3755000, "ebitda": 6359000, "ebitdaratio": 0.2465971226, "operatingIncome": 2562000, "operatingIncomeRatio": 0.0993523869, "totalOtherIncomeExpensesNet": 39000, "incomeBeforeTax": 2601000, "incomeBeforeTaxRatio": 0.1008647768, "incomeTaxExpense": 985000, "netIncome": 1616000, "netIncomeRatio": 0.0626672354, "eps": 0.03, "epsdiluted": 0.03, "weightedAverageShsOut": 61526000, "weightedAverageShsOutDil": 62849000, "link": "", "finalLink": ""}, {"date": "2010-07-31", "symbol": "DSGX", "reportedCurrency": "USD", "cik": "0001050140", "fillingDate": "2010-07-31", "acceptedDate": "2010-07-30 20:00:00", "calendarYear": "2011", "period": "Q2", "revenue": 25249000, "costOfRevenue": 8553000, "grossProfit": 16696000, "grossProfitRatio": 0.661253911, "researchAndDevelopmentExpenses": 4438000, "generalAndAdministrativeExpenses": 4281000, "sellingAndMarketingExpenses": 3131000, "sellingGeneralAndAdministrativeExpenses": 7412000, "otherExpenses": 3003000, "operatingExpenses": 14853000, "costAndExpenses": 23406000, "interestIncome": 0, "interestExpense": 3000, "depreciationAndAmortization": 3607000, "ebitda": 5450000, "ebitdaratio": 0.2158501327, "operatingIncome": 1843000, "operatingIncomeRatio": 0.0729929898, "totalOtherIncomeExpensesNet": 34000, "incomeBeforeTax": 1877000, "incomeBeforeTaxRatio": 0.0743395778, "incomeTaxExpense": -146000, "netIncome": 2023000, "netIncomeRatio": 0.080121985, "eps": 0.03, "epsdiluted": 0.03, "weightedAverageShsOut": 61481000, "weightedAverageShsOutDil": 62718000, "link": "", "finalLink": ""}]