[{"date": "2025-06-30", "symbol": "DBX", "reportedCurrency": "USD", "cik": "0001467623", "fillingDate": "2025-08-08", "acceptedDate": "2025-08-08 16:01:56", "calendarYear": "2025", "period": "Q2", "revenue": 625700000, "costOfRevenue": 123600000, "grossProfit": 502100000, "grossProfitRatio": 0.8024612434, "researchAndDevelopmentExpenses": 183800000, "generalAndAdministrativeExpenses": 58800000, "sellingAndMarketingExpenses": 87800000, "sellingGeneralAndAdministrativeExpenses": 146100000, "otherExpenses": 0, "operatingExpenses": 329900000, "costAndExpenses": 453500000, "interestIncome": 8700000, "interestExpense": 27300000, "depreciationAndAmortization": 38900000, "ebitda": 214000000, "ebitdaratio": 0.342016941, "operatingIncome": 172200000, "operatingIncomeRatio": 0.2752117628, "totalOtherIncomeExpensesNet": -24400000, "incomeBeforeTax": 147800000, "incomeBeforeTaxRatio": 0.2362154387, "incomeTaxExpense": 22200000, "netIncome": 125600000, "netIncomeRatio": 0.2007351766, "eps": 0.46, "epsdiluted": 0.45, "weightedAverageShsOut": 272400000, "weightedAverageShsOutDil": 276700000, "link": "https://www.sec.gov/Archives/edgar/data/1467623/000146762325000117/0001467623-25-000117-index.htm", "finalLink": "https://www.sec.gov/Archives/edgar/data/1467623/000146762325000117/dbx-20250630.htm"}, {"date": "2025-03-31", "symbol": "DBX", "reportedCurrency": "USD", "cik": "0001467623", "fillingDate": "2025-05-09", "acceptedDate": "2025-05-09 16:03:29", "calendarYear": "2025", "period": "Q1", "revenue": 624700000, "costOfRevenue": 116700000, "grossProfit": 508000000, "grossProfitRatio": 0.8131903314, "researchAndDevelopmentExpenses": 177200000, "generalAndAdministrativeExpenses": 53800000, "sellingAndMarketingExpenses": 92000000, "sellingGeneralAndAdministrativeExpenses": 145800000, "otherExpenses": -800000, "operatingExpenses": 322200000, "costAndExpenses": 438600000, "interestIncome": 12700000, "interestExpense": 27300000, "depreciationAndAmortization": 38100000, "ebitda": 234900000, "ebitdaratio": 0.3760204898, "operatingIncome": 186100000, "operatingIncomeRatio": 0.2979029934, "totalOtherIncomeExpensesNet": -16600000, "incomeBeforeTax": 169500000, "incomeBeforeTaxRatio": 0.2713302385, "incomeTaxExpense": 19200000, "netIncome": 150300000, "netIncomeRatio": 0.2405954858, "eps": 0.52, "epsdiluted": 0.51, "weightedAverageShsOut": 290300000, "weightedAverageShsOutDil": 295700000, "link": "https://www.sec.gov/Archives/edgar/data/1467623/000146762325000060/0001467623-25-000060-index.htm", "finalLink": "https://www.sec.gov/Archives/edgar/data/1467623/000146762325000060/dbx-20250331.htm"}, {"date": "2024-12-31", "symbol": "DBX", "reportedCurrency": "USD", "cik": "0001467623", "fillingDate": "2025-02-21", "acceptedDate": "2025-02-21 16:07:02", "calendarYear": "2024", "period": "Q4", "revenue": 643600000, "costOfRevenue": 120800000, "grossProfit": 522800000, "grossProfitRatio": 0.81230578, "researchAndDevelopmentExpenses": 243000000, "generalAndAdministrativeExpenses": 62900000, "sellingAndMarketingExpenses": 128900000, "sellingGeneralAndAdministrativeExpenses": 191800000, "otherExpenses": 100000, "operatingExpenses": 434900000, "costAndExpenses": 555700000, "interestIncome": 8800000, "interestExpense": 10700000, "depreciationAndAmortization": 38200000, "ebitda": 126200000, "ebitdaratio": 0.1960845245, "operatingIncome": 87900000, "operatingIncomeRatio": 0.1365755127, "totalOtherIncomeExpensesNet": 4500000, "incomeBeforeTax": 92400000, "incomeBeforeTaxRatio": 0.1435674332, "incomeTaxExpense": -10400000, "netIncome": 102800000, "netIncomeRatio": 0.1597265382, "eps": 0.34, "epsdiluted": 0.34, "weightedAverageShsOut": 301500000, "weightedAverageShsOutDil": 306800000, "link": "https://www.sec.gov/Archives/edgar/data/1467623/000146762325000011/0001467623-25-000011-index.htm", "finalLink": "https://www.sec.gov/Archives/edgar/data/1467623/000146762325000011/dbx-20241231.htm"}, {"date": "2024-09-30", "symbol": "DBX", "reportedCurrency": "USD", "cik": "0001467623", "fillingDate": "2024-11-08", "acceptedDate": "2024-11-08 16:05:07", "calendarYear": "2024", "period": "Q3", "revenue": 638800000, "costOfRevenue": 111500000, "grossProfit": 527300000, "grossProfitRatio": 0.8254539762, "researchAndDevelopmentExpenses": 225700000, "generalAndAdministrativeExpenses": 63300000, "sellingAndMarketingExpenses": 110500000, "sellingGeneralAndAdministrativeExpenses": 173800000, "otherExpenses": 0, "operatingExpenses": 399500000, "costAndExpenses": 511000000, "interestIncome": 3800000, "interestExpense": 0, "depreciationAndAmortization": 35300000, "ebitda": 163100000, "ebitdaratio": 0.2553224796, "operatingIncome": 127800000, "operatingIncomeRatio": 0.2000626174, "totalOtherIncomeExpensesNet": 4900000, "incomeBeforeTax": 132700000, "incomeBeforeTaxRatio": 0.2077332498, "incomeTaxExpense": 26000000, "netIncome": 106700000, "netIncomeRatio": 0.1670319349, "eps": 0.34, "epsdiluted": 0.34, "weightedAverageShsOut": 314500000, "weightedAverageShsOutDil": 316400000, "link": "https://www.sec.gov/Archives/edgar/data/1467623/000146762324000051/0001467623-24-000051-index.htm", "finalLink": "https://www.sec.gov/Archives/edgar/data/1467623/000146762324000051/dbx-20240930.htm"}, {"date": "2024-06-30", "symbol": "DBX", "reportedCurrency": "USD", "cik": "0001467623", "fillingDate": "2024-08-09", "acceptedDate": "2024-08-09 16:06:17", "calendarYear": "2024", "period": "Q2", "revenue": 634500000, "costOfRevenue": 107000000, "grossProfit": 527500000, "grossProfitRatio": 0.8313632782, "researchAndDevelopmentExpenses": 227100000, "generalAndAdministrativeExpenses": 60900000, "sellingAndMarketingExpenses": 112500000, "sellingGeneralAndAdministrativeExpenses": 173400000, "otherExpenses": 0, "operatingExpenses": 400500000, "costAndExpenses": 507500000, "interestIncome": 4700000, "interestExpense": 0, "depreciationAndAmortization": 32400000, "ebitda": 159400000, "ebitdaratio": 0.2512214342, "operatingIncome": 127000000, "operatingIncomeRatio": 0.2001576044, "totalOtherIncomeExpensesNet": 6600000, "incomeBeforeTax": 133600000, "incomeBeforeTaxRatio": 0.2105594957, "incomeTaxExpense": 23100000, "netIncome": 110500000, "netIncomeRatio": 0.1741528763, "eps": 0.34, "epsdiluted": 0.34, "weightedAverageShsOut": 322400000, "weightedAverageShsOutDil": 323700000, "link": "https://www.sec.gov/Archives/edgar/data/1467623/000146762324000041/0001467623-24-000041-index.htm", "finalLink": "https://www.sec.gov/Archives/edgar/data/1467623/000146762324000041/dbx-20240630.htm"}, {"date": "2024-03-31", "symbol": "DBX", "reportedCurrency": "USD", "cik": "0001467623", "fillingDate": "2024-05-10", "acceptedDate": "2024-05-10 16:08:10", "calendarYear": "2024", "period": "Q1", "revenue": 631300000, "costOfRevenue": 105800000, "grossProfit": 525500000, "grossProfitRatio": 0.8324093141, "researchAndDevelopmentExpenses": 219100000, "generalAndAdministrativeExpenses": 54100000, "sellingAndMarketingExpenses": 108800000, "sellingGeneralAndAdministrativeExpenses": 162900000, "otherExpenses": 0, "operatingExpenses": 382000000, "costAndExpenses": 487800000, "interestIncome": 7300000, "interestExpense": 0, "depreciationAndAmortization": 31400000, "ebitda": 174900000, "ebitdaratio": 0.2770473626, "operatingIncome": 143500000, "operatingIncomeRatio": 0.227308728, "totalOtherIncomeExpensesNet": 7600000, "incomeBeforeTax": 151100000, "incomeBeforeTaxRatio": 0.2393473784, "incomeTaxExpense": 18800000, "netIncome": 132300000, "netIncomeRatio": 0.209567559, "eps": 0.4, "epsdiluted": 0.39, "weightedAverageShsOut": 334800000, "weightedAverageShsOutDil": 340700000, "link": "https://www.sec.gov/Archives/edgar/data/1467623/000146762324000030/0001467623-24-000030-index.htm", "finalLink": "https://www.sec.gov/Archives/edgar/data/1467623/000146762324000030/dbx-20240331.htm"}, {"date": "2023-12-31", "symbol": "DBX", "reportedCurrency": "USD", "cik": "0001467623", "fillingDate": "2024-02-16", "acceptedDate": "2024-02-16 16:11:15", "calendarYear": "2023", "period": "Q4", "revenue": 635000000, "costOfRevenue": 122000000, "grossProfit": 513000000, "grossProfitRatio": 0.8078740157, "researchAndDevelopmentExpenses": 222100000, "generalAndAdministrativeExpenses": 61300000, "sellingAndMarketingExpenses": 119600000, "sellingGeneralAndAdministrativeExpenses": 180900000, "otherExpenses": -157400000, "operatingExpenses": 245600000, "costAndExpenses": 367600000, "interestIncome": 11000000, "interestExpense": 4200000, "depreciationAndAmortization": 43000000, "ebitda": 153000000, "ebitdaratio": 0.2409448819, "operatingIncome": 267400000, "operatingIncomeRatio": 0.4211023622, "totalOtherIncomeExpensesNet": 4900000, "incomeBeforeTax": 272300000, "incomeBeforeTaxRatio": 0.4288188976, "incomeTaxExpense": 45000000, "netIncome": 227300000, "netIncomeRatio": 0.3579527559, "eps": 0.67, "epsdiluted": 0.66, "weightedAverageShsOut": 337500000, "weightedAverageShsOutDil": 343900000, "link": "https://www.sec.gov/Archives/edgar/data/1467623/000146762324000008/0001467623-24-000008-index.htm", "finalLink": "https://www.sec.gov/Archives/edgar/data/1467623/000146762324000008/dbx-20231231.htm"}, {"date": "2023-09-30", "symbol": "DBX", "reportedCurrency": "USD", "cik": "0001467623", "fillingDate": "2023-11-03", "acceptedDate": "2023-11-03 16:21:00", "calendarYear": "2023", "period": "Q3", "revenue": 633000000, "costOfRevenue": 119600000, "grossProfit": 513400000, "grossProfitRatio": 0.8110584518, "researchAndDevelopmentExpenses": 216400000, "generalAndAdministrativeExpenses": 60000000, "sellingAndMarketingExpenses": 106300000, "sellingGeneralAndAdministrativeExpenses": 166300000, "otherExpenses": 0, "operatingExpenses": 382700000, "costAndExpenses": 502300000, "interestIncome": 5000000, "interestExpense": 0, "depreciationAndAmortization": 41800000, "ebitda": 172500000, "ebitdaratio": 0.2725118483, "operatingIncome": 130700000, "operatingIncomeRatio": 0.2064770932, "totalOtherIncomeExpensesNet": 4800000, "incomeBeforeTax": 135500000, "incomeBeforeTaxRatio": 0.2140600316, "incomeTaxExpense": 21400000, "netIncome": 114100000, "netIncomeRatio": 0.1802527646, "eps": 0.34, "epsdiluted": 0.33, "weightedAverageShsOut": 339200000, "weightedAverageShsOutDil": 346000000, "link": "https://www.sec.gov/Archives/edgar/data/1467623/000146762323000051/0001467623-23-000051-index.htm", "finalLink": "https://www.sec.gov/Archives/edgar/data/1467623/000146762323000051/dbx-20230930.htm"}, {"date": "2023-06-30", "symbol": "DBX", "reportedCurrency": "USD", "cik": "0001467623", "fillingDate": "2023-08-04", "acceptedDate": "2023-08-04 16:08:15", "calendarYear": "2023", "period": "Q2", "revenue": 622500000, "costOfRevenue": 120100000, "grossProfit": 502400000, "grossProfitRatio": 0.8070682731, "researchAndDevelopmentExpenses": 262800000, "generalAndAdministrativeExpenses": 60000000, "sellingAndMarketingExpenses": 120900000, "sellingGeneralAndAdministrativeExpenses": 180900000, "otherExpenses": 2200000, "operatingExpenses": 445900000, "costAndExpenses": 566000000, "interestIncome": 3700000, "interestExpense": 0, "depreciationAndAmortization": 42700000, "ebitda": 101400000, "ebitdaratio": 0.1628915663, "operatingIncome": 56500000, "operatingIncomeRatio": 0.0907630522, "totalOtherIncomeExpensesNet": 2500000, "incomeBeforeTax": 59000000, "incomeBeforeTaxRatio": 0.0947791165, "incomeTaxExpense": 15800000, "netIncome": 43200000, "netIncomeRatio": 0.0693975904, "eps": 0.13, "epsdiluted": 0.13, "weightedAverageShsOut": 341400000, "weightedAverageShsOutDil": 343800000, "link": "https://www.sec.gov/Archives/edgar/data/1467623/000146762323000041/0001467623-23-000041-index.htm", "finalLink": "https://www.sec.gov/Archives/edgar/data/1467623/000146762323000041/dbx-20230630.htm"}, {"date": "2023-03-31", "symbol": "DBX", "reportedCurrency": "USD", "cik": "0001467623", "fillingDate": "2023-05-09", "acceptedDate": "2023-05-08 19:22:52", "calendarYear": "2023", "period": "Q1", "revenue": 611100000, "costOfRevenue": 116800000, "grossProfit": 494300000, "grossProfitRatio": 0.8088692522, "researchAndDevelopmentExpenses": 235200000, "generalAndAdministrativeExpenses": 55800000, "sellingAndMarketingExpenses": 119200000, "sellingGeneralAndAdministrativeExpenses": 175000000, "otherExpenses": 0, "operatingExpenses": 410200000, "costAndExpenses": 527000000, "interestIncome": 3900000, "interestExpense": 0, "depreciationAndAmortization": 42500000, "ebitda": 126600000, "ebitdaratio": 0.207167403, "operatingIncome": 84100000, "operatingIncomeRatio": 0.137620684, "totalOtherIncomeExpensesNet": 3500000, "incomeBeforeTax": 87600000, "incomeBeforeTaxRatio": 0.1433480609, "incomeTaxExpense": 18600000, "netIncome": 69000000, "netIncomeRatio": 0.1129111438, "eps": 0.2, "epsdiluted": 0.2, "weightedAverageShsOut": 347100000, "weightedAverageShsOutDil": 348800000, "link": "https://www.sec.gov/Archives/edgar/data/1467623/000146762323000029/0001467623-23-000029-index.htm", "finalLink": "https://www.sec.gov/Archives/edgar/data/1467623/000146762323000029/dbx-20230331.htm"}, {"date": "2022-12-31", "symbol": "DBX", "reportedCurrency": "USD", "cik": "0001467623", "fillingDate": "2023-02-23", "acceptedDate": "2023-02-22 18:02:18", "calendarYear": "2022", "period": "Q4", "revenue": 598800000, "costOfRevenue": 115800000, "grossProfit": 483000000, "grossProfitRatio": 0.8066132265, "researchAndDevelopmentExpenses": 238500000, "generalAndAdministrativeExpenses": 57300000, "sellingAndMarketingExpenses": 105100000, "sellingGeneralAndAdministrativeExpenses": 162400000, "otherExpenses": 162500000, "operatingExpenses": 563400000, "costAndExpenses": 679200000, "interestIncome": 0, "interestExpense": 0, "depreciationAndAmortization": 39600000, "ebitda": 121700000, "ebitdaratio": 0.203239813, "operatingIncome": -80400000, "operatingIncomeRatio": -0.1342685371, "totalOtherIncomeExpensesNet": 2000000, "incomeBeforeTax": -78400000, "incomeBeforeTaxRatio": -0.1309285237, "incomeTaxExpense": -406700000, "netIncome": 328300000, "netIncomeRatio": 0.5482631931, "eps": 0.93, "epsdiluted": 0.93, "weightedAverageShsOut": 352100000, "weightedAverageShsOutDil": 354000000, "link": "https://www.sec.gov/Archives/edgar/data/1467623/000146762323000012/0001467623-23-000012-index.htm", "finalLink": "https://www.sec.gov/Archives/edgar/data/1467623/000146762323000012/dbx-20221231.htm"}, {"date": "2022-09-30", "symbol": "DBX", "reportedCurrency": "USD", "cik": "0001467623", "fillingDate": "2022-11-04", "acceptedDate": "2022-11-04 16:09:51", "calendarYear": "2022", "period": "Q3", "revenue": 591000000, "costOfRevenue": 109700000, "grossProfit": 481300000, "grossProfitRatio": 0.8143824027, "researchAndDevelopmentExpenses": 227600000, "generalAndAdministrativeExpenses": 56800000, "sellingAndMarketingExpenses": 103600000, "sellingGeneralAndAdministrativeExpenses": 160400000, "otherExpenses": 4000000, "operatingExpenses": 392000000, "costAndExpenses": 501700000, "interestIncome": 1700000, "interestExpense": 0, "depreciationAndAmortization": 38900000, "ebitda": 132200000, "ebitdaratio": 0.2236886633, "operatingIncome": 89300000, "operatingIncomeRatio": 0.1510998308, "totalOtherIncomeExpensesNet": 8900000, "incomeBeforeTax": 98200000, "incomeBeforeTaxRatio": 0.1661590525, "incomeTaxExpense": 15000000, "netIncome": 83200000, "netIncomeRatio": 0.1407783418, "eps": 0.23, "epsdiluted": 0.23, "weightedAverageShsOut": 358100000, "weightedAverageShsOutDil": 360100000, "link": "https://www.sec.gov/Archives/edgar/data/1467623/000146762322000050/0001467623-22-000050-index.htm", "finalLink": "https://www.sec.gov/Archives/edgar/data/1467623/000146762322000050/dbx-20220930.htm"}, {"date": "2022-06-30", "symbol": "DBX", "reportedCurrency": "USD", "cik": "0001467623", "fillingDate": "2022-08-05", "acceptedDate": "2022-08-05 16:08:18", "calendarYear": "2022", "period": "Q2", "revenue": 572700000, "costOfRevenue": 105800000, "grossProfit": 466900000, "grossProfitRatio": 0.8152610442, "researchAndDevelopmentExpenses": 215000000, "generalAndAdministrativeExpenses": 55300000, "sellingAndMarketingExpenses": 105000000, "sellingGeneralAndAdministrativeExpenses": 160300000, "otherExpenses": 8700000, "operatingExpenses": 384000000, "costAndExpenses": 489800000, "interestIncome": 2600000, "interestExpense": 3100000, "depreciationAndAmortization": 39200000, "ebitda": 130800000, "ebitdaratio": 0.2283918282, "operatingIncome": 82900000, "operatingIncomeRatio": 0.1447529247, "totalOtherIncomeExpensesNet": -3800000, "incomeBeforeTax": 79100000, "incomeBeforeTaxRatio": 0.1381176881, "incomeTaxExpense": 17100000, "netIncome": 62000000, "netIncomeRatio": 0.1082591235, "eps": 0.17, "epsdiluted": 0.17, "weightedAverageShsOut": 364100000, "weightedAverageShsOutDil": 365700000, "link": "https://www.sec.gov/Archives/edgar/data/1467623/000146762322000043/0001467623-22-000043-index.htm", "finalLink": "https://www.sec.gov/Archives/edgar/data/1467623/000146762322000043/dbx-20220630.htm"}, {"date": "2022-03-31", "symbol": "DBX", "reportedCurrency": "USD", "cik": "0001467623", "fillingDate": "2022-05-06", "acceptedDate": "2022-05-06 16:07:32", "calendarYear": "2022", "period": "Q1", "revenue": 562400000, "costOfRevenue": 112900000, "grossProfit": 449500000, "grossProfitRatio": 0.7992532006, "researchAndDevelopmentExpenses": 210800000, "generalAndAdministrativeExpenses": 53500000, "sellingAndMarketingExpenses": 95700000, "sellingGeneralAndAdministrativeExpenses": 149200000, "otherExpenses": 0, "operatingExpenses": 360000000, "costAndExpenses": 472900000, "interestIncome": 1800000, "interestExpense": 3200000, "depreciationAndAmortization": 39400000, "ebitda": 128900000, "ebitdaratio": 0.2291963016, "operatingIncome": 89500000, "operatingIncomeRatio": 0.1591394026, "totalOtherIncomeExpensesNet": 4300000, "incomeBeforeTax": 93800000, "incomeBeforeTaxRatio": 0.1667852063, "incomeTaxExpense": 14100000, "netIncome": 79700000, "netIncomeRatio": 0.1417140825, "eps": 0.22, "epsdiluted": 0.21, "weightedAverageShsOut": 370700000, "weightedAverageShsOutDil": 372900000, "link": "https://www.sec.gov/Archives/edgar/data/1467623/000146762322000027/0001467623-22-000027-index.htm", "finalLink": "https://www.sec.gov/Archives/edgar/data/1467623/000146762322000027/dbx-20220331.htm"}, {"date": "2021-12-31", "symbol": "DBX", "reportedCurrency": "USD", "cik": "0001467623", "fillingDate": "2022-02-18", "acceptedDate": "2022-02-18 16:22:01", "calendarYear": "2021", "period": "Q4", "revenue": 565500000, "costOfRevenue": 115800000, "grossProfit": 449700000, "grossProfitRatio": 0.7952254642, "researchAndDevelopmentExpenses": 201900000, "generalAndAdministrativeExpenses": 55300000, "sellingAndMarketingExpenses": 108300000, "sellingGeneralAndAdministrativeExpenses": 163600000, "otherExpenses": 14000000, "operatingExpenses": 379500000, "costAndExpenses": 495300000, "interestIncome": 0, "interestExpense": 1400000, "depreciationAndAmortization": 41100000, "ebitda": 129500000, "ebitdaratio": 0.2290008842, "operatingIncome": 70200000, "operatingIncomeRatio": 0.124137931, "totalOtherIncomeExpensesNet": 15600000, "incomeBeforeTax": 85800000, "incomeBeforeTaxRatio": 0.1517241379, "incomeTaxExpense": -38800000, "netIncome": 124600000, "netIncomeRatio": 0.2203359859, "eps": 0.33, "epsdiluted": 0.32, "weightedAverageShsOut": 380100000, "weightedAverageShsOutDil": 386500000, "link": "https://www.sec.gov/Archives/edgar/data/1467623/000146762322000015/0001467623-22-000015-index.htm", "finalLink": "https://www.sec.gov/Archives/edgar/data/1467623/000146762322000015/dbx-20211231.htm"}, {"date": "2021-09-30", "symbol": "DBX", "reportedCurrency": "USD", "cik": "0001467623", "fillingDate": "2021-11-05", "acceptedDate": "2021-11-05 16:59:10", "calendarYear": "2021", "period": "Q3", "revenue": 550200000, "costOfRevenue": 112000000, "grossProfit": 438200000, "grossProfitRatio": 0.796437659, "researchAndDevelopmentExpenses": 187300000, "generalAndAdministrativeExpenses": 57900000, "sellingAndMarketingExpenses": 115700000, "sellingGeneralAndAdministrativeExpenses": 173600000, "otherExpenses": 0, "operatingExpenses": 360900000, "costAndExpenses": 472900000, "interestIncome": 0, "interestExpense": 1700000, "depreciationAndAmortization": 38800000, "ebitda": 116100000, "ebitdaratio": 0.2110141767, "operatingIncome": 77300000, "operatingIncomeRatio": 0.1404943657, "totalOtherIncomeExpensesNet": -1200000, "incomeBeforeTax": 76100000, "incomeBeforeTaxRatio": 0.1383133406, "incomeTaxExpense": 500000, "netIncome": 75600000, "netIncomeRatio": 0.1374045802, "eps": 0.2, "epsdiluted": 0.19, "weightedAverageShsOut": 385500000, "weightedAverageShsOutDil": 398100000, "link": "https://www.sec.gov/Archives/edgar/data/1467623/000146762321000047/0001467623-21-000047-index.htm", "finalLink": "https://www.sec.gov/Archives/edgar/data/1467623/000146762321000047/dbx-20210930.htm"}, {"date": "2021-06-30", "symbol": "DBX", "reportedCurrency": "USD", "cik": "0001467623", "fillingDate": "2021-08-06", "acceptedDate": "2021-08-06 16:10:46", "calendarYear": "2021", "period": "Q2", "revenue": 530600000, "costOfRevenue": 107100000, "grossProfit": 423500000, "grossProfitRatio": 0.7981530343, "researchAndDevelopmentExpenses": 185500000, "generalAndAdministrativeExpenses": 52800000, "sellingAndMarketingExpenses": 100800000, "sellingGeneralAndAdministrativeExpenses": 153600000, "otherExpenses": 0, "operatingExpenses": 339100000, "costAndExpenses": 446200000, "interestIncome": 0, "interestExpense": 900000, "depreciationAndAmortization": 36800000, "ebitda": 121200000, "ebitdaratio": 0.2284206559, "operatingIncome": 84400000, "operatingIncomeRatio": 0.1590652092, "totalOtherIncomeExpensesNet": 6600000, "incomeBeforeTax": 91000000, "incomeBeforeTaxRatio": 0.1715039578, "incomeTaxExpense": 3000000, "netIncome": 88000000, "netIncomeRatio": 0.1658499812, "eps": 0.23, "epsdiluted": 0.22, "weightedAverageShsOut": 388400000, "weightedAverageShsOutDil": 397000000, "link": "https://www.sec.gov/Archives/edgar/data/1467623/000146762321000040/0001467623-21-000040-index.htm", "finalLink": "https://www.sec.gov/Archives/edgar/data/1467623/000146762321000040/dbx-20210630.htm"}, {"date": "2021-03-31", "symbol": "DBX", "reportedCurrency": "USD", "cik": "0001467623", "fillingDate": "2021-05-07", "acceptedDate": "2021-05-07 16:06:56", "calendarYear": "2021", "period": "Q1", "revenue": 511600000, "costOfRevenue": 109300000, "grossProfit": 402300000, "grossProfitRatio": 0.7863565285, "researchAndDevelopmentExpenses": 181200000, "generalAndAdministrativeExpenses": 58600000, "sellingAndMarketingExpenses": 102700000, "sellingGeneralAndAdministrativeExpenses": 161300000, "otherExpenses": 17300000, "operatingExpenses": 359800000, "costAndExpenses": 469100000, "interestIncome": 0, "interestExpense": 1200000, "depreciationAndAmortization": 34700000, "ebitda": 94500000, "ebitdaratio": 0.1847146208, "operatingIncome": 42500000, "operatingIncomeRatio": 0.0830727131, "totalOtherIncomeExpensesNet": 3900000, "incomeBeforeTax": 46400000, "incomeBeforeTaxRatio": 0.0906958561, "incomeTaxExpense": -1200000, "netIncome": 47600000, "netIncomeRatio": 0.0930414386, "eps": 0.12, "epsdiluted": 0.12, "weightedAverageShsOut": 398100000, "weightedAverageShsOutDil": 405400000, "link": "https://www.sec.gov/Archives/edgar/data/1467623/000146762321000025/0001467623-21-000025-index.htm", "finalLink": "https://www.sec.gov/Archives/edgar/data/1467623/000146762321000025/dbx-20210331.htm"}, {"date": "2020-12-31", "symbol": "DBX", "reportedCurrency": "USD", "cik": "0001467623", "fillingDate": "2021-02-19", "acceptedDate": "2021-02-19 16:11:31", "calendarYear": "2020", "period": "Q4", "revenue": 504100000, "costOfRevenue": 105800000, "grossProfit": 398300000, "grossProfitRatio": 0.7901210077, "researchAndDevelopmentExpenses": 176600000, "generalAndAdministrativeExpenses": 60200000, "sellingAndMarketingExpenses": 109900000, "sellingGeneralAndAdministrativeExpenses": 170100000, "otherExpenses": 398200000, "operatingExpenses": 744900000, "costAndExpenses": 850700000, "interestIncome": 9900000, "interestExpense": 10800000, "depreciationAndAmortization": 38800000, "ebitda": 90400000, "ebitdaratio": 0.1793294981, "operatingIncome": -346600000, "operatingIncomeRatio": -0.6875619917, "totalOtherIncomeExpensesNet": 1100000, "incomeBeforeTax": -345500000, "incomeBeforeTaxRatio": -0.6853798849, "incomeTaxExpense": 300000, "netIncome": -345800000, "netIncomeRatio": -0.685975005, "eps": -0.84, "epsdiluted": -0.84, "weightedAverageShsOut": 411400000, "weightedAverageShsOutDil": 411400000, "link": "https://www.sec.gov/Archives/edgar/data/1467623/000146762321000012/0001467623-21-000012-index.htm", "finalLink": "https://www.sec.gov/Archives/edgar/data/1467623/000146762321000012/dbx-20201231.htm"}, {"date": "2020-09-30", "symbol": "DBX", "reportedCurrency": "USD", "cik": "0001467623", "fillingDate": "2020-11-06", "acceptedDate": "2020-11-06 16:18:16", "calendarYear": "2020", "period": "Q3", "revenue": 487400000, "costOfRevenue": 103200000, "grossProfit": 384200000, "grossProfitRatio": 0.7882642593, "researchAndDevelopmentExpenses": 183300000, "generalAndAdministrativeExpenses": 65100000, "sellingAndMarketingExpenses": 105800000, "sellingGeneralAndAdministrativeExpenses": 170900000, "otherExpenses": 0, "operatingExpenses": 354200000, "costAndExpenses": 457400000, "interestIncome": 100000, "interestExpense": 0, "depreciationAndAmortization": 40900000, "ebitda": 70900000, "ebitdaratio": 0.1454657366, "operatingIncome": 30000000, "operatingIncomeRatio": 0.0615510874, "totalOtherIncomeExpensesNet": 3600000, "incomeBeforeTax": 33600000, "incomeBeforeTaxRatio": 0.0689372179, "incomeTaxExpense": 900000, "netIncome": 32700000, "netIncomeRatio": 0.0670906853, "eps": 0.08, "epsdiluted": 0.08, "weightedAverageShsOut": 419900000, "weightedAverageShsOutDil": 419900000, "link": "https://www.sec.gov/Archives/edgar/data/1467623/000146762320000044/0001467623-20-000044-index.htm", "finalLink": "https://www.sec.gov/Archives/edgar/data/1467623/000146762320000044/dbx-20200930.htm"}, {"date": "2020-06-30", "symbol": "DBX", "reportedCurrency": "USD", "cik": "0001467623", "fillingDate": "2020-08-07", "acceptedDate": "2020-08-07 20:39:47", "calendarYear": "2020", "period": "Q2", "revenue": 467400000, "costOfRevenue": 102500000, "grossProfit": 364900000, "grossProfitRatio": 0.7807017544, "researchAndDevelopmentExpenses": 185800000, "generalAndAdministrativeExpenses": 63500000, "sellingAndMarketingExpenses": 102800000, "sellingGeneralAndAdministrativeExpenses": 166300000, "otherExpenses": 0, "operatingExpenses": 352100000, "costAndExpenses": 454600000, "interestIncome": 100000, "interestExpense": 0, "depreciationAndAmortization": 40100000, "ebitda": 52900000, "ebitdaratio": 0.1131792897, "operatingIncome": 12800000, "operatingIncomeRatio": 0.027385537, "totalOtherIncomeExpensesNet": 9100000, "incomeBeforeTax": 21900000, "incomeBeforeTaxRatio": 0.0468549422, "incomeTaxExpense": 4400000, "netIncome": 17500000, "netIncomeRatio": 0.0374411639, "eps": 0.04, "epsdiluted": 0.04, "weightedAverageShsOut": 414100000, "weightedAverageShsOutDil": 420500000, "link": "https://www.sec.gov/Archives/edgar/data/1467623/000146762320000033/0001467623-20-000033-index.htm", "finalLink": "https://www.sec.gov/Archives/edgar/data/1467623/000146762320000033/dbx-063020x10q.htm"}, {"date": "2020-03-31", "symbol": "DBX", "reportedCurrency": "USD", "cik": "0001467623", "fillingDate": "2020-05-08", "acceptedDate": "2020-05-08 16:08:53", "calendarYear": "2020", "period": "Q1", "revenue": 455000000, "costOfRevenue": 103100000, "grossProfit": 351900000, "grossProfitRatio": 0.7734065934, "researchAndDevelopmentExpenses": 181800000, "generalAndAdministrativeExpenses": 39000000, "sellingAndMarketingExpenses": 104300000, "sellingGeneralAndAdministrativeExpenses": 143300000, "otherExpenses": 0, "operatingExpenses": 325100000, "costAndExpenses": 428200000, "interestIncome": 2400000, "interestExpense": 0, "depreciationAndAmortization": 39500000, "ebitda": 66300000, "ebitdaratio": 0.1457142857, "operatingIncome": 26800000, "operatingIncomeRatio": 0.0589010989, "totalOtherIncomeExpensesNet": 13000000, "incomeBeforeTax": 39800000, "incomeBeforeTaxRatio": 0.0874725275, "incomeTaxExpense": 500000, "netIncome": 39300000, "netIncomeRatio": 0.0863736264, "eps": 0.09, "epsdiluted": 0.09, "weightedAverageShsOut": 417300000, "weightedAverageShsOutDil": 419300000, "link": "https://www.sec.gov/Archives/edgar/data/1467623/000146762320000024/0001467623-20-000024-index.htm", "finalLink": "https://www.sec.gov/Archives/edgar/data/1467623/000146762320000024/dbx-033020x10q.htm"}, {"date": "2019-12-31", "symbol": "DBX", "reportedCurrency": "USD", "cik": "0001467623", "fillingDate": "2020-02-21", "acceptedDate": "2020-02-21 16:33:29", "calendarYear": "2019", "period": "Q4", "revenue": 446000000, "costOfRevenue": 104900000, "grossProfit": 341100000, "grossProfitRatio": 0.7647982063, "researchAndDevelopmentExpenses": 176900000, "generalAndAdministrativeExpenses": 64500000, "sellingAndMarketingExpenses": 106300000, "sellingGeneralAndAdministrativeExpenses": 170800000, "otherExpenses": 0, "operatingExpenses": 347700000, "costAndExpenses": 452600000, "interestIncome": 5300000, "interestExpense": 2700000, "depreciationAndAmortization": 41000000, "ebitda": 34400000, "ebitdaratio": 0.0771300448, "operatingIncome": -6600000, "operatingIncomeRatio": -0.0147982063, "totalOtherIncomeExpensesNet": 4200000, "incomeBeforeTax": -2400000, "incomeBeforeTaxRatio": -0.0053811659, "incomeTaxExpense": 4200000, "netIncome": -6600000, "netIncomeRatio": -0.0147982063, "eps": -0.02, "epsdiluted": -0.02, "weightedAverageShsOut": 415400000, "weightedAverageShsOutDil": 415400000, "link": "https://www.sec.gov/Archives/edgar/data/1467623/000146762320000011/0001467623-20-000011-index.htm", "finalLink": "https://www.sec.gov/Archives/edgar/data/1467623/000146762320000011/a12311910-k.htm"}, {"date": "2019-09-30", "symbol": "DBX", "reportedCurrency": "USD", "cik": "0001467623", "fillingDate": "2019-11-08", "acceptedDate": "2019-11-08 16:18:10", "calendarYear": "2019", "period": "Q3", "revenue": 428200000, "costOfRevenue": 104800000, "grossProfit": 323400000, "grossProfitRatio": 0.7552545539, "researchAndDevelopmentExpenses": 172800000, "generalAndAdministrativeExpenses": 61000000, "sellingAndMarketingExpenses": 108200000, "sellingGeneralAndAdministrativeExpenses": 169200000, "otherExpenses": 0, "operatingExpenses": 342000000, "costAndExpenses": 446800000, "interestIncome": 3000000, "interestExpense": 0, "depreciationAndAmortization": 40600000, "ebitda": 22000000, "ebitdaratio": 0.0513778608, "operatingIncome": -18600000, "operatingIncomeRatio": -0.043437646, "totalOtherIncomeExpensesNet": 3200000, "incomeBeforeTax": -15400000, "incomeBeforeTaxRatio": -0.0359645026, "incomeTaxExpense": 1600000, "netIncome": -17000000, "netIncomeRatio": -0.0397010743, "eps": -0.04, "epsdiluted": -0.04, "weightedAverageShsOut": 414400000, "weightedAverageShsOutDil": 414400000, "link": "https://www.sec.gov/Archives/edgar/data/1467623/000146762319000028/0001467623-19-000028-index.htm", "finalLink": "https://www.sec.gov/Archives/edgar/data/1467623/000146762319000028/dbx-093019x10q.htm"}, {"date": "2019-06-30", "symbol": "DBX", "reportedCurrency": "USD", "cik": "0001467623", "fillingDate": "2019-08-09", "acceptedDate": "2019-08-09 15:58:49", "calendarYear": "2019", "period": "Q2", "revenue": 401500000, "costOfRevenue": 102900000, "grossProfit": 298600000, "grossProfitRatio": 0.7437110834, "researchAndDevelopmentExpenses": 162400000, "generalAndAdministrativeExpenses": 62900000, "sellingAndMarketingExpenses": 107300000, "sellingGeneralAndAdministrativeExpenses": 170200000, "otherExpenses": 0, "operatingExpenses": 332600000, "costAndExpenses": 435500000, "interestIncome": 3200000, "interestExpense": 0, "depreciationAndAmortization": 46100000, "ebitda": 12100000, "ebitdaratio": 0.0301369863, "operatingIncome": -34000000, "operatingIncomeRatio": -0.0846824408, "totalOtherIncomeExpensesNet": 13200000, "incomeBeforeTax": -20800000, "incomeBeforeTaxRatio": -0.0518057285, "incomeTaxExpense": 600000, "netIncome": -21400000, "netIncomeRatio": -0.0533001245, "eps": -0.05, "epsdiluted": -0.05, "weightedAverageShsOut": 412400000, "weightedAverageShsOutDil": 412400000, "link": "https://www.sec.gov/Archives/edgar/data/1467623/000146762319000018/0001467623-19-000018-index.htm", "finalLink": "https://www.sec.gov/Archives/edgar/data/1467623/000146762319000018/dbx-063019x10q.htm"}, {"date": "2019-03-31", "symbol": "DBX", "reportedCurrency": "USD", "cik": "0001467623", "fillingDate": "2019-05-10", "acceptedDate": "2019-05-10 16:41:06", "calendarYear": "2019", "period": "Q1", "revenue": 385600000, "costOfRevenue": 98400000, "grossProfit": 287200000, "grossProfitRatio": 0.744813278, "researchAndDevelopmentExpenses": 150000000, "generalAndAdministrativeExpenses": 57000000, "sellingAndMarketingExpenses": 101500000, "sellingGeneralAndAdministrativeExpenses": 158500000, "otherExpenses": 0, "operatingExpenses": 308500000, "costAndExpenses": 406900000, "interestIncome": 3700000, "interestExpense": 0, "depreciationAndAmortization": 45800000, "ebitda": 24500000, "ebitdaratio": 0.0635373444, "operatingIncome": -21300000, "operatingIncomeRatio": -0.0552385892, "totalOtherIncomeExpensesNet": 7900000, "incomeBeforeTax": -13400000, "incomeBeforeTaxRatio": -0.0347510373, "incomeTaxExpense": -5700000, "netIncome": -7700000, "netIncomeRatio": -0.0199688797, "eps": -0.02, "epsdiluted": -0.02, "weightedAverageShsOut": 410500000, "weightedAverageShsOutDil": 410500000, "link": "https://www.sec.gov/Archives/edgar/data/1467623/000146762319000011/0001467623-19-000011-index.htm", "finalLink": "https://www.sec.gov/Archives/edgar/data/1467623/000146762319000011/dbx-033119x10q.htm"}, {"date": "2018-12-31", "symbol": "DBX", "reportedCurrency": "USD", "cik": "0001467623", "fillingDate": "2019-02-25", "acceptedDate": "2019-02-22 17:51:52", "calendarYear": "2018", "period": "Q4", "revenue": 375900000, "costOfRevenue": 94400000, "grossProfit": 281500000, "grossProfitRatio": 0.7488693802, "researchAndDevelopmentExpenses": 136800000, "generalAndAdministrativeExpenses": 56500000, "sellingAndMarketingExpenses": 100200000, "sellingGeneralAndAdministrativeExpenses": 156700000, "otherExpenses": 0, "operatingExpenses": 293500000, "costAndExpenses": 387900000, "interestIncome": 0, "interestExpense": 0, "depreciationAndAmortization": 45200000, "ebitda": 33200000, "ebitdaratio": 0.0883213621, "operatingIncome": -12000000, "operatingIncomeRatio": -0.0319233839, "totalOtherIncomeExpensesNet": 4600000, "incomeBeforeTax": -7400000, "incomeBeforeTaxRatio": -0.0196860867, "incomeTaxExpense": 2100000, "netIncome": -9500000, "netIncomeRatio": -0.0252726789, "eps": -0.02, "epsdiluted": -0.02, "weightedAverageShsOut": 408000000, "weightedAverageShsOutDil": 408000000, "link": "https://www.sec.gov/Archives/edgar/data/1467623/000146762319000005/0001467623-19-000005-index.htm", "finalLink": "https://www.sec.gov/Archives/edgar/data/1467623/000146762319000005/a12311810-k.htm"}, {"date": "2018-09-30", "symbol": "DBX", "reportedCurrency": "USD", "cik": "0001467623", "fillingDate": "2018-11-09", "acceptedDate": "2018-11-09 16:33:41", "calendarYear": "2018", "period": "Q3", "revenue": 360300000, "costOfRevenue": 90200000, "grossProfit": 270100000, "grossProfitRatio": 0.7496530669, "researchAndDevelopmentExpenses": 133200000, "generalAndAdministrativeExpenses": 50800000, "sellingAndMarketingExpenses": 95000000, "sellingGeneralAndAdministrativeExpenses": 145800000, "otherExpenses": 0, "operatingExpenses": 279000000, "costAndExpenses": 369200000, "interestIncome": 0, "interestExpense": 0, "depreciationAndAmortization": 45700000, "ebitda": 36800000, "ebitdaratio": 0.102137108, "operatingIncome": -8900000, "operatingIncomeRatio": -0.0247016375, "totalOtherIncomeExpensesNet": 2900000, "incomeBeforeTax": -6000000, "incomeBeforeTaxRatio": -0.0166527893, "incomeTaxExpense": -200000, "netIncome": -5800000, "netIncomeRatio": -0.0160976964, "eps": -0.01, "epsdiluted": -0.01, "weightedAverageShsOut": 403900000, "weightedAverageShsOutDil": 403900000, "link": "https://www.sec.gov/Archives/edgar/data/1467623/000146762318000020/0001467623-18-000020-index.htm", "finalLink": "https://www.sec.gov/Archives/edgar/data/1467623/000146762318000020/dbx-093018x10q.htm"}, {"date": "2018-06-30", "symbol": "DBX", "reportedCurrency": "USD", "cik": "0001467623", "fillingDate": "2018-08-10", "acceptedDate": "2018-08-10 15:44:57", "calendarYear": "2018", "period": "Q2", "revenue": 339200000, "costOfRevenue": 89500000, "grossProfit": 249700000, "grossProfitRatio": 0.7361438679, "researchAndDevelopmentExpenses": 119700000, "generalAndAdministrativeExpenses": 49800000, "sellingAndMarketingExpenses": 87400000, "sellingGeneralAndAdministrativeExpenses": 137200000, "otherExpenses": 0, "operatingExpenses": 256900000, "costAndExpenses": 346400000, "interestIncome": 0, "interestExpense": 0, "depreciationAndAmortization": 40000000, "ebitda": 32800000, "ebitdaratio": 0.0966981132, "operatingIncome": -7200000, "operatingIncomeRatio": -0.0212264151, "totalOtherIncomeExpensesNet": 4200000, "incomeBeforeTax": -3000000, "incomeBeforeTaxRatio": -0.0088443396, "incomeTaxExpense": 1100000, "netIncome": -4100000, "netIncomeRatio": -0.0120872642, "eps": -0.01, "epsdiluted": -0.01, "weightedAverageShsOut": 401300000, "weightedAverageShsOutDil": 401300000, "link": "https://www.sec.gov/Archives/edgar/data/1467623/000146762318000014/0001467623-18-000014-index.htm", "finalLink": "https://www.sec.gov/Archives/edgar/data/1467623/000146762318000014/dbx-063018x10q.htm"}, {"date": "2018-03-31", "symbol": "DBX", "reportedCurrency": "USD", "cik": "0001467623", "fillingDate": "2018-05-11", "acceptedDate": "2018-05-11 16:25:25", "calendarYear": "2018", "period": "Q1", "revenue": 316300000, "costOfRevenue": 120600000, "grossProfit": 195700000, "grossProfitRatio": 0.6187164085, "researchAndDevelopmentExpenses": 378500000, "generalAndAdministrativeExpenses": 126100000, "sellingAndMarketingExpenses": 157000000, "sellingGeneralAndAdministrativeExpenses": 283100000, "otherExpenses": 0, "operatingExpenses": 661600000, "costAndExpenses": 782200000, "interestIncome": 0, "interestExpense": 0, "depreciationAndAmortization": 35900000, "ebitda": -430000000, "ebitdaratio": -1.3594688587, "operatingIncome": -465900000, "operatingIncomeRatio": -1.4729687006, "totalOtherIncomeExpensesNet": 2200000, "incomeBeforeTax": -463700000, "incomeBeforeTaxRatio": -1.4660132785, "incomeTaxExpense": 1800000, "netIncome": -465500000, "netIncomeRatio": -1.4717040784, "eps": -1.17, "epsdiluted": -1.17, "weightedAverageShsOut": 397161730, "weightedAverageShsOutDil": 397161730, "link": "https://www.sec.gov/Archives/edgar/data/1467623/000146762318000007/0001467623-18-000007-index.htm", "finalLink": "https://www.sec.gov/Archives/edgar/data/1467623/000146762318000007/dbx-033118x10q.htm"}, {"date": "2017-12-31", "symbol": "DBX", "reportedCurrency": "USD", "cik": "0001467623", "fillingDate": "2017-12-31", "acceptedDate": "2017-12-30 19:00:00", "calendarYear": "2017", "period": "Q4", "revenue": 305500000, "costOfRevenue": 91700000, "grossProfit": 213800000, "grossProfitRatio": 0.6998363339, "researchAndDevelopmentExpenses": 104000000, "generalAndAdministrativeExpenses": 44200000, "sellingAndMarketingExpenses": 102900000, "sellingGeneralAndAdministrativeExpenses": 147100000, "otherExpenses": 0, "operatingExpenses": 251100000, "costAndExpenses": 342800000, "interestIncome": 0, "interestExpense": 0, "depreciationAndAmortization": 42900000, "ebitda": 5600000, "ebitdaratio": 0.0183306056, "operatingIncome": -37300000, "operatingIncomeRatio": -0.1220949264, "totalOtherIncomeExpensesNet": -1400000, "incomeBeforeTax": -38700000, "incomeBeforeTaxRatio": -0.1266775777, "incomeTaxExpense": -1000000, "netIncome": -37700000, "netIncomeRatio": -0.1234042553, "eps": -0.11, "epsdiluted": -0.11, "weightedAverageShsOut": 358600000, "weightedAverageShsOutDil": 358600000, "link": "", "finalLink": ""}, {"date": "2017-09-30", "symbol": "DBX", "reportedCurrency": "USD", "cik": "0001467623", "fillingDate": "2017-09-30", "acceptedDate": "2017-09-30 00:00:00", "calendarYear": "2017", "period": "Q3", "revenue": 286700000, "costOfRevenue": 91500000, "grossProfit": 195200000, "grossProfitRatio": 0.6808510638, "researchAndDevelopmentExpenses": 97200000, "generalAndAdministrativeExpenses": 39600000, "sellingAndMarketingExpenses": 74700000, "sellingGeneralAndAdministrativeExpenses": 114300000, "otherExpenses": 0, "operatingExpenses": 211500000, "costAndExpenses": 303000000, "interestIncome": 0, "interestExpense": 0, "depreciationAndAmortization": 44500000, "ebitda": 28200000, "ebitdaratio": 0.0983606557, "operatingIncome": -16300000, "operatingIncomeRatio": -0.0568538542, "totalOtherIncomeExpensesNet": 2700000, "incomeBeforeTax": -13600000, "incomeBeforeTaxRatio": -0.0474363446, "incomeTaxExpense": 500000, "netIncome": -14100000, "netIncomeRatio": -0.0491803279, "eps": -0.0393, "epsdiluted": -0.0393, "weightedAverageShsOut": 358600000, "weightedAverageShsOutDil": 358600000, "link": "", "finalLink": ""}, {"date": "2017-06-30", "symbol": "DBX", "reportedCurrency": "USD", "cik": "0001467623", "fillingDate": "2017-06-30", "acceptedDate": "2017-06-30 00:00:00", "calendarYear": "2017", "period": "Q2", "revenue": 266700000, "costOfRevenue": 92200000, "grossProfit": 174500000, "grossProfitRatio": 0.6542932133, "researchAndDevelopmentExpenses": 89800000, "generalAndAdministrativeExpenses": 42200000, "sellingAndMarketingExpenses": 69200000, "sellingGeneralAndAdministrativeExpenses": 111400000, "otherExpenses": 0, "operatingExpenses": 201200000, "costAndExpenses": 293400000, "interestIncome": 0, "interestExpense": 0, "depreciationAndAmortization": 46400000, "ebitda": 19700000, "ebitdaratio": 0.0738657668, "operatingIncome": -26700000, "operatingIncomeRatio": -0.1001124859, "totalOtherIncomeExpensesNet": 300000, "incomeBeforeTax": -26400000, "incomeBeforeTaxRatio": -0.0989876265, "incomeTaxExpense": 400000, "netIncome": -26800000, "netIncomeRatio": -0.1004874391, "eps": -0.0747, "epsdiluted": -0.0747, "weightedAverageShsOut": 358600000, "weightedAverageShsOutDil": 358600000, "link": "", "finalLink": ""}, {"date": "2017-03-31", "symbol": "DBX", "reportedCurrency": "USD", "cik": "0001467623", "fillingDate": "2017-03-31", "acceptedDate": "2017-03-31 00:00:00", "calendarYear": "2017", "period": "Q1", "revenue": 247900000, "costOfRevenue": 93500000, "grossProfit": 154400000, "grossProfitRatio": 0.622831787, "researchAndDevelopmentExpenses": 89300000, "generalAndAdministrativeExpenses": 31300000, "sellingAndMarketingExpenses": 67200000, "sellingGeneralAndAdministrativeExpenses": 98500000, "otherExpenses": 0, "operatingExpenses": 187800000, "costAndExpenses": 281300000, "interestIncome": 0, "interestExpense": 0, "depreciationAndAmortization": 48000000, "ebitda": 14600000, "ebitdaratio": 0.0588947156, "operatingIncome": -33400000, "operatingIncomeRatio": -0.1347317467, "totalOtherIncomeExpensesNet": 600000, "incomeBeforeTax": -32800000, "incomeBeforeTaxRatio": -0.1323114159, "incomeTaxExpense": 300000, "netIncome": -33100000, "netIncomeRatio": -0.1335215813, "eps": -0.0923, "epsdiluted": -0.0923, "weightedAverageShsOut": 358600000, "weightedAverageShsOutDil": 358600000, "link": "", "finalLink": ""}, {"date": "2016-12-31", "symbol": "DBX", "reportedCurrency": "USD", "cik": "0001467623", "fillingDate": "2016-12-31", "acceptedDate": "2016-12-30 19:00:00", "calendarYear": "2016", "period": "Q4", "revenue": 238000000, "costOfRevenue": 89300000, "grossProfit": 148700000, "grossProfitRatio": 0.624789916, "researchAndDevelopmentExpenses": 74100000, "generalAndAdministrativeExpenses": 30900000, "sellingAndMarketingExpenses": 63900000, "sellingGeneralAndAdministrativeExpenses": 94800000, "otherExpenses": 0, "operatingExpenses": 172300000, "costAndExpenses": 261600000, "interestIncome": 3700000, "interestExpense": 0, "depreciationAndAmortization": 47900000, "ebitda": 24100000, "ebitdaratio": 0.1012605042, "operatingIncome": -20200000, "operatingIncomeRatio": -0.0848739496, "totalOtherIncomeExpensesNet": -7100000, "incomeBeforeTax": -27300000, "incomeBeforeTaxRatio": -0.1147058824, "incomeTaxExpense": 1800000, "netIncome": -29100000, "netIncomeRatio": -0.1222689076, "eps": -0.15, "epsdiluted": -0.15, "weightedAverageShsOut": 191933333, "weightedAverageShsOutDil": 191933333, "link": null, "finalLink": null}, {"date": "2016-09-30", "symbol": "DBX", "reportedCurrency": "USD", "cik": "0001467623", "fillingDate": "2016-09-30", "acceptedDate": "2016-09-29 20:00:00", "calendarYear": "2016", "period": "Q3", "revenue": 221000000, "costOfRevenue": 98800000, "grossProfit": 122200000, "grossProfitRatio": 0.5529411765, "researchAndDevelopmentExpenses": 75100000, "generalAndAdministrativeExpenses": 32800000, "sellingAndMarketingExpenses": 55400000, "sellingGeneralAndAdministrativeExpenses": 88200000, "otherExpenses": 0, "operatingExpenses": 159100000, "costAndExpenses": 257900000, "interestIncome": 4400000, "interestExpense": 0, "depreciationAndAmortization": 50300000, "ebitda": 13100000, "ebitdaratio": 0.0592760181, "operatingIncome": -41100000, "operatingIncomeRatio": -0.1859728507, "totalOtherIncomeExpensesNet": -200000, "incomeBeforeTax": -41300000, "incomeBeforeTaxRatio": -0.1868778281, "incomeTaxExpense": 1300000, "netIncome": -42600000, "netIncomeRatio": -0.192760181, "eps": -0.22, "epsdiluted": -0.22, "weightedAverageShsOut": 189933335, "weightedAverageShsOutDil": 189933335, "link": null, "finalLink": null}, {"date": "2016-06-30", "symbol": "DBX", "reportedCurrency": "USD", "cik": "0001467623", "fillingDate": "2016-06-30", "acceptedDate": "2016-06-29 20:00:00", "calendarYear": "2016", "period": "Q2", "revenue": 192900000, "costOfRevenue": 101250000, "grossProfit": 91650000, "grossProfitRatio": 0.4751166407, "researchAndDevelopmentExpenses": 70250000, "generalAndAdministrativeExpenses": 21850000, "sellingAndMarketingExpenses": 65650000, "sellingGeneralAndAdministrativeExpenses": 87500000, "otherExpenses": 0, "operatingExpenses": 155700000, "costAndExpenses": 256950000, "interestIncome": 4150000, "interestExpense": 0, "depreciationAndAmortization": 46700000, "ebitda": -19400000, "ebitdaratio": -0.1005702436, "operatingIncome": -66100000, "operatingIncomeRatio": -0.3426645931, "totalOtherIncomeExpensesNet": -2100000, "incomeBeforeTax": -68200000, "incomeBeforeTaxRatio": -0.3535510627, "incomeTaxExpense": 1050000, "netIncome": -69250000, "netIncomeRatio": -0.3589942976, "eps": -0.37, "epsdiluted": -0.37, "weightedAverageShsOut": 187333334, "weightedAverageShsOutDil": 187333334, "link": null, "finalLink": null}, {"date": "2016-03-31", "symbol": "DBX", "reportedCurrency": "USD", "cik": "0001467623", "fillingDate": "2016-03-31", "acceptedDate": "2016-03-30 20:00:00", "calendarYear": "2016", "period": "Q1", "revenue": 192900000, "costOfRevenue": 101250000, "grossProfit": 91650000, "grossProfitRatio": 0.4751166407, "researchAndDevelopmentExpenses": 70250000, "generalAndAdministrativeExpenses": 21850000, "sellingAndMarketingExpenses": 65650000, "sellingGeneralAndAdministrativeExpenses": 87500000, "otherExpenses": 0, "operatingExpenses": 155700000, "costAndExpenses": 256950000, "interestIncome": 4150000, "interestExpense": 0, "depreciationAndAmortization": 46700000, "ebitda": -19400000, "ebitdaratio": -0.1005702436, "operatingIncome": -66100000, "operatingIncomeRatio": -0.3426645931, "totalOtherIncomeExpensesNet": -2100000, "incomeBeforeTax": -68200000, "incomeBeforeTaxRatio": -0.3535510627, "incomeTaxExpense": 1050000, "netIncome": -69250000, "netIncomeRatio": -0.3589942976, "eps": -0.37, "epsdiluted": -0.37, "weightedAverageShsOut": 187333334, "weightedAverageShsOutDil": 187333334, "link": null, "finalLink": null}]