[{"date": "2025-06-30", "symbol": "QLYS", "reportedCurrency": "USD", "cik": "0001107843", "fillingDate": "2025-08-05", "acceptedDate": "2025-08-05 17:07:02", "calendarYear": "2025", "period": "Q2", "revenue": 164062000, "costOfRevenue": 28877000, "grossProfit": 135185000, "grossProfitRatio": 0.8239872731, "researchAndDevelopmentExpenses": 30249000, "generalAndAdministrativeExpenses": 17719000, "sellingAndMarketingExpenses": 35810000, "sellingGeneralAndAdministrativeExpenses": 53529000, "otherExpenses": 0, "operatingExpenses": 83778000, "costAndExpenses": 112655000, "interestIncome": 6407000, "interestExpense": 0, "depreciationAndAmortization": 3978000, "ebitda": 55385000, "ebitdaratio": 0.3375857907, "operatingIncome": 51407000, "operatingIncomeRatio": 0.3133388597, "totalOtherIncomeExpensesNet": 7406000, "incomeBeforeTax": 58813000, "incomeBeforeTaxRatio": 0.3584803306, "incomeTaxExpense": 11523000, "netIncome": 47290000, "netIncomeRatio": 0.288244688, "eps": 1.3, "epsdiluted": 1.29, "weightedAverageShsOut": 36253000, "weightedAverageShsOutDil": 36519000, "link": "https://www.sec.gov/Archives/edgar/data/1107843/000110784325000031/0001107843-25-000031-index.htm", "finalLink": "https://www.sec.gov/Archives/edgar/data/1107843/000110784325000031/qlys-20250630.htm"}, {"date": "2025-03-31", "symbol": "QLYS", "reportedCurrency": "USD", "cik": "0001107843", "fillingDate": "2025-05-06", "acceptedDate": "2025-05-06 17:06:25", "calendarYear": "2025", "period": "Q1", "revenue": 159899000, "costOfRevenue": 28926000, "grossProfit": 130973000, "grossProfitRatio": 0.8190983058, "researchAndDevelopmentExpenses": 29154000, "generalAndAdministrativeExpenses": 17404000, "sellingAndMarketingExpenses": 32660000, "sellingGeneralAndAdministrativeExpenses": 50064000, "otherExpenses": 0, "operatingExpenses": 79218000, "costAndExpenses": 108144000, "interestIncome": 6235000, "interestExpense": 0, "depreciationAndAmortization": 4177000, "ebitda": 55932000, "ebitdaratio": 0.3497958086, "operatingIncome": 51755000, "operatingIncomeRatio": 0.3236730686, "totalOtherIncomeExpensesNet": 6552000, "incomeBeforeTax": 58307000, "incomeBeforeTaxRatio": 0.3646489346, "incomeTaxExpense": 10773000, "netIncome": 47534000, "netIncomeRatio": 0.2972751549, "eps": 1.3, "epsdiluted": 1.29, "weightedAverageShsOut": 36466000, "weightedAverageShsOutDil": 36784000, "link": "https://www.sec.gov/Archives/edgar/data/1107843/000110784325000017/0001107843-25-000017-index.htm", "finalLink": "https://www.sec.gov/Archives/edgar/data/1107843/000110784325000017/qlys-20250331.htm"}, {"date": "2024-12-31", "symbol": "QLYS", "reportedCurrency": "USD", "cik": "0001107843", "fillingDate": "2025-02-21", "acceptedDate": "2025-02-21 17:01:39", "calendarYear": "2024", "period": "Q4", "revenue": 159191000, "costOfRevenue": 29037000, "grossProfit": 130154000, "grossProfitRatio": 0.8175964722, "researchAndDevelopmentExpenses": 28302000, "generalAndAdministrativeExpenses": 18376000, "sellingAndMarketingExpenses": 34063000, "sellingGeneralAndAdministrativeExpenses": 52439000, "otherExpenses": 0, "operatingExpenses": 80741000, "costAndExpenses": 109817000, "interestIncome": 6194000, "interestExpense": 0, "depreciationAndAmortization": 4103000, "ebitda": 53516000, "ebitdaratio": 0.3361747838, "operatingIncome": 49413000, "operatingIncomeRatio": 0.3104007136, "totalOtherIncomeExpensesNet": 4417000, "incomeBeforeTax": 53830000, "incomeBeforeTaxRatio": 0.3381472571, "incomeTaxExpense": 9865000, "netIncome": 43965000, "netIncomeRatio": 0.2761776734, "eps": 1.2, "epsdiluted": 1.19, "weightedAverageShsOut": 36568000, "weightedAverageShsOutDil": 37000000, "link": "https://www.sec.gov/Archives/edgar/data/1107843/000110784325000009/0001107843-25-000009-index.htm", "finalLink": "https://www.sec.gov/Archives/edgar/data/1107843/000110784325000009/qlys-20241231.htm"}, {"date": "2024-09-30", "symbol": "QLYS", "reportedCurrency": "USD", "cik": "0001107843", "fillingDate": "2024-11-05", "acceptedDate": "2024-11-05 17:05:21", "calendarYear": "2024", "period": "Q3", "revenue": 153867000, "costOfRevenue": 28832000, "grossProfit": 125035000, "grossProfitRatio": 0.8126173903, "researchAndDevelopmentExpenses": 28901000, "generalAndAdministrativeExpenses": 18494000, "sellingAndMarketingExpenses": 32686000, "sellingGeneralAndAdministrativeExpenses": 51180000, "otherExpenses": 0, "operatingExpenses": 80081000, "costAndExpenses": 108913000, "interestIncome": 6764000, "interestExpense": 0, "depreciationAndAmortization": 4391000, "ebitda": 49345000, "ebitdaratio": 0.3206990453, "operatingIncome": 44954000, "operatingIncomeRatio": 0.2921614121, "totalOtherIncomeExpensesNet": 7369000, "incomeBeforeTax": 52323000, "incomeBeforeTaxRatio": 0.3400534228, "incomeTaxExpense": 6111000, "netIncome": 46212000, "netIncomeRatio": 0.3003373043, "eps": 1.26, "epsdiluted": 1.24, "weightedAverageShsOut": 36762000, "weightedAverageShsOutDil": 37136000, "link": "https://www.sec.gov/Archives/edgar/data/1107843/000110784324000038/0001107843-24-000038-index.htm", "finalLink": "https://www.sec.gov/Archives/edgar/data/1107843/000110784324000038/qlys-20240930.htm"}, {"date": "2024-06-30", "symbol": "QLYS", "reportedCurrency": "USD", "cik": "0001107843", "fillingDate": "2024-08-06", "acceptedDate": "2024-08-06 17:04:17", "calendarYear": "2024", "period": "Q2", "revenue": 149083000, "costOfRevenue": 26406000, "grossProfit": 122677000, "grossProfitRatio": 0.8228771892, "researchAndDevelopmentExpenses": 27095000, "generalAndAdministrativeExpenses": 14960000, "sellingAndMarketingExpenses": 32146000, "sellingGeneralAndAdministrativeExpenses": 47100000, "otherExpenses": 4000, "operatingExpenses": 74195000, "costAndExpenses": 100601000, "interestIncome": 6703000, "interestExpense": 0, "depreciationAndAmortization": 4780000, "ebitda": 52848000, "ebitdaratio": 0.3544870978, "operatingIncome": 48482000, "operatingIncomeRatio": 0.3252013979, "totalOtherIncomeExpensesNet": 6116000, "incomeBeforeTax": 54184000, "incomeBeforeTaxRatio": 0.3634485488, "incomeTaxExpense": 10412000, "netIncome": 43772000, "netIncomeRatio": 0.2936082585, "eps": 1.19, "epsdiluted": 1.17, "weightedAverageShsOut": 36915000, "weightedAverageShsOutDil": 37464000, "link": "https://www.sec.gov/Archives/edgar/data/1107843/000110784324000028/0001107843-24-000028-index.htm", "finalLink": "https://www.sec.gov/Archives/edgar/data/1107843/000110784324000028/qlys-20240630.htm"}, {"date": "2024-03-31", "symbol": "QLYS", "reportedCurrency": "USD", "cik": "0001107843", "fillingDate": "2024-05-07", "acceptedDate": "2024-05-07 17:07:35", "calendarYear": "2024", "period": "Q1", "revenue": 145805000, "costOfRevenue": 27198000, "grossProfit": 118607000, "grossProfitRatio": 0.8134631871, "researchAndDevelopmentExpenses": 27530000, "generalAndAdministrativeExpenses": 16908000, "sellingAndMarketingExpenses": 29408000, "sellingGeneralAndAdministrativeExpenses": 46316000, "otherExpenses": 0, "operatingExpenses": 73846000, "costAndExpenses": 101044000, "interestIncome": 6123000, "interestExpense": 0, "depreciationAndAmortization": 5239000, "ebitda": 50000000, "ebitdaratio": 0.342923768, "operatingIncome": 44761000, "operatingIncomeRatio": 0.3069922156, "totalOtherIncomeExpensesNet": 4724000, "incomeBeforeTax": 49485000, "incomeBeforeTaxRatio": 0.3393916532, "incomeTaxExpense": 9754000, "netIncome": 39731000, "netIncomeRatio": 0.2724940846, "eps": 1.08, "epsdiluted": 1.05, "weightedAverageShsOut": 36955000, "weightedAverageShsOutDil": 37723000, "link": "https://www.sec.gov/Archives/edgar/data/1107843/000110784324000016/0001107843-24-000016-index.htm", "finalLink": "https://www.sec.gov/Archives/edgar/data/1107843/000110784324000016/qlys-20240331.htm"}, {"date": "2023-12-31", "symbol": "QLYS", "reportedCurrency": "USD", "cik": "0001107843", "fillingDate": "2024-02-22", "acceptedDate": "2024-02-22 17:07:54", "calendarYear": "2023", "period": "Q4", "revenue": 144570000, "costOfRevenue": 27130000, "grossProfit": 117440000, "grossProfitRatio": 0.8123400429, "researchAndDevelopmentExpenses": 27446000, "generalAndAdministrativeExpenses": 16559000, "sellingAndMarketingExpenses": 31941000, "sellingGeneralAndAdministrativeExpenses": 48500000, "otherExpenses": 0, "operatingExpenses": 75946000, "costAndExpenses": 103076000, "interestIncome": 5563000, "interestExpense": 0, "depreciationAndAmortization": 5851000, "ebitda": 47320000, "ebitdaratio": 0.3273154873, "operatingIncome": 41494000, "operatingIncomeRatio": 0.2870166701, "totalOtherIncomeExpensesNet": 6123000, "incomeBeforeTax": 47592000, "incomeBeforeTaxRatio": 0.3291969288, "incomeTaxExpense": 6999000, "netIncome": 40593000, "netIncomeRatio": 0.2807843951, "eps": 1.1, "epsdiluted": 1.08, "weightedAverageShsOut": 36845000, "weightedAverageShsOutDil": 37748000, "link": "https://www.sec.gov/Archives/edgar/data/1107843/000110784324000008/0001107843-24-000008-index.htm", "finalLink": "https://www.sec.gov/Archives/edgar/data/1107843/000110784324000008/qlys-20231231.htm"}, {"date": "2023-09-30", "symbol": "QLYS", "reportedCurrency": "USD", "cik": "0001107843", "fillingDate": "2023-11-02", "acceptedDate": "2023-11-02 17:04:15", "calendarYear": "2023", "period": "Q3", "revenue": 141996000, "costOfRevenue": 26739000, "grossProfit": 115257000, "grossProfitRatio": 0.8116918786, "researchAndDevelopmentExpenses": 27782000, "generalAndAdministrativeExpenses": 15999000, "sellingAndMarketingExpenses": 27881000, "sellingGeneralAndAdministrativeExpenses": 43880000, "otherExpenses": 0, "operatingExpenses": 71662000, "costAndExpenses": 98401000, "interestIncome": 5136000, "interestExpense": 0, "depreciationAndAmortization": 6694000, "ebitda": 50289000, "ebitdaratio": 0.3541578636, "operatingIncome": 43595000, "operatingIncomeRatio": 0.3070156906, "totalOtherIncomeExpensesNet": 4428000, "incomeBeforeTax": 48023000, "incomeBeforeTaxRatio": 0.3381996676, "incomeTaxExpense": 1508000, "netIncome": 46515000, "netIncomeRatio": 0.3275796501, "eps": 1.27, "epsdiluted": 1.24, "weightedAverageShsOut": 36766000, "weightedAverageShsOutDil": 37448000, "link": "https://www.sec.gov/Archives/edgar/data/1107843/000110784323000007/0001107843-23-000007-index.htm", "finalLink": "https://www.sec.gov/Archives/edgar/data/1107843/000110784323000007/qlys-20230930.htm"}, {"date": "2023-06-30", "symbol": "QLYS", "reportedCurrency": "USD", "cik": "0001107843", "fillingDate": "2023-08-03", "acceptedDate": "2023-08-03 17:00:50", "calendarYear": "2023", "period": "Q2", "revenue": 137209000, "costOfRevenue": 26662000, "grossProfit": 110547000, "grossProfitRatio": 0.8056833007, "researchAndDevelopmentExpenses": 27424000, "generalAndAdministrativeExpenses": 14055000, "sellingAndMarketingExpenses": 26241000, "sellingGeneralAndAdministrativeExpenses": 40296000, "otherExpenses": -544000, "operatingExpenses": 67720000, "costAndExpenses": 94382000, "interestIncome": 3809000, "interestExpense": 0, "depreciationAndAmortization": 7002000, "ebitda": 49829000, "ebitdaratio": 0.3631613087, "operatingIncome": 42827000, "operatingIncomeRatio": 0.3121296708, "totalOtherIncomeExpensesNet": 2850000, "incomeBeforeTax": 45677000, "incomeBeforeTaxRatio": 0.332900903, "incomeTaxExpense": 10295000, "netIncome": 35382000, "netIncomeRatio": 0.2578693817, "eps": 0.96, "epsdiluted": 0.95, "weightedAverageShsOut": 36842000, "weightedAverageShsOutDil": 37435000, "link": "https://www.sec.gov/Archives/edgar/data/1107843/000143774923021978/0001437749-23-021978-index.htm", "finalLink": "https://www.sec.gov/Archives/edgar/data/1107843/000143774923021978/qlys20230622_10q.htm"}, {"date": "2023-03-31", "symbol": "QLYS", "reportedCurrency": "USD", "cik": "0001107843", "fillingDate": "2023-05-04", "acceptedDate": "2023-05-04 17:00:39", "calendarYear": "2023", "period": "Q1", "revenue": 130683000, "costOfRevenue": 26954000, "grossProfit": 103729000, "grossProfitRatio": 0.7937451696, "researchAndDevelopmentExpenses": 27795000, "generalAndAdministrativeExpenses": 15128000, "sellingAndMarketingExpenses": 25628000, "sellingGeneralAndAdministrativeExpenses": 40756000, "otherExpenses": -216000, "operatingExpenses": 68551000, "costAndExpenses": 95505000, "interestIncome": 2397000, "interestExpense": 0, "depreciationAndAmortization": 7444000, "ebitda": 42622000, "ebitdaratio": 0.326148007, "operatingIncome": 35178000, "operatingIncomeRatio": 0.2691857395, "totalOtherIncomeExpensesNet": 2181000, "incomeBeforeTax": 37359000, "incomeBeforeTaxRatio": 0.2858749799, "incomeTaxExpense": 8254000, "netIncome": 29105000, "netIncomeRatio": 0.2227145076, "eps": 0.79, "epsdiluted": 0.77, "weightedAverageShsOut": 37068000, "weightedAverageShsOutDil": 37669000, "link": "https://www.sec.gov/Archives/edgar/data/1107843/000143774923012595/0001437749-23-012595-index.htm", "finalLink": "https://www.sec.gov/Archives/edgar/data/1107843/000143774923012595/qlys20230331_10q.htm"}, {"date": "2022-12-31", "symbol": "QLYS", "reportedCurrency": "USD", "cik": "0001107843", "fillingDate": "2023-02-23", "acceptedDate": "2023-02-23 16:08:00", "calendarYear": "2022", "period": "Q4", "revenue": 130849000, "costOfRevenue": 27748000, "grossProfit": 103101000, "grossProfitRatio": 0.7879387691, "researchAndDevelopmentExpenses": 27810000, "generalAndAdministrativeExpenses": 16316000, "sellingAndMarketingExpenses": 28302000, "sellingGeneralAndAdministrativeExpenses": 44618000, "otherExpenses": 0, "operatingExpenses": 72428000, "costAndExpenses": 100176000, "interestIncome": 2266000, "interestExpense": 0, "depreciationAndAmortization": 8849000, "ebitda": 39522000, "ebitdaratio": 0.3020428127, "operatingIncome": 30673000, "operatingIncomeRatio": 0.234415242, "totalOtherIncomeExpensesNet": 3724000, "incomeBeforeTax": 34397000, "incomeBeforeTaxRatio": 0.2628755283, "incomeTaxExpense": 6071000, "netIncome": 28326000, "netIncomeRatio": 0.2164785363, "eps": 0.75, "epsdiluted": 0.74, "weightedAverageShsOut": 37781000, "weightedAverageShsOutDil": 38480000, "link": "https://www.sec.gov/Archives/edgar/data/1107843/000143774923004384/0001437749-23-004384-index.htm", "finalLink": "https://www.sec.gov/Archives/edgar/data/1107843/000143774923004384/qlys20221231_10k.htm"}, {"date": "2022-09-30", "symbol": "QLYS", "reportedCurrency": "USD", "cik": "0001107843", "fillingDate": "2022-11-02", "acceptedDate": "2022-11-02 17:00:52", "calendarYear": "2022", "period": "Q3", "revenue": 125561000, "costOfRevenue": 25992000, "grossProfit": 99569000, "grossProfitRatio": 0.7929930472, "researchAndDevelopmentExpenses": 25478000, "generalAndAdministrativeExpenses": 15698000, "sellingAndMarketingExpenses": 25047000, "sellingGeneralAndAdministrativeExpenses": 40745000, "otherExpenses": -166000, "operatingExpenses": 66223000, "costAndExpenses": 92215000, "interestIncome": 1568000, "interestExpense": 0, "depreciationAndAmortization": 8221000, "ebitda": 41567000, "ebitdaratio": 0.3310502465, "operatingIncome": 33346000, "operatingIncomeRatio": 0.2655760945, "totalOtherIncomeExpensesNet": 492000, "incomeBeforeTax": 33838000, "incomeBeforeTaxRatio": 0.2694945086, "incomeTaxExpense": 6178000, "netIncome": 27660000, "netIncomeRatio": 0.2202913325, "eps": 0.72, "epsdiluted": 0.71, "weightedAverageShsOut": 38317000, "weightedAverageShsOutDil": 39220000, "link": "https://www.sec.gov/Archives/edgar/data/1107843/000143774922025560/0001437749-22-025560-index.htm", "finalLink": "https://www.sec.gov/Archives/edgar/data/1107843/000143774922025560/qlys20220930_10q.htm"}, {"date": "2022-06-30", "symbol": "QLYS", "reportedCurrency": "USD", "cik": "0001107843", "fillingDate": "2022-08-08", "acceptedDate": "2022-08-08 16:33:10", "calendarYear": "2022", "period": "Q2", "revenue": 119893000, "costOfRevenue": 25046000, "grossProfit": 94847000, "grossProfitRatio": 0.7910970615, "researchAndDevelopmentExpenses": 24791000, "generalAndAdministrativeExpenses": 13333000, "sellingAndMarketingExpenses": 23730000, "sellingGeneralAndAdministrativeExpenses": 37063000, "otherExpenses": 0, "operatingExpenses": 61854000, "costAndExpenses": 86900000, "interestIncome": 839000, "interestExpense": 0, "depreciationAndAmortization": 8571000, "ebitda": 32993000, "ebitdaratio": 0.2751870418, "operatingIncome": 32993000, "operatingIncomeRatio": 0.2751870418, "totalOtherIncomeExpensesNet": -871000, "incomeBeforeTax": 32122000, "incomeBeforeTaxRatio": 0.2679222307, "incomeTaxExpense": 5526000, "netIncome": 26596000, "netIncomeRatio": 0.2218311328, "eps": 0.69, "epsdiluted": 0.67, "weightedAverageShsOut": 38738000, "weightedAverageShsOutDil": 39689000, "link": "https://www.sec.gov/Archives/edgar/data/1107843/000143774922019379/0001437749-22-019379-index.htm", "finalLink": "https://www.sec.gov/Archives/edgar/data/1107843/000143774922019379/qlys20220630_10q.htm"}, {"date": "2022-03-31", "symbol": "QLYS", "reportedCurrency": "USD", "cik": "0001107843", "fillingDate": "2022-05-04", "acceptedDate": "2022-05-04 16:31:43", "calendarYear": "2022", "period": "Q1", "revenue": 113420000, "costOfRevenue": 24002000, "grossProfit": 89418000, "grossProfitRatio": 0.7883794745, "researchAndDevelopmentExpenses": 23107000, "generalAndAdministrativeExpenses": 12634000, "sellingAndMarketingExpenses": 20142000, "sellingGeneralAndAdministrativeExpenses": 32776000, "otherExpenses": -47000, "operatingExpenses": 55883000, "costAndExpenses": 79885000, "interestIncome": 518000, "interestExpense": 0, "depreciationAndAmortization": 8982000, "ebitda": 42517000, "ebitdaratio": 0.3748633398, "operatingIncome": 33535000, "operatingIncomeRatio": 0.2956709575, "totalOtherIncomeExpensesNet": -192000, "incomeBeforeTax": 33343000, "incomeBeforeTaxRatio": 0.2939781344, "incomeTaxExpense": 7933000, "netIncome": 25410000, "netIncomeRatio": 0.2240345618, "eps": 0.65, "epsdiluted": 0.64, "weightedAverageShsOut": 38992000, "weightedAverageShsOutDil": 40001000, "link": "https://www.sec.gov/Archives/edgar/data/1107843/000143774922010866/0001437749-22-010866-index.htm", "finalLink": "https://www.sec.gov/Archives/edgar/data/1107843/000143774922010866/qlys20220331_10q.htm"}, {"date": "2021-12-31", "symbol": "QLYS", "reportedCurrency": "USD", "cik": "0001107843", "fillingDate": "2022-02-22", "acceptedDate": "2022-02-22 16:31:19", "calendarYear": "2021", "period": "Q4", "revenue": 109780000, "costOfRevenue": 23728000, "grossProfit": 86052000, "grossProfitRatio": 0.7838586263, "researchAndDevelopmentExpenses": 22399000, "generalAndAdministrativeExpenses": 12445000, "sellingAndMarketingExpenses": 22159000, "sellingGeneralAndAdministrativeExpenses": 34604000, "otherExpenses": 202000, "operatingExpenses": 57003000, "costAndExpenses": 80731000, "interestIncome": 453000, "interestExpense": 0, "depreciationAndAmortization": 9145000, "ebitda": 38194000, "ebitdaratio": 0.3479140098, "operatingIncome": 29049000, "operatingIncomeRatio": 0.2646110403, "totalOtherIncomeExpensesNet": 655000, "incomeBeforeTax": 29704000, "incomeBeforeTaxRatio": 0.2705775187, "incomeTaxExpense": 7883000, "netIncome": 21821000, "netIncomeRatio": 0.1987702678, "eps": 0.56, "epsdiluted": 0.55, "weightedAverageShsOut": 38891000, "weightedAverageShsOutDil": 40031000, "link": "https://www.sec.gov/Archives/edgar/data/1107843/000143774922004075/0001437749-22-004075-index.htm", "finalLink": "https://www.sec.gov/Archives/edgar/data/1107843/000143774922004075/qlys20211231_10k.htm"}, {"date": "2021-09-30", "symbol": "QLYS", "reportedCurrency": "USD", "cik": "0001107843", "fillingDate": "2021-11-03", "acceptedDate": "2021-11-03 17:02:30", "calendarYear": "2021", "period": "Q3", "revenue": 104934000, "costOfRevenue": 22479000, "grossProfit": 82455000, "grossProfitRatio": 0.7857796329, "researchAndDevelopmentExpenses": 21336000, "generalAndAdministrativeExpenses": 10573000, "sellingAndMarketingExpenses": 18569000, "sellingGeneralAndAdministrativeExpenses": 29142000, "otherExpenses": -67000, "operatingExpenses": 50478000, "costAndExpenses": 72957000, "interestIncome": 525000, "interestExpense": 0, "depreciationAndAmortization": 8883000, "ebitda": 40860000, "ebitdaratio": 0.3893876151, "operatingIncome": 31977000, "operatingIncomeRatio": 0.3047344045, "totalOtherIncomeExpensesNet": 74000, "incomeBeforeTax": 32051000, "incomeBeforeTaxRatio": 0.3054396097, "incomeTaxExpense": 4282000, "netIncome": 27769000, "netIncomeRatio": 0.2646330074, "eps": 0.71, "epsdiluted": 0.7, "weightedAverageShsOut": 38925000, "weightedAverageShsOutDil": 39938000, "link": "https://www.sec.gov/Archives/edgar/data/1107843/000143774921025112/0001437749-21-025112-index.htm", "finalLink": "https://www.sec.gov/Archives/edgar/data/1107843/000143774921025112/qlys20210930_10q.htm"}, {"date": "2021-06-30", "symbol": "QLYS", "reportedCurrency": "USD", "cik": "0001107843", "fillingDate": "2021-08-09", "acceptedDate": "2021-08-09 17:01:27", "calendarYear": "2021", "period": "Q2", "revenue": 99702000, "costOfRevenue": 21552000, "grossProfit": 78150000, "grossProfitRatio": 0.7838358308, "researchAndDevelopmentExpenses": 19805000, "generalAndAdministrativeExpenses": 11213000, "sellingAndMarketingExpenses": 17770000, "sellingGeneralAndAdministrativeExpenses": 28983000, "otherExpenses": -69000, "operatingExpenses": 48788000, "costAndExpenses": 70340000, "interestIncome": 567000, "interestExpense": 0, "depreciationAndAmortization": 8791000, "ebitda": 38153000, "ebitdaratio": 0.3826703577, "operatingIncome": 29362000, "operatingIncomeRatio": 0.2944976029, "totalOtherIncomeExpensesNet": 487000, "incomeBeforeTax": 29849000, "incomeBeforeTaxRatio": 0.2993821588, "incomeTaxExpense": 8707000, "netIncome": 21142000, "netIncomeRatio": 0.2120519147, "eps": 0.54, "epsdiluted": 0.53, "weightedAverageShsOut": 39099000, "weightedAverageShsOutDil": 40077000, "link": "https://www.sec.gov/Archives/edgar/data/1107843/000143774921019179/0001437749-21-019179-index.htm", "finalLink": "https://www.sec.gov/Archives/edgar/data/1107843/000143774921019179/qlys20210630_10q.htm"}, {"date": "2021-03-31", "symbol": "QLYS", "reportedCurrency": "USD", "cik": "0001107843", "fillingDate": "2021-05-05", "acceptedDate": "2021-05-05 17:01:00", "calendarYear": "2021", "period": "Q1", "revenue": 96756000, "costOfRevenue": 21680000, "grossProfit": 75076000, "grossProfitRatio": 0.7759312084, "researchAndDevelopmentExpenses": 17749000, "generalAndAdministrativeExpenses": 42043000, "sellingAndMarketingExpenses": 17989000, "sellingGeneralAndAdministrativeExpenses": 60032000, "otherExpenses": -71000, "operatingExpenses": 77781000, "costAndExpenses": 99461000, "interestIncome": 746000, "interestExpense": 4000, "depreciationAndAmortization": 9078000, "ebitda": 6875000, "ebitdaratio": 0.071055025, "operatingIncome": -2705000, "operatingIncomeRatio": -0.0279569226, "totalOtherIncomeExpensesNet": 498000, "incomeBeforeTax": -2207000, "incomeBeforeTaxRatio": -0.0228099549, "incomeTaxExpense": -2435000, "netIncome": 228000, "netIncomeRatio": 0.002356443, "eps": 0.01, "epsdiluted": 0.01, "weightedAverageShsOut": 39209000, "weightedAverageShsOutDil": 40430000, "link": "https://www.sec.gov/Archives/edgar/data/1107843/000143774921010932/0001437749-21-010932-index.htm", "finalLink": "https://www.sec.gov/Archives/edgar/data/1107843/000143774921010932/qlys20210331_10q.htm"}, {"date": "2020-12-31", "symbol": "QLYS", "reportedCurrency": "USD", "cik": "0001107843", "fillingDate": "2021-02-22", "acceptedDate": "2021-02-22 17:01:27", "calendarYear": "2020", "period": "Q4", "revenue": 94801000, "costOfRevenue": 21221000, "grossProfit": 73580000, "grossProfitRatio": 0.7761521503, "researchAndDevelopmentExpenses": 18643000, "generalAndAdministrativeExpenses": 12633000, "sellingAndMarketingExpenses": 17892000, "sellingGeneralAndAdministrativeExpenses": 30525000, "otherExpenses": -261000, "operatingExpenses": 49168000, "costAndExpenses": 70389000, "interestIncome": 946000, "interestExpense": 5000, "depreciationAndAmortization": 8870000, "ebitda": 33967000, "ebitdaratio": 0.3582979082, "operatingIncome": 24412000, "operatingIncomeRatio": 0.2575078322, "totalOtherIncomeExpensesNet": 680000, "incomeBeforeTax": 25092000, "incomeBeforeTaxRatio": 0.2646807523, "incomeTaxExpense": 1276000, "netIncome": 23816000, "netIncomeRatio": 0.2512209787, "eps": 0.61, "epsdiluted": 0.59, "weightedAverageShsOut": 39168000, "weightedAverageShsOutDil": 40440000, "link": "https://www.sec.gov/Archives/edgar/data/1107843/000143774921003648/0001437749-21-003648-index.htm", "finalLink": "https://www.sec.gov/Archives/edgar/data/1107843/000143774921003648/qlys20201231_10k.htm"}, {"date": "2020-09-30", "symbol": "QLYS", "reportedCurrency": "USD", "cik": "0001107843", "fillingDate": "2020-11-04", "acceptedDate": "2020-11-04 17:13:12", "calendarYear": "2020", "period": "Q3", "revenue": 93069000, "costOfRevenue": 20619000, "grossProfit": 72450000, "grossProfitRatio": 0.7784546949, "researchAndDevelopmentExpenses": 17864000, "generalAndAdministrativeExpenses": 12223000, "sellingAndMarketingExpenses": 16060000, "sellingGeneralAndAdministrativeExpenses": 28283000, "otherExpenses": -64000, "operatingExpenses": 46147000, "costAndExpenses": 66766000, "interestIncome": 1123000, "interestExpense": 1000, "depreciationAndAmortization": 8342000, "ebitda": 34645000, "ebitdaratio": 0.3722506957, "operatingIncome": 26303000, "operatingIncomeRatio": 0.2826182725, "totalOtherIncomeExpensesNet": 1331000, "incomeBeforeTax": 27634000, "incomeBeforeTaxRatio": 0.2969194898, "incomeTaxExpense": 4891000, "netIncome": 22743000, "netIncomeRatio": 0.2443670825, "eps": 0.58, "epsdiluted": 0.56, "weightedAverageShsOut": 39238000, "weightedAverageShsOutDil": 40764000, "link": "https://www.sec.gov/Archives/edgar/data/1107843/000143774920022558/0001437749-20-022558-index.htm", "finalLink": "https://www.sec.gov/Archives/edgar/data/1107843/000143774920022558/qlys20200826_10q.htm"}, {"date": "2020-06-30", "symbol": "QLYS", "reportedCurrency": "USD", "cik": "0001107843", "fillingDate": "2020-08-10", "acceptedDate": "2020-08-10 16:28:59", "calendarYear": "2020", "period": "Q2", "revenue": 88830000, "costOfRevenue": 18891000, "grossProfit": 69939000, "grossProfitRatio": 0.7873353597, "researchAndDevelopmentExpenses": 18058000, "generalAndAdministrativeExpenses": 10590000, "sellingAndMarketingExpenses": 15783000, "sellingGeneralAndAdministrativeExpenses": 26373000, "otherExpenses": -57000, "operatingExpenses": 44431000, "costAndExpenses": 63322000, "interestIncome": 1392000, "interestExpense": 0, "depreciationAndAmortization": 7886000, "ebitda": 33394000, "ebitdaratio": 0.3759315547, "operatingIncome": 25508000, "operatingIncomeRatio": 0.2871552403, "totalOtherIncomeExpensesNet": 1586000, "incomeBeforeTax": 27094000, "incomeBeforeTaxRatio": 0.3050095688, "incomeTaxExpense": 775000, "netIncome": 26319000, "netIncomeRatio": 0.2962850388, "eps": 0.67, "epsdiluted": 0.64, "weightedAverageShsOut": 39161000, "weightedAverageShsOutDil": 40919000, "link": "https://www.sec.gov/Archives/edgar/data/1107843/000162828020012350/0001628280-20-012350-index.htm", "finalLink": "https://www.sec.gov/Archives/edgar/data/1107843/000162828020012350/qlys-20200630.htm"}, {"date": "2020-03-31", "symbol": "QLYS", "reportedCurrency": "USD", "cik": "0001107843", "fillingDate": "2020-05-07", "acceptedDate": "2020-05-07 17:18:58", "calendarYear": "2020", "period": "Q1", "revenue": 86263000, "costOfRevenue": 18495000, "grossProfit": 67768000, "grossProfitRatio": 0.7855975331, "researchAndDevelopmentExpenses": 17983000, "generalAndAdministrativeExpenses": 11124000, "sellingAndMarketingExpenses": 18230000, "sellingGeneralAndAdministrativeExpenses": 29354000, "otherExpenses": -68000, "operatingExpenses": 47337000, "costAndExpenses": 65832000, "interestIncome": 1924000, "interestExpense": 3000, "depreciationAndAmortization": 7747000, "ebitda": 28178000, "ebitdaratio": 0.3266522147, "operatingIncome": 20431000, "operatingIncomeRatio": 0.236845461, "totalOtherIncomeExpensesNet": 1786000, "incomeBeforeTax": 22217000, "incomeBeforeTaxRatio": 0.2575495867, "incomeTaxExpense": 3523000, "netIncome": 18694000, "netIncomeRatio": 0.2167093655, "eps": 0.48, "epsdiluted": 0.46, "weightedAverageShsOut": 39112000, "weightedAverageShsOutDil": 40846000, "link": "https://www.sec.gov/Archives/edgar/data/1107843/000162828020007038/0001628280-20-007038-index.htm", "finalLink": "https://www.sec.gov/Archives/edgar/data/1107843/000162828020007038/qlys-2020q1x10q.htm"}, {"date": "2019-12-31", "symbol": "QLYS", "reportedCurrency": "USD", "cik": "0001107843", "fillingDate": "2020-02-21", "acceptedDate": "2020-02-21 16:41:41", "calendarYear": "2019", "period": "Q4", "revenue": 84664000, "costOfRevenue": 17163000, "grossProfit": 67501000, "grossProfitRatio": 0.7972810167, "researchAndDevelopmentExpenses": 17808000, "generalAndAdministrativeExpenses": 10804000, "sellingAndMarketingExpenses": 19344000, "sellingGeneralAndAdministrativeExpenses": 30148000, "otherExpenses": -287000, "operatingExpenses": 47956000, "costAndExpenses": 65119000, "interestIncome": 2052000, "interestExpense": 8000, "depreciationAndAmortization": 7715000, "ebitda": 29025000, "ebitdaratio": 0.3428257583, "operatingIncome": 19545000, "operatingIncomeRatio": 0.2308537277, "totalOtherIncomeExpensesNet": 1757000, "incomeBeforeTax": 21302000, "incomeBeforeTaxRatio": 0.2516063498, "incomeTaxExpense": 638000, "netIncome": 20664000, "netIncomeRatio": 0.2440706794, "eps": 0.53, "epsdiluted": 0.5, "weightedAverageShsOut": 39003000, "weightedAverageShsOutDil": 40921000, "link": "https://www.sec.gov/Archives/edgar/data/1107843/000162828020001963/0001628280-20-001963-index.htm", "finalLink": "https://www.sec.gov/Archives/edgar/data/1107843/000162828020001963/qlys-2019x1231x10kq412.htm"}, {"date": "2019-09-30", "symbol": "QLYS", "reportedCurrency": "USD", "cik": "0001107843", "fillingDate": "2019-10-31", "acceptedDate": "2019-10-30 17:57:57", "calendarYear": "2019", "period": "Q3", "revenue": 82671000, "costOfRevenue": 17108000, "grossProfit": 65563000, "grossProfitRatio": 0.7930592348, "researchAndDevelopmentExpenses": 16899000, "generalAndAdministrativeExpenses": 9106000, "sellingAndMarketingExpenses": 17009000, "sellingGeneralAndAdministrativeExpenses": 26115000, "otherExpenses": -328000, "operatingExpenses": 43014000, "costAndExpenses": 60122000, "interestIncome": 2142000, "interestExpense": 28000, "depreciationAndAmortization": 7677000, "ebitda": 30226000, "ebitdaratio": 0.3656179313, "operatingIncome": 22549000, "operatingIncomeRatio": 0.2727558636, "totalOtherIncomeExpensesNet": 1786000, "incomeBeforeTax": 24335000, "incomeBeforeTaxRatio": 0.2943595699, "incomeTaxExpense": 5161000, "netIncome": 19174000, "netIncomeRatio": 0.2319313907, "eps": 0.49, "epsdiluted": 0.47, "weightedAverageShsOut": 39014000, "weightedAverageShsOutDil": 41162000, "link": "https://www.sec.gov/Archives/edgar/data/1107843/000162828019012859/0001628280-19-012859-index.htm", "finalLink": "https://www.sec.gov/Archives/edgar/data/1107843/000162828019012859/qlys-2019q3x10q.htm"}, {"date": "2019-06-30", "symbol": "QLYS", "reportedCurrency": "USD", "cik": "0001107843", "fillingDate": "2019-08-02", "acceptedDate": "2019-08-02 16:50:07", "calendarYear": "2019", "period": "Q2", "revenue": 78929000, "costOfRevenue": 17537000, "grossProfit": 61392000, "grossProfitRatio": 0.7778129712, "researchAndDevelopmentExpenses": 17695000, "generalAndAdministrativeExpenses": 10424000, "sellingAndMarketingExpenses": 17165000, "sellingGeneralAndAdministrativeExpenses": 27589000, "otherExpenses": 231000, "operatingExpenses": 45284000, "costAndExpenses": 62821000, "interestIncome": 2198000, "interestExpense": 28000, "depreciationAndAmortization": 7874000, "ebitda": 23982000, "ebitdaratio": 0.3038426941, "operatingIncome": 16108000, "operatingIncomeRatio": 0.2040821498, "totalOtherIncomeExpensesNet": 2401000, "incomeBeforeTax": 18509000, "incomeBeforeTaxRatio": 0.2345018941, "incomeTaxExpense": 2277000, "netIncome": 16232000, "netIncomeRatio": 0.205653182, "eps": 0.41, "epsdiluted": 0.39, "weightedAverageShsOut": 39198000, "weightedAverageShsOutDil": 41530000, "link": "https://www.sec.gov/Archives/edgar/data/1107843/000162828019009875/0001628280-19-009875-index.htm", "finalLink": "https://www.sec.gov/Archives/edgar/data/1107843/000162828019009875/qlys-2019q2x10q.htm"}, {"date": "2019-03-31", "symbol": "QLYS", "reportedCurrency": "USD", "cik": "0001107843", "fillingDate": "2019-05-03", "acceptedDate": "2019-05-03 17:12:28", "calendarYear": "2019", "period": "Q1", "revenue": 75343000, "costOfRevenue": 17709000, "grossProfit": 57634000, "grossProfitRatio": 0.7649549394, "researchAndDevelopmentExpenses": 15837000, "generalAndAdministrativeExpenses": 10431000, "sellingAndMarketingExpenses": 17315000, "sellingGeneralAndAdministrativeExpenses": 27746000, "otherExpenses": -223000, "operatingExpenses": 43583000, "costAndExpenses": 61292000, "interestIncome": 2051000, "interestExpense": 42000, "depreciationAndAmortization": 7935000, "ebitda": 23814000, "ebitdaratio": 0.316074486, "operatingIncome": 14051000, "operatingIncomeRatio": 0.1864937685, "totalOtherIncomeExpensesNet": 1786000, "incomeBeforeTax": 15837000, "incomeBeforeTaxRatio": 0.2101986913, "incomeTaxExpense": 2571000, "netIncome": 13266000, "netIncomeRatio": 0.1760747515, "eps": 0.34, "epsdiluted": 0.32, "weightedAverageShsOut": 39109000, "weightedAverageShsOutDil": 41546000, "link": "https://www.sec.gov/Archives/edgar/data/1107843/000162828019005837/0001628280-19-005837-index.htm", "finalLink": "https://www.sec.gov/Archives/edgar/data/1107843/000162828019005837/qlys-2019q1x10q.htm"}, {"date": "2018-12-31", "symbol": "QLYS", "reportedCurrency": "USD", "cik": "0001107843", "fillingDate": "2019-02-27", "acceptedDate": "2019-02-27 14:11:44", "calendarYear": "2018", "period": "Q4", "revenue": 74200000, "costOfRevenue": 17525000, "grossProfit": 56675000, "grossProfitRatio": 0.7638140162, "researchAndDevelopmentExpenses": 15073000, "generalAndAdministrativeExpenses": 9318000, "sellingAndMarketingExpenses": 19341000, "sellingGeneralAndAdministrativeExpenses": 28659000, "otherExpenses": 35000, "operatingExpenses": 43732000, "costAndExpenses": 61257000, "interestIncome": 1887000, "interestExpense": 60000, "depreciationAndAmortization": 7681000, "ebitda": 20623000, "ebitdaratio": 0.2779380054, "operatingIncome": 12943000, "operatingIncomeRatio": 0.1744339623, "totalOtherIncomeExpensesNet": 1862000, "incomeBeforeTax": 14805000, "incomeBeforeTaxRatio": 0.1995283019, "incomeTaxExpense": 405000, "netIncome": 14400000, "netIncomeRatio": 0.1940700809, "eps": 0.37, "epsdiluted": 0.35, "weightedAverageShsOut": 39200000, "weightedAverageShsOutDil": 41580000, "link": "https://www.sec.gov/Archives/edgar/data/1107843/000162828019002099/0001628280-19-002099-index.htm", "finalLink": "https://www.sec.gov/Archives/edgar/data/1107843/000162828019002099/qlys-2018x1231x10k.htm"}, {"date": "2018-09-30", "symbol": "QLYS", "reportedCurrency": "USD", "cik": "0001107843", "fillingDate": "2018-11-05", "acceptedDate": "2018-11-02 19:22:38", "calendarYear": "2018", "period": "Q3", "revenue": 71658000, "costOfRevenue": 16511000, "grossProfit": 55147000, "grossProfitRatio": 0.7695860895, "researchAndDevelopmentExpenses": 12501000, "generalAndAdministrativeExpenses": 9040000, "sellingAndMarketingExpenses": 15489000, "sellingGeneralAndAdministrativeExpenses": 24529000, "otherExpenses": 0, "operatingExpenses": 37030000, "costAndExpenses": 53541000, "interestIncome": 1651000, "interestExpense": 35000, "depreciationAndAmortization": 6975000, "ebitda": 26243000, "ebitdaratio": 0.3662256831, "operatingIncome": 18117000, "operatingIncomeRatio": 0.2528259231, "totalOtherIncomeExpensesNet": 1116000, "incomeBeforeTax": 19233000, "incomeBeforeTaxRatio": 0.2683998995, "incomeTaxExpense": -4236000, "netIncome": 23469000, "netIncomeRatio": 0.327514025, "eps": 0.6, "epsdiluted": 0.56, "weightedAverageShsOut": 39170000, "weightedAverageShsOutDil": 42197000, "link": "https://www.sec.gov/Archives/edgar/data/1107843/000110784318000012/0001107843-18-000012-index.htm", "finalLink": "https://www.sec.gov/Archives/edgar/data/1107843/000110784318000012/qlys-2018q3x10q.htm"}, {"date": "2018-06-30", "symbol": "QLYS", "reportedCurrency": "USD", "cik": "0001107843", "fillingDate": "2018-08-02", "acceptedDate": "2018-08-02 16:40:19", "calendarYear": "2018", "period": "Q2", "revenue": 68153000, "costOfRevenue": 16248000, "grossProfit": 51905000, "grossProfitRatio": 0.7615952343, "researchAndDevelopmentExpenses": 13128000, "generalAndAdministrativeExpenses": 8906000, "sellingAndMarketingExpenses": 18976000, "sellingGeneralAndAdministrativeExpenses": 27882000, "otherExpenses": 0, "operatingExpenses": 41010000, "costAndExpenses": 57258000, "interestIncome": 1452000, "interestExpense": 39000, "depreciationAndAmortization": 7206000, "ebitda": 19024000, "ebitdaratio": 0.2791366484, "operatingIncome": 10895000, "operatingIncomeRatio": 0.1598609012, "totalOtherIncomeExpensesNet": 884000, "incomeBeforeTax": 11779000, "incomeBeforeTaxRatio": 0.1728317169, "incomeTaxExpense": 1486000, "netIncome": 10293000, "netIncomeRatio": 0.1510278344, "eps": 0.26, "epsdiluted": 0.24, "weightedAverageShsOut": 38987000, "weightedAverageShsOutDil": 42215000, "link": "https://www.sec.gov/Archives/edgar/data/1107843/000110784318000010/0001107843-18-000010-index.htm", "finalLink": "https://www.sec.gov/Archives/edgar/data/1107843/000110784318000010/qlys-2018q2x10q.htm"}, {"date": "2018-03-31", "symbol": "QLYS", "reportedCurrency": "USD", "cik": "0001107843", "fillingDate": "2018-05-08", "acceptedDate": "2018-05-08 16:48:27", "calendarYear": "2018", "period": "Q1", "revenue": 64878000, "costOfRevenue": 15901000, "grossProfit": 48977000, "grossProfitRatio": 0.7549092142, "researchAndDevelopmentExpenses": 12553000, "generalAndAdministrativeExpenses": 11785000, "sellingAndMarketingExpenses": 16233000, "sellingGeneralAndAdministrativeExpenses": 28018000, "otherExpenses": 193000, "operatingExpenses": 40571000, "costAndExpenses": 56472000, "interestIncome": 1090000, "interestExpense": 38000, "depreciationAndAmortization": 7043000, "ebitda": 16732000, "ebitdaratio": 0.257899442, "operatingIncome": 8406000, "operatingIncomeRatio": 0.1295662628, "totalOtherIncomeExpensesNet": 1245000, "incomeBeforeTax": 9651000, "incomeBeforeTaxRatio": 0.1487561269, "incomeTaxExpense": 509000, "netIncome": 9142000, "netIncomeRatio": 0.1409106323, "eps": 0.24, "epsdiluted": 0.22, "weightedAverageShsOut": 38789000, "weightedAverageShsOutDil": 41934000, "link": "https://www.sec.gov/Archives/edgar/data/1107843/000110784318000008/0001107843-18-000008-index.htm", "finalLink": "https://www.sec.gov/Archives/edgar/data/1107843/000110784318000008/qlys-2018q1x10q.htm"}, {"date": "2017-12-31", "symbol": "QLYS", "reportedCurrency": "USD", "cik": "0001107843", "fillingDate": "2018-02-23", "acceptedDate": "2018-02-23 16:28:10", "calendarYear": "2017", "period": "Q4", "revenue": 62915000, "costOfRevenue": 14405000, "grossProfit": 48510000, "grossProfitRatio": 0.7710402925, "researchAndDevelopmentExpenses": 11576000, "generalAndAdministrativeExpenses": 10222000, "sellingAndMarketingExpenses": 16983000, "sellingGeneralAndAdministrativeExpenses": 27205000, "otherExpenses": -247000, "operatingExpenses": 38781000, "costAndExpenses": 53186000, "interestIncome": 899000, "interestExpense": 0, "depreciationAndAmortization": 5582000, "ebitda": 15311000, "ebitdaratio": 0.243360089, "operatingIncome": 9729000, "operatingIncomeRatio": 0.1546372089, "totalOtherIncomeExpensesNet": 651000, "incomeBeforeTax": 10381000, "incomeBeforeTaxRatio": 0.1650003974, "incomeTaxExpense": 7524000, "netIncome": 2857000, "netIncomeRatio": 0.0454104744, "eps": 0.07, "epsdiluted": 0.07, "weightedAverageShsOut": 38278000, "weightedAverageShsOutDil": 41186000, "link": "https://www.sec.gov/Archives/edgar/data/1107843/000110784318000003/0001107843-18-000003-index.htm", "finalLink": "https://www.sec.gov/Archives/edgar/data/1107843/000110784318000003/qlys-2017x1231x10k.htm"}, {"date": "2017-09-30", "symbol": "QLYS", "reportedCurrency": "USD", "cik": "0001107843", "fillingDate": "2017-11-03", "acceptedDate": "2017-11-02 19:33:47", "calendarYear": "2017", "period": "Q3", "revenue": 59490000, "costOfRevenue": 12728000, "grossProfit": 46762000, "grossProfitRatio": 0.7860480753, "researchAndDevelopmentExpenses": 10892000, "generalAndAdministrativeExpenses": 9546000, "sellingAndMarketingExpenses": 15475000, "sellingGeneralAndAdministrativeExpenses": 25021000, "otherExpenses": -82000, "operatingExpenses": 35913000, "costAndExpenses": 48641000, "interestIncome": 753000, "interestExpense": 0, "depreciationAndAmortization": 5271000, "ebitda": 16120000, "ebitdaratio": 0.2709699109, "operatingIncome": 10849000, "operatingIncomeRatio": 0.1823667843, "totalOtherIncomeExpensesNet": 671000, "incomeBeforeTax": 11520000, "incomeBeforeTaxRatio": 0.1936459909, "incomeTaxExpense": 3068000, "netIncome": 8452000, "netIncomeRatio": 0.1420742982, "eps": 0.22, "epsdiluted": 0.21, "weightedAverageShsOut": 37703000, "weightedAverageShsOutDil": 40299000, "link": "https://www.sec.gov/Archives/edgar/data/1107843/000110784317000013/0001107843-17-000013-index.htm", "finalLink": "https://www.sec.gov/Archives/edgar/data/1107843/000110784317000013/qlys-2017q3x10q.htm"}, {"date": "2017-06-30", "symbol": "QLYS", "reportedCurrency": "USD", "cik": "0001107843", "fillingDate": "2017-08-03", "acceptedDate": "2017-08-03 16:38:25", "calendarYear": "2017", "period": "Q2", "revenue": 55302000, "costOfRevenue": 12153000, "grossProfit": 43149000, "grossProfitRatio": 0.7802430292, "researchAndDevelopmentExpenses": 10525000, "generalAndAdministrativeExpenses": 8232000, "sellingAndMarketingExpenses": 15383000, "sellingGeneralAndAdministrativeExpenses": 23615000, "otherExpenses": -180000, "operatingExpenses": 34140000, "costAndExpenses": 46293000, "interestIncome": 541000, "interestExpense": 1000, "depreciationAndAmortization": 4963000, "ebitda": 13972000, "ebitdaratio": 0.2526490904, "operatingIncome": 9009000, "operatingIncomeRatio": 0.1629055007, "totalOtherIncomeExpensesNet": 360000, "incomeBeforeTax": 9369000, "incomeBeforeTaxRatio": 0.169415211, "incomeTaxExpense": 2167000, "netIncome": 7202000, "netIncomeRatio": 0.1302303714, "eps": 0.19, "epsdiluted": 0.18, "weightedAverageShsOut": 37277000, "weightedAverageShsOutDil": 39535000, "link": "https://www.sec.gov/Archives/edgar/data/1107843/000110784317000011/0001107843-17-000011-index.htm", "finalLink": "https://www.sec.gov/Archives/edgar/data/1107843/000110784317000011/qlys-2017q2x10q.htm"}, {"date": "2017-03-31", "symbol": "QLYS", "reportedCurrency": "USD", "cik": "0001107843", "fillingDate": "2017-05-05", "acceptedDate": "2017-05-04 19:05:11", "calendarYear": "2017", "period": "Q1", "revenue": 53121000, "costOfRevenue": 12294000, "grossProfit": 40827000, "grossProfitRatio": 0.7685661038, "researchAndDevelopmentExpenses": 9823000, "generalAndAdministrativeExpenses": 7334000, "sellingAndMarketingExpenses": 16014000, "sellingGeneralAndAdministrativeExpenses": 23348000, "otherExpenses": -26000, "operatingExpenses": 33171000, "costAndExpenses": 45465000, "interestIncome": 481000, "interestExpense": 2000, "depreciationAndAmortization": 4820000, "ebitda": 12931000, "ebitdaratio": 0.2434253873, "operatingIncome": 7656000, "operatingIncomeRatio": 0.1441237929, "totalOtherIncomeExpensesNet": 453000, "incomeBeforeTax": 8109000, "incomeBeforeTaxRatio": 0.1526514938, "incomeTaxExpense": -13821000, "netIncome": 21930000, "netIncomeRatio": 0.4128310838, "eps": 0.6, "epsdiluted": 0.56, "weightedAverageShsOut": 36493000, "weightedAverageShsOutDil": 38845000, "link": "https://www.sec.gov/Archives/edgar/data/1107843/000110784317000007/0001107843-17-000007-index.htm", "finalLink": "https://www.sec.gov/Archives/edgar/data/1107843/000110784317000007/qlys-2017q1x10q.htm"}, {"date": "2016-12-31", "symbol": "QLYS", "reportedCurrency": "USD", "cik": "0001107843", "fillingDate": "2017-02-24", "acceptedDate": "2017-02-24 16:19:38", "calendarYear": "2016", "period": "Q4", "revenue": 52224000, "costOfRevenue": 11677000, "grossProfit": 40547000, "grossProfitRatio": 0.7764054841, "researchAndDevelopmentExpenses": 8885000, "generalAndAdministrativeExpenses": 7505000, "sellingAndMarketingExpenses": 15346000, "sellingGeneralAndAdministrativeExpenses": 22851000, "otherExpenses": 0, "operatingExpenses": 31736000, "costAndExpenses": 43413000, "interestIncome": 417000, "interestExpense": 3000, "depreciationAndAmortization": 4630000, "ebitda": 14157000, "ebitdaratio": 0.271082261, "operatingIncome": 8811000, "operatingIncomeRatio": 0.1687155331, "totalOtherIncomeExpensesNet": -116000, "incomeBeforeTax": 8695000, "incomeBeforeTaxRatio": 0.1664943321, "incomeTaxExpense": 2788000, "netIncome": 5907000, "netIncomeRatio": 0.1131089154, "eps": 0.17, "epsdiluted": 0.15, "weightedAverageShsOut": 35762000, "weightedAverageShsOutDil": 39002000, "link": "https://www.sec.gov/Archives/edgar/data/1107843/000110784317000003/0001107843-17-000003-index.htm", "finalLink": "https://www.sec.gov/Archives/edgar/data/1107843/000110784317000003/qlys-2016x1231x10k.htm"}, {"date": "2016-09-30", "symbol": "QLYS", "reportedCurrency": "USD", "cik": "0001107843", "fillingDate": "2016-11-04", "acceptedDate": "2016-11-04 16:48:24", "calendarYear": "2016", "period": "Q3", "revenue": 50987000, "costOfRevenue": 11288000, "grossProfit": 39699000, "grossProfitRatio": 0.778610234, "researchAndDevelopmentExpenses": 9405000, "generalAndAdministrativeExpenses": 8067000, "sellingAndMarketingExpenses": 14240000, "sellingGeneralAndAdministrativeExpenses": 22307000, "otherExpenses": -124000, "operatingExpenses": 31712000, "costAndExpenses": 43000000, "interestIncome": 363000, "interestExpense": 9000, "depreciationAndAmortization": 4536000, "ebitda": 12762000, "ebitdaratio": 0.2502990958, "operatingIncome": 7987000, "operatingIncomeRatio": 0.156647773, "totalOtherIncomeExpensesNet": 230000, "incomeBeforeTax": 8217000, "incomeBeforeTaxRatio": 0.1611587267, "incomeTaxExpense": 3221000, "netIncome": 4996000, "netIncomeRatio": 0.0979857611, "eps": 0.14, "epsdiluted": 0.13, "weightedAverageShsOut": 35477000, "weightedAverageShsOutDil": 38712000, "link": "https://www.sec.gov/Archives/edgar/data/1107843/000110784316000033/0001107843-16-000033-index.htm", "finalLink": "https://www.sec.gov/Archives/edgar/data/1107843/000110784316000033/qlys-20160930x10q.htm"}, {"date": "2016-06-30", "symbol": "QLYS", "reportedCurrency": "USD", "cik": "0001107843", "fillingDate": "2016-08-04", "acceptedDate": "2016-08-04 17:26:22", "calendarYear": "2016", "period": "Q2", "revenue": 48466000, "costOfRevenue": 10092000, "grossProfit": 38374000, "grossProfitRatio": 0.7917715512, "researchAndDevelopmentExpenses": 9143000, "generalAndAdministrativeExpenses": 9068000, "sellingAndMarketingExpenses": 14451000, "sellingGeneralAndAdministrativeExpenses": 23519000, "otherExpenses": -249000, "operatingExpenses": 32662000, "costAndExpenses": 42754000, "interestIncome": 290000, "interestExpense": 1000, "depreciationAndAmortization": 3994000, "ebitda": 10422000, "ebitdaratio": 0.2150373458, "operatingIncome": 5712000, "operatingIncomeRatio": 0.1178558164, "totalOtherIncomeExpensesNet": 40000, "incomeBeforeTax": 5752000, "incomeBeforeTaxRatio": 0.1186811373, "incomeTaxExpense": 2214000, "netIncome": 3538000, "netIncomeRatio": 0.0729996286, "eps": 0.1, "epsdiluted": 0.09, "weightedAverageShsOut": 35120000, "weightedAverageShsOutDil": 38143000, "link": "https://www.sec.gov/Archives/edgar/data/1107843/000110784316000030/0001107843-16-000030-index.htm", "finalLink": "https://www.sec.gov/Archives/edgar/data/1107843/000110784316000030/qlys-20160630x10q.htm"}, {"date": "2016-03-31", "symbol": "QLYS", "reportedCurrency": "USD", "cik": "0001107843", "fillingDate": "2016-05-05", "acceptedDate": "2016-05-05 16:17:51", "calendarYear": "2016", "period": "Q1", "revenue": 46248000, "costOfRevenue": 9416000, "grossProfit": 36832000, "grossProfitRatio": 0.7964020066, "researchAndDevelopmentExpenses": 7834000, "generalAndAdministrativeExpenses": 7468000, "sellingAndMarketingExpenses": 13933000, "sellingGeneralAndAdministrativeExpenses": 21401000, "otherExpenses": -69000, "operatingExpenses": 29235000, "costAndExpenses": 38651000, "interestIncome": 250000, "interestExpense": 13000, "depreciationAndAmortization": 3834000, "ebitda": 11431000, "ebitdaratio": 0.2471674451, "operatingIncome": 7597000, "operatingIncomeRatio": 0.1642665629, "totalOtherIncomeExpensesNet": 168000, "incomeBeforeTax": 7765000, "incomeBeforeTaxRatio": 0.1678991524, "incomeTaxExpense": 2982000, "netIncome": 4783000, "netIncomeRatio": 0.1034206885, "eps": 0.14, "epsdiluted": 0.13, "weightedAverageShsOut": 34619000, "weightedAverageShsOutDil": 37838000, "link": "https://www.sec.gov/Archives/edgar/data/1107843/000110784316000026/0001107843-16-000026-index.htm", "finalLink": "https://www.sec.gov/Archives/edgar/data/1107843/000110784316000026/qlys-20160331x10q.htm"}, {"date": "2015-12-31", "symbol": "QLYS", "reportedCurrency": "USD", "cik": "0001107843", "fillingDate": "2016-02-26", "acceptedDate": "2016-02-25 19:30:06", "calendarYear": "2015", "period": "Q4", "revenue": 44445000, "costOfRevenue": 9002000, "grossProfit": 35443000, "grossProfitRatio": 0.7974575318, "researchAndDevelopmentExpenses": 7532000, "generalAndAdministrativeExpenses": 7147000, "sellingAndMarketingExpenses": 13068000, "sellingGeneralAndAdministrativeExpenses": 20215000, "otherExpenses": 0, "operatingExpenses": 27747000, "costAndExpenses": 36749000, "interestIncome": 184000, "interestExpense": 2000, "depreciationAndAmortization": 3936000, "ebitda": 11632000, "ebitdaratio": 0.2617167285, "operatingIncome": 7696000, "operatingIncomeRatio": 0.1731578355, "totalOtherIncomeExpensesNet": -183000, "incomeBeforeTax": 7513000, "incomeBeforeTaxRatio": 0.169040387, "incomeTaxExpense": 2089000, "netIncome": 5424000, "netIncomeRatio": 0.1220384745, "eps": 0.16, "epsdiluted": 0.14, "weightedAverageShsOut": 34294000, "weightedAverageShsOutDil": 38146000, "link": "https://www.sec.gov/Archives/edgar/data/1107843/000110784316000022/0001107843-16-000022-index.htm", "finalLink": "https://www.sec.gov/Archives/edgar/data/1107843/000110784316000022/qlys-2015x1231x10kq42015.htm"}, {"date": "2015-09-30", "symbol": "QLYS", "reportedCurrency": "USD", "cik": "0001107843", "fillingDate": "2015-11-05", "acceptedDate": "2015-11-05 17:04:56", "calendarYear": "2015", "period": "Q3", "revenue": 42469000, "costOfRevenue": 8762000, "grossProfit": 33707000, "grossProfitRatio": 0.7936848054, "researchAndDevelopmentExpenses": 7564000, "generalAndAdministrativeExpenses": 6983000, "sellingAndMarketingExpenses": 12282000, "sellingGeneralAndAdministrativeExpenses": 19265000, "otherExpenses": 0, "operatingExpenses": 26829000, "costAndExpenses": 35591000, "interestIncome": 153000, "interestExpense": 0, "depreciationAndAmortization": 3838000, "ebitda": 10716000, "ebitdaratio": 0.2523252255, "operatingIncome": 6878000, "operatingIncomeRatio": 0.1619534249, "totalOtherIncomeExpensesNet": -154000, "incomeBeforeTax": 6724000, "incomeBeforeTaxRatio": 0.1583272505, "incomeTaxExpense": 2601000, "netIncome": 4123000, "netIncomeRatio": 0.0970825779, "eps": 0.12, "epsdiluted": 0.11, "weightedAverageShsOut": 34119000, "weightedAverageShsOutDil": 37938000, "link": "https://www.sec.gov/Archives/edgar/data/1107843/000110784315000017/0001107843-15-000017-index.htm", "finalLink": "https://www.sec.gov/Archives/edgar/data/1107843/000110784315000017/qlys-2015q3.htm"}, {"date": "2015-06-30", "symbol": "QLYS", "reportedCurrency": "USD", "cik": "0001107843", "fillingDate": "2015-08-06", "acceptedDate": "2015-08-05 19:59:32", "calendarYear": "2015", "period": "Q2", "revenue": 39877000, "costOfRevenue": 8157000, "grossProfit": 31720000, "grossProfitRatio": 0.7954459964, "researchAndDevelopmentExpenses": 7205000, "generalAndAdministrativeExpenses": 6427000, "sellingAndMarketingExpenses": 12776000, "sellingGeneralAndAdministrativeExpenses": 19203000, "otherExpenses": 0, "operatingExpenses": 26408000, "costAndExpenses": 34565000, "interestIncome": 132000, "interestExpense": 4000, "depreciationAndAmortization": 3404000, "ebitda": 8716000, "ebitdaratio": 0.2185721092, "operatingIncome": 5312000, "operatingIncomeRatio": 0.1332096196, "totalOtherIncomeExpensesNet": 128000, "incomeBeforeTax": 5440000, "incomeBeforeTaxRatio": 0.1364194899, "incomeTaxExpense": 2124000, "netIncome": 3316000, "netIncomeRatio": 0.0831557038, "eps": 0.1, "epsdiluted": 0.09, "weightedAverageShsOut": 34003000, "weightedAverageShsOutDil": 38475000, "link": "https://www.sec.gov/Archives/edgar/data/1107843/000110784315000012/0001107843-15-000012-index.htm", "finalLink": "https://www.sec.gov/Archives/edgar/data/1107843/000110784315000012/qlys-2015q2.htm"}, {"date": "2015-03-31", "symbol": "QLYS", "reportedCurrency": "USD", "cik": "0001107843", "fillingDate": "2015-05-07", "acceptedDate": "2015-05-06 19:28:31", "calendarYear": "2015", "period": "Q1", "revenue": 37493000, "costOfRevenue": 7964000, "grossProfit": 29529000, "grossProfitRatio": 0.7875870162, "researchAndDevelopmentExpenses": 7150000, "generalAndAdministrativeExpenses": 6016000, "sellingAndMarketingExpenses": 11443000, "sellingGeneralAndAdministrativeExpenses": 17459000, "otherExpenses": -178000, "operatingExpenses": 24609000, "costAndExpenses": 32573000, "interestIncome": 101000, "interestExpense": 0, "depreciationAndAmortization": 3182000, "ebitda": 8102000, "ebitdaratio": 0.2160936708, "operatingIncome": 4920000, "operatingIncomeRatio": 0.1312244952, "totalOtherIncomeExpensesNet": -77000, "incomeBeforeTax": 4843000, "incomeBeforeTaxRatio": 0.1291707785, "incomeTaxExpense": 1841000, "netIncome": 3002000, "netIncomeRatio": 0.0800682794, "eps": 0.09, "epsdiluted": 0.08, "weightedAverageShsOut": 33775000, "weightedAverageShsOutDil": 38235000, "link": "https://www.sec.gov/Archives/edgar/data/1107843/000110784315000009/0001107843-15-000009-index.htm", "finalLink": "https://www.sec.gov/Archives/edgar/data/1107843/000110784315000009/qlys-2015q1.htm"}, {"date": "2014-12-31", "symbol": "QLYS", "reportedCurrency": "USD", "cik": "0001107843", "fillingDate": "2015-03-06", "acceptedDate": "2015-03-06 16:52:26", "calendarYear": "2014", "period": "Q4", "revenue": 36573000, "costOfRevenue": 7521000, "grossProfit": 29052000, "grossProfitRatio": 0.7943564925, "researchAndDevelopmentExpenses": 7015000, "generalAndAdministrativeExpenses": 5888000, "sellingAndMarketingExpenses": 11938000, "sellingGeneralAndAdministrativeExpenses": 17826000, "otherExpenses": 0, "operatingExpenses": 24841000, "costAndExpenses": 32362000, "interestIncome": 87000, "interestExpense": 0, "depreciationAndAmortization": 3071000, "ebitda": 7282000, "ebitdaratio": 0.1991086321, "operatingIncome": 4211000, "operatingIncomeRatio": 0.1151395838, "totalOtherIncomeExpensesNet": -711000, "incomeBeforeTax": 3643000, "incomeBeforeTaxRatio": 0.0996090012, "incomeTaxExpense": -22270000, "netIncome": 25913000, "netIncomeRatio": 0.7085281492, "eps": 0.77, "epsdiluted": 0.69, "weightedAverageShsOut": 33449000, "weightedAverageShsOutDil": 37630000, "link": "https://www.sec.gov/Archives/edgar/data/1107843/000110784315000003/0001107843-15-000003-index.htm", "finalLink": "https://www.sec.gov/Archives/edgar/data/1107843/000110784315000003/qlys-2014x1231x10kq42014.htm"}, {"date": "2014-09-30", "symbol": "QLYS", "reportedCurrency": "USD", "cik": "0001107843", "fillingDate": "2014-11-06", "acceptedDate": "2014-11-05 20:25:45", "calendarYear": "2014", "period": "Q3", "revenue": 34348000, "costOfRevenue": 7421000, "grossProfit": 26927000, "grossProfitRatio": 0.7839466636, "researchAndDevelopmentExpenses": 6490000, "generalAndAdministrativeExpenses": 5156000, "sellingAndMarketingExpenses": 11774000, "sellingGeneralAndAdministrativeExpenses": 16930000, "otherExpenses": -141000, "operatingExpenses": 23420000, "costAndExpenses": 30841000, "interestIncome": 127000, "interestExpense": 2000, "depreciationAndAmortization": 3044000, "ebitda": 6551000, "ebitdaratio": 0.1907243508, "operatingIncome": 3507000, "operatingIncomeRatio": 0.1021020147, "totalOtherIncomeExpensesNet": -119000, "incomeBeforeTax": 3491000, "incomeBeforeTaxRatio": 0.1016361942, "incomeTaxExpense": 283000, "netIncome": 3208000, "netIncomeRatio": 0.0933969955, "eps": 0.1, "epsdiluted": 0.09, "weightedAverageShsOut": 33120000, "weightedAverageShsOutDil": 37080000, "link": "https://www.sec.gov/Archives/edgar/data/1107843/000110784314000019/0001107843-14-000019-index.htm", "finalLink": "https://www.sec.gov/Archives/edgar/data/1107843/000110784314000019/qlys-2014q3.htm"}, {"date": "2014-06-30", "symbol": "QLYS", "reportedCurrency": "USD", "cik": "0001107843", "fillingDate": "2014-08-07", "acceptedDate": "2014-08-06 19:21:16", "calendarYear": "2014", "period": "Q2", "revenue": 32302000, "costOfRevenue": 7175000, "grossProfit": 25127000, "grossProfitRatio": 0.7778775308, "researchAndDevelopmentExpenses": 6411000, "generalAndAdministrativeExpenses": 5081000, "sellingAndMarketingExpenses": 11845000, "sellingGeneralAndAdministrativeExpenses": 16926000, "otherExpenses": -37000, "operatingExpenses": 23337000, "costAndExpenses": 30512000, "interestIncome": 130000, "interestExpense": 3000, "depreciationAndAmortization": 2977000, "ebitda": 4767000, "ebitdaratio": 0.1475760015, "operatingIncome": 1790000, "operatingIncomeRatio": 0.0554145254, "totalOtherIncomeExpensesNet": 90000, "incomeBeforeTax": 1880000, "incomeBeforeTaxRatio": 0.0582007306, "incomeTaxExpense": 174000, "netIncome": 1706000, "netIncomeRatio": 0.0528140672, "eps": 0.05, "epsdiluted": 0.05, "weightedAverageShsOut": 32818000, "weightedAverageShsOutDil": 36839000, "link": "https://www.sec.gov/Archives/edgar/data/1107843/000110784314000014/0001107843-14-000014-index.htm", "finalLink": "https://www.sec.gov/Archives/edgar/data/1107843/000110784314000014/qlys-2014q2.htm"}, {"date": "2014-03-31", "symbol": "QLYS", "reportedCurrency": "USD", "cik": "0001107843", "fillingDate": "2014-05-08", "acceptedDate": "2014-05-08 17:12:10", "calendarYear": "2014", "period": "Q1", "revenue": 30356000, "costOfRevenue": 6846000, "grossProfit": 23510000, "grossProfitRatio": 0.7744762156, "researchAndDevelopmentExpenses": 6404000, "generalAndAdministrativeExpenses": 4875000, "sellingAndMarketingExpenses": 12492000, "sellingGeneralAndAdministrativeExpenses": 17367000, "otherExpenses": -101000, "operatingExpenses": 23771000, "costAndExpenses": 30617000, "interestIncome": 108000, "interestExpense": 4000, "depreciationAndAmortization": 2805000, "ebitda": 2544000, "ebitdaratio": 0.083805508, "operatingIncome": -261000, "operatingIncomeRatio": -0.0085979707, "totalOtherIncomeExpensesNet": 12000, "incomeBeforeTax": -258000, "incomeBeforeTaxRatio": -0.0084991435, "incomeTaxExpense": 182000, "netIncome": -440000, "netIncomeRatio": -0.0144946633, "eps": -0.0135, "epsdiluted": -0.0135, "weightedAverageShsOut": 32516000, "weightedAverageShsOutDil": 32516000, "link": "https://www.sec.gov/Archives/edgar/data/1107843/000110784314000009/0001107843-14-000009-index.htm", "finalLink": "https://www.sec.gov/Archives/edgar/data/1107843/000110784314000009/qlys-2014q1.htm"}, {"date": "2013-12-31", "symbol": "QLYS", "reportedCurrency": "USD", "cik": "0001107843", "fillingDate": "2014-02-28", "acceptedDate": "2014-02-27 19:44:24", "calendarYear": "2013", "period": "Q4", "revenue": 29039000, "costOfRevenue": 6526000, "grossProfit": 22513000, "grossProfitRatio": 0.7752677434, "researchAndDevelopmentExpenses": 5939000, "generalAndAdministrativeExpenses": 4566000, "sellingAndMarketingExpenses": 11784000, "sellingGeneralAndAdministrativeExpenses": 16350000, "otherExpenses": -147000, "operatingExpenses": 22289000, "costAndExpenses": 28815000, "interestIncome": 102000, "interestExpense": 6000, "depreciationAndAmortization": 2562000, "ebitda": 2786000, "ebitdaratio": 0.0959399428, "operatingIncome": 224000, "operatingIncomeRatio": 0.0077137642, "totalOtherIncomeExpensesNet": -51000, "incomeBeforeTax": 173000, "incomeBeforeTaxRatio": 0.0059575054, "incomeTaxExpense": 128000, "netIncome": 45000, "netIncomeRatio": 0.0015496401, "eps": 0.0014, "epsdiluted": 0.0012, "weightedAverageShsOut": 32287000, "weightedAverageShsOutDil": 36678000, "link": "https://www.sec.gov/Archives/edgar/data/1107843/000110784314000004/0001107843-14-000004-index.htm", "finalLink": "https://www.sec.gov/Archives/edgar/data/1107843/000110784314000004/qlys-2013x1231x10k.htm"}, {"date": "2013-09-30", "symbol": "QLYS", "reportedCurrency": "USD", "cik": "0001107843", "fillingDate": "2013-11-07", "acceptedDate": "2013-11-06 20:16:00", "calendarYear": "2013", "period": "Q3", "revenue": 27749000, "costOfRevenue": 6415000, "grossProfit": 21334000, "grossProfitRatio": 0.768820498, "researchAndDevelopmentExpenses": 5151000, "generalAndAdministrativeExpenses": 4277000, "sellingAndMarketingExpenses": 10411000, "sellingGeneralAndAdministrativeExpenses": 14688000, "otherExpenses": -84000, "operatingExpenses": 19839000, "costAndExpenses": 26254000, "interestIncome": 115000, "interestExpense": 7000, "depreciationAndAmortization": 2557000, "ebitda": 4083000, "ebitdaratio": 0.1471404375, "operatingIncome": 1495000, "operatingIncomeRatio": 0.0538758153, "totalOtherIncomeExpensesNet": 24000, "incomeBeforeTax": 1519000, "incomeBeforeTaxRatio": 0.0547407114, "incomeTaxExpense": 210000, "netIncome": 1309000, "netIncomeRatio": 0.0471728711, "eps": 0.04, "epsdiluted": 0.04, "weightedAverageShsOut": 32088000, "weightedAverageShsOutDil": 36247000, "link": "https://www.sec.gov/Archives/edgar/data/1107843/000110784313000015/0001107843-13-000015-index.htm", "finalLink": "https://www.sec.gov/Archives/edgar/data/1107843/000110784313000015/qlys-2013q3.htm"}, {"date": "2013-06-30", "symbol": "QLYS", "reportedCurrency": "USD", "cik": "0001107843", "fillingDate": "2013-08-08", "acceptedDate": "2013-08-07 19:39:45", "calendarYear": "2013", "period": "Q2", "revenue": 26291000, "costOfRevenue": 5924000, "grossProfit": 20367000, "grossProfitRatio": 0.7746757446, "researchAndDevelopmentExpenses": 5291000, "generalAndAdministrativeExpenses": 4053000, "sellingAndMarketingExpenses": 10160000, "sellingGeneralAndAdministrativeExpenses": 14213000, "otherExpenses": 33000, "operatingExpenses": 19504000, "costAndExpenses": 25428000, "interestIncome": 81000, "interestExpense": 12000, "depreciationAndAmortization": 2374000, "ebitda": 3351000, "ebitdaratio": 0.1274580655, "operatingIncome": 863000, "operatingIncomeRatio": 0.0328249211, "totalOtherIncomeExpensesNet": 102000, "incomeBeforeTax": 965000, "incomeBeforeTaxRatio": 0.0367045757, "incomeTaxExpense": 92000, "netIncome": 873000, "netIncomeRatio": 0.0332052794, "eps": 0.03, "epsdiluted": 0.02, "weightedAverageShsOut": 31777000, "weightedAverageShsOutDil": 35393000, "link": "https://www.sec.gov/Archives/edgar/data/1107843/000110784313000010/0001107843-13-000010-index.htm", "finalLink": "https://www.sec.gov/Archives/edgar/data/1107843/000110784313000010/qlys-2013q2.htm"}, {"date": "2013-03-31", "symbol": "QLYS", "reportedCurrency": "USD", "cik": "0001107843", "fillingDate": "2013-05-10", "acceptedDate": "2013-05-09 20:15:00", "calendarYear": "2013", "period": "Q1", "revenue": 24883000, "costOfRevenue": 5795000, "grossProfit": 19088000, "grossProfitRatio": 0.7671100752, "researchAndDevelopmentExpenses": 5297000, "generalAndAdministrativeExpenses": 3896000, "sellingAndMarketingExpenses": 10168000, "sellingGeneralAndAdministrativeExpenses": 14064000, "otherExpenses": 0, "operatingExpenses": 19361000, "costAndExpenses": 25156000, "interestIncome": 77000, "interestExpense": 18000, "depreciationAndAmortization": 2119000, "ebitda": 1604000, "ebitdaratio": 0.0644616807, "operatingIncome": -273000, "operatingIncomeRatio": -0.0109713459, "totalOtherIncomeExpensesNet": -260000, "incomeBeforeTax": -533000, "incomeBeforeTaxRatio": -0.0214202468, "incomeTaxExpense": 70000, "netIncome": -603000, "netIncomeRatio": -0.0242334124, "eps": -0.02, "epsdiluted": -0.0191, "weightedAverageShsOut": 30150000, "weightedAverageShsOutDil": 31494000, "link": "https://www.sec.gov/Archives/edgar/data/1107843/000110784313000007/0001107843-13-000007-index.htm", "finalLink": "https://www.sec.gov/Archives/edgar/data/1107843/000110784313000007/qlys-2013q1.htm"}, {"date": "2012-12-31", "symbol": "QLYS", "reportedCurrency": "USD", "cik": "0001107843", "fillingDate": "2013-03-05", "acceptedDate": "2013-03-05 16:52:16", "calendarYear": "2012", "period": "Q4", "revenue": 24657000, "costOfRevenue": 4981000, "grossProfit": 19676000, "grossProfitRatio": 0.7979884009, "researchAndDevelopmentExpenses": 4870000, "generalAndAdministrativeExpenses": 3268000, "sellingAndMarketingExpenses": 9911000, "sellingGeneralAndAdministrativeExpenses": 13179000, "otherExpenses": -144000, "operatingExpenses": 18049000, "costAndExpenses": 23030000, "interestIncome": 12000, "interestExpense": 39000, "depreciationAndAmortization": 1944000, "ebitda": 3439000, "ebitdaratio": 0.1394735775, "operatingIncome": 1627000, "operatingIncomeRatio": 0.0659853186, "totalOtherIncomeExpensesNet": -171000, "incomeBeforeTax": 1456000, "incomeBeforeTaxRatio": 0.0590501683, "incomeTaxExpense": 281000, "netIncome": 1175000, "netIncomeRatio": 0.0476538103, "eps": 0.04, "epsdiluted": 0.03, "weightedAverageShsOut": 30807000, "weightedAverageShsOutDil": 35064000, "link": "https://www.sec.gov/Archives/edgar/data/1107843/000110784313000003/0001107843-13-000003-index.htm", "finalLink": "https://www.sec.gov/Archives/edgar/data/1107843/000110784313000003/qlys-2012x1231x10k.htm"}, {"date": "2012-09-30", "symbol": "QLYS", "reportedCurrency": "USD", "cik": "0001107843", "fillingDate": "2012-11-09", "acceptedDate": "2012-11-09 16:19:30", "calendarYear": "2012", "period": "Q3", "revenue": 23382000, "costOfRevenue": 4634000, "grossProfit": 18748000, "grossProfitRatio": 0.8018133607, "researchAndDevelopmentExpenses": 5076000, "generalAndAdministrativeExpenses": 3154000, "sellingAndMarketingExpenses": 8797000, "sellingGeneralAndAdministrativeExpenses": 11951000, "otherExpenses": 0, "operatingExpenses": 17027000, "costAndExpenses": 21661000, "interestIncome": 1000, "interestExpense": 38000, "depreciationAndAmortization": 1851000, "ebitda": 3633000, "ebitdaratio": 0.1553759302, "operatingIncome": 1721000, "operatingIncomeRatio": 0.0736036267, "totalOtherIncomeExpensesNet": 23000, "incomeBeforeTax": 1744000, "incomeBeforeTaxRatio": 0.0745872894, "incomeTaxExpense": 77000, "netIncome": 1667000, "netIncomeRatio": 0.0712941579, "eps": 0.07, "epsdiluted": 0.06, "weightedAverageShsOut": 5843000, "weightedAverageShsOutDil": 26545000, "link": "https://www.sec.gov/Archives/edgar/data/1107843/000110784312000006/0001107843-12-000006-index.htm", "finalLink": "https://www.sec.gov/Archives/edgar/data/1107843/000110784312000006/qlys-2012x930x10q.htm"}, {"date": "2012-06-30", "symbol": "QLYS", "reportedCurrency": "USD", "cik": "0001107843", "fillingDate": "2012-06-30", "acceptedDate": "2012-06-29 20:00:00", "calendarYear": "2012", "period": "Q2", "revenue": 22190000, "costOfRevenue": 4629000, "grossProfit": 17561000, "grossProfitRatio": 0.7913925192, "researchAndDevelopmentExpenses": 5148000, "generalAndAdministrativeExpenses": 2843000, "sellingAndMarketingExpenses": 9784000, "sellingGeneralAndAdministrativeExpenses": 12627000, "otherExpenses": -92000, "operatingExpenses": 17775000, "costAndExpenses": 22404000, "interestIncome": 1000, "interestExpense": 50000, "depreciationAndAmortization": 1796000, "ebitda": 1491000, "ebitdaratio": 0.067192429, "operatingIncome": -214000, "operatingIncomeRatio": -0.0096439838, "totalOtherIncomeExpensesNet": -141000, "incomeBeforeTax": -355000, "incomeBeforeTaxRatio": -0.0159981974, "incomeTaxExpense": -78000, "netIncome": -277000, "netIncomeRatio": -0.0124831005, "eps": -0.0493, "epsdiluted": -0.0092, "weightedAverageShsOut": 5617500, "weightedAverageShsOutDil": 30050974, "link": "", "finalLink": ""}, {"date": "2012-03-31", "symbol": "QLYS", "reportedCurrency": "USD", "cik": "0001107843", "fillingDate": "2012-03-31", "acceptedDate": "2012-03-30 20:00:00", "calendarYear": "2012", "period": "Q1", "revenue": 21191000, "costOfRevenue": 4160000, "grossProfit": 17031000, "grossProfitRatio": 0.8036902459, "researchAndDevelopmentExpenses": 5101000, "generalAndAdministrativeExpenses": 2814000, "sellingAndMarketingExpenses": 9246000, "sellingGeneralAndAdministrativeExpenses": 12060000, "otherExpenses": 0, "operatingExpenses": 17161000, "costAndExpenses": 21321000, "interestIncome": 0, "interestExpense": 65000, "depreciationAndAmortization": 1750000, "ebitda": 1620000, "ebitdaratio": 0.0764475485, "operatingIncome": -130000, "operatingIncomeRatio": -0.0061346798, "totalOtherIncomeExpensesNet": -77000, "incomeBeforeTax": -207000, "incomeBeforeTaxRatio": -0.0097682979, "incomeTaxExpense": 78000, "netIncome": -285000, "netIncomeRatio": -0.0134491058, "eps": -0.0529, "epsdiluted": -0.0529, "weightedAverageShsOut": 5392000, "weightedAverageShsOutDil": 5392000, "link": "", "finalLink": ""}, {"date": "2011-12-31", "symbol": "QLYS", "reportedCurrency": "USD", "cik": "0001107843", "fillingDate": "2011-12-31", "acceptedDate": "2011-12-30 19:00:00", "calendarYear": "2011", "period": "Q4", "revenue": 20652000, "costOfRevenue": 4123000, "grossProfit": 16529000, "grossProfitRatio": 0.8003583188, "researchAndDevelopmentExpenses": 4953000, "generalAndAdministrativeExpenses": 2390000, "sellingAndMarketingExpenses": 9229000, "sellingGeneralAndAdministrativeExpenses": 11619000, "otherExpenses": 0, "operatingExpenses": 16572000, "costAndExpenses": 20695000, "interestIncome": 4000, "interestExpense": 40000, "depreciationAndAmortization": 1592000, "ebitda": 1545000, "ebitdaratio": 0.0748111563, "operatingIncome": -43000, "operatingIncomeRatio": -0.0020821228, "totalOtherIncomeExpensesNet": -483000, "incomeBeforeTax": -526000, "incomeBeforeTaxRatio": -0.0254696882, "incomeTaxExpense": 125000, "netIncome": -651000, "netIncomeRatio": -0.0315223707, "eps": -0.13, "epsdiluted": -0.13, "weightedAverageShsOut": 5137000, "weightedAverageShsOutDil": 5137000, "link": "", "finalLink": ""}, {"date": "2011-09-30", "symbol": "QLYS", "reportedCurrency": "USD", "cik": "0001107843", "fillingDate": "2011-09-30", "acceptedDate": "2011-09-29 20:00:00", "calendarYear": "2011", "period": "Q3", "revenue": 19375000, "costOfRevenue": 3225000, "grossProfit": 16150000, "grossProfitRatio": 0.8335483871, "researchAndDevelopmentExpenses": 4922000, "generalAndAdministrativeExpenses": 2249000, "sellingAndMarketingExpenses": 7985000, "sellingGeneralAndAdministrativeExpenses": 10234000, "otherExpenses": 0, "operatingExpenses": 15156000, "costAndExpenses": 18381000, "interestIncome": 4000, "interestExpense": 47000, "depreciationAndAmortization": 1222000, "ebitda": 2220000, "ebitdaratio": 0.1145806452, "operatingIncome": 994000, "operatingIncomeRatio": 0.0513032258, "totalOtherIncomeExpensesNet": -461000, "incomeBeforeTax": 533000, "incomeBeforeTaxRatio": 0.0275096774, "incomeTaxExpense": 81000, "netIncome": 452000, "netIncomeRatio": 0.0233290323, "eps": 0.02, "epsdiluted": 0.02, "weightedAverageShsOut": 5137000, "weightedAverageShsOutDil": 5137000, "link": "", "finalLink": ""}, {"date": "2011-06-30", "symbol": "QLYS", "reportedCurrency": "USD", "cik": "0001107843", "fillingDate": "2011-06-30", "acceptedDate": "2011-06-29 20:00:00", "calendarYear": "2011", "period": "Q2", "revenue": 18495000, "costOfRevenue": 3026000, "grossProfit": 15469000, "grossProfitRatio": 0.836388213, "researchAndDevelopmentExpenses": 4994000, "generalAndAdministrativeExpenses": 2047000, "sellingAndMarketingExpenses": 7310000, "sellingGeneralAndAdministrativeExpenses": 9357000, "otherExpenses": 0, "operatingExpenses": 14351000, "costAndExpenses": 17377000, "interestIncome": 5000, "interestExpense": 55000, "depreciationAndAmortization": 1266000, "ebitda": 2389000, "ebitdaratio": 0.129170046, "operatingIncome": 1118000, "operatingIncomeRatio": 0.0604487699, "totalOtherIncomeExpensesNet": 71000, "incomeBeforeTax": 1189000, "incomeBeforeTaxRatio": 0.0642876453, "incomeTaxExpense": 82000, "netIncome": 1107000, "netIncomeRatio": 0.0598540146, "eps": 0.21, "epsdiluted": 0.21, "weightedAverageShsOut": 5392000, "weightedAverageShsOutDil": 5392000, "link": "", "finalLink": ""}, {"date": "2011-03-31", "symbol": "QLYS", "reportedCurrency": "USD", "cik": "0001107843", "fillingDate": "2011-03-31", "acceptedDate": "2011-03-30 20:00:00", "calendarYear": "2011", "period": "Q1", "revenue": 17690000, "costOfRevenue": 2873000, "grossProfit": 14817000, "grossProfitRatio": 0.8375918598, "researchAndDevelopmentExpenses": 4764000, "generalAndAdministrativeExpenses": 2214000, "sellingAndMarketingExpenses": 7002000, "sellingGeneralAndAdministrativeExpenses": 9216000, "otherExpenses": 0, "operatingExpenses": 13980000, "costAndExpenses": 16853000, "interestIncome": 1000, "interestExpense": 62000, "depreciationAndAmortization": 1293000, "ebitda": 2131000, "ebitdaratio": 0.1204635387, "operatingIncome": 837000, "operatingIncomeRatio": 0.0473148672, "totalOtherIncomeExpensesNet": 337000, "incomeBeforeTax": 1174000, "incomeBeforeTaxRatio": 0.0663651781, "incomeTaxExpense": 128000, "netIncome": 1046000, "netIncomeRatio": 0.0591294517, "eps": 0.0421, "epsdiluted": 0.0421, "weightedAverageShsOut": 5392000, "weightedAverageShsOutDil": 5392000, "link": "", "finalLink": ""}]