[{"date": "2021-06-30", "symbol": "JCOM", "reportedCurrency": "USD", "cik": "0001084048", "fillingDate": "2021-08-09", "acceptedDate": "2021-08-09 16:35:42", "calendarYear": "2021", "period": "Q2", "revenue": 429044000, "costOfRevenue": 63337000, "grossProfit": 365707000, "grossProfitRatio": 0.8523764462, "researchAndDevelopmentExpenses": 19644000, "generalAndAdministrativeExpenses": 117676000, "sellingAndMarketingExpenses": 134103000, "sellingGeneralAndAdministrativeExpenses": 251779000, "otherExpenses": 0, "operatingExpenses": 271423000, "costAndExpenses": 334760000, "interestIncome": 0, "interestExpense": 21403000, "depreciationAndAmortization": 64734000, "ebitda": 104006000, "ebitdaratio": 0.2424133655, "operatingIncome": 94284000, "operatingIncomeRatio": 0.2197536849, "totalOtherIncomeExpensesNet": -70663000, "incomeBeforeTax": 23621000, "incomeBeforeTaxRatio": 0.0550549594, "incomeTaxExpense": 2152000, "netIncome": 15717000, "netIncomeRatio": 0.0366326064, "eps": 0.35, "epsdiluted": 0.33, "weightedAverageShsOut": 44613533, "weightedAverageShsOutDil": 47528902, "link": "https://www.sec.gov/Archives/edgar/data/1084048/000108404821000055/0001084048-21-000055-index.htm", "finalLink": "https://www.sec.gov/Archives/edgar/data/1084048/000108404821000055/jcom-20210630.htm"}, {"date": "2021-03-31", "symbol": "JCOM", "reportedCurrency": "USD", "cik": "0001084048", "fillingDate": "2021-05-10", "acceptedDate": "2021-05-10 17:01:13", "calendarYear": "2021", "period": "Q1", "revenue": 398185000, "costOfRevenue": 57822000, "grossProfit": 340363000, "grossProfitRatio": 0.8547860919, "researchAndDevelopmentExpenses": 21351000, "generalAndAdministrativeExpenses": 119346000, "sellingAndMarketingExpenses": 121186000, "sellingGeneralAndAdministrativeExpenses": 240532000, "otherExpenses": 0, "operatingExpenses": 261883000, "costAndExpenses": 319705000, "interestIncome": 0, "interestExpense": 21704000, "depreciationAndAmortization": 65492000, "ebitda": 170843000, "ebitdaratio": 0.429054334, "operatingIncome": 78480000, "operatingIncomeRatio": 0.1970943155, "totalOtherIncomeExpensesNet": -19103000, "incomeBeforeTax": 59377000, "incomeBeforeTaxRatio": 0.149119128, "incomeTaxExpense": 5725000, "netIncome": 77922000, "netIncomeRatio": 0.1956929568, "eps": 1.76, "epsdiluted": 1.67, "weightedAverageShsOut": 44399149, "weightedAverageShsOutDil": 46731872, "link": "https://www.sec.gov/Archives/edgar/data/1084048/000108404821000032/0001084048-21-000032-index.htm", "finalLink": "https://www.sec.gov/Archives/edgar/data/1084048/000108404821000032/jcom-20210331.htm"}, {"date": "2020-12-31", "symbol": "JCOM", "reportedCurrency": "USD", "cik": "0001084048", "fillingDate": "2021-03-01", "acceptedDate": "2021-03-01 16:03:22", "calendarYear": "2020", "period": "Q4", "revenue": 469240000, "costOfRevenue": 60027000, "grossProfit": 409213000, "grossProfitRatio": 0.8720761231, "researchAndDevelopmentExpenses": 21022000, "generalAndAdministrativeExpenses": 133148000, "sellingAndMarketingExpenses": 126157000, "sellingGeneralAndAdministrativeExpenses": 259305000, "otherExpenses": 0, "operatingExpenses": 280327000, "costAndExpenses": 340354000, "interestIncome": 0, "interestExpense": 66096000, "depreciationAndAmortization": 65057000, "ebitda": 208623000, "ebitdaratio": 0.4445976473, "operatingIncome": 128886000, "operatingIncomeRatio": 0.2746696786, "totalOtherIncomeExpensesNet": -50877000, "incomeBeforeTax": 78009000, "incomeBeforeTaxRatio": 0.1662454181, "incomeTaxExpense": 19382000, "netIncome": 58088000, "netIncomeRatio": 0.1237916631, "eps": 1.31, "epsdiluted": 1.27, "weightedAverageShsOut": 44504222, "weightedAverageShsOutDil": 45642292, "link": "https://www.sec.gov/Archives/edgar/data/1084048/000108404821000012/0001084048-21-000012-index.htm", "finalLink": "https://www.sec.gov/Archives/edgar/data/1084048/000108404821000012/jcom-20201231.htm"}, {"date": "2020-09-30", "symbol": "JCOM", "reportedCurrency": "USD", "cik": "0001084048", "fillingDate": "2020-11-09", "acceptedDate": "2020-11-09 12:29:23", "calendarYear": "2020", "period": "Q3", "revenue": 356976000, "costOfRevenue": 55822000, "grossProfit": 301154000, "grossProfitRatio": 0.8436253418, "researchAndDevelopmentExpenses": 14261000, "generalAndAdministrativeExpenses": 114381000, "sellingAndMarketingExpenses": 95074000, "sellingGeneralAndAdministrativeExpenses": 209455000, "otherExpenses": 0, "operatingExpenses": 223716000, "costAndExpenses": 279538000, "interestIncome": 0, "interestExpense": 22712000, "depreciationAndAmortization": 59612000, "ebitda": 167537000, "ebitdaratio": 0.4693228676, "operatingIncome": 77438000, "operatingIncomeRatio": 0.2169277486, "totalOtherIncomeExpensesNet": 8484000, "incomeBeforeTax": 85922000, "incomeBeforeTaxRatio": 0.2406940523, "incomeTaxExpense": 24330000, "netIncome": 60883000, "netIncomeRatio": 0.1705520819, "eps": 1.32, "epsdiluted": 1.31, "weightedAverageShsOut": 46279515, "weightedAverageShsOutDil": 46309072, "link": "https://www.sec.gov/Archives/edgar/data/1084048/000108404820000050/0001084048-20-000050-index.htm", "finalLink": "https://www.sec.gov/Archives/edgar/data/1084048/000108404820000050/jcom-20200930.htm"}, {"date": "2020-06-30", "symbol": "JCOM", "reportedCurrency": "USD", "cik": "0001084048", "fillingDate": "2020-08-10", "acceptedDate": "2020-08-10 16:30:55", "calendarYear": "2020", "period": "Q2", "revenue": 330984000, "costOfRevenue": 56802000, "grossProfit": 274182000, "grossProfitRatio": 0.8283844536, "researchAndDevelopmentExpenses": 13606000, "generalAndAdministrativeExpenses": 94731000, "sellingAndMarketingExpenses": 92805000, "sellingGeneralAndAdministrativeExpenses": 187536000, "otherExpenses": 0, "operatingExpenses": 201142000, "costAndExpenses": 257944000, "interestIncome": 0, "interestExpense": 22196000, "depreciationAndAmortization": 45254000, "ebitda": 121529000, "ebitdaratio": 0.3671748483, "operatingIncome": 73040000, "operatingIncomeRatio": 0.2206753197, "totalOtherIncomeExpensesNet": -13140000, "incomeBeforeTax": 59900000, "incomeBeforeTaxRatio": 0.1809755154, "incomeTaxExpense": 15978000, "netIncome": 38101000, "netIncomeRatio": 0.1151143258, "eps": 0.81, "epsdiluted": 0.8, "weightedAverageShsOut": 46850944, "weightedAverageShsOutDil": 47437555, "link": "https://www.sec.gov/Archives/edgar/data/1084048/000108404820000039/0001084048-20-000039-index.htm", "finalLink": "https://www.sec.gov/Archives/edgar/data/1084048/000108404820000039/jcom-20200630.htm"}, {"date": "2020-03-31", "symbol": "JCOM", "reportedCurrency": "USD", "cik": "0001084048", "fillingDate": "2020-05-11", "acceptedDate": "2020-05-11 16:42:19", "calendarYear": "2020", "period": "Q1", "revenue": 332393000, "costOfRevenue": 59131000, "grossProfit": 273262000, "grossProfitRatio": 0.8221051587, "researchAndDevelopmentExpenses": 15406000, "generalAndAdministrativeExpenses": 103171000, "sellingAndMarketingExpenses": 99438000, "sellingGeneralAndAdministrativeExpenses": 202609000, "otherExpenses": 0, "operatingExpenses": 218015000, "costAndExpenses": 277146000, "interestIncome": 0, "interestExpense": 20971000, "depreciationAndAmortization": 58814000, "ebitda": 82084000, "ebitdaratio": 0.2469486421, "operatingIncome": 55247000, "operatingIncomeRatio": 0.1662098781, "totalOtherIncomeExpensesNet": -48679000, "incomeBeforeTax": 6568000, "incomeBeforeTaxRatio": 0.0197597422, "incomeTaxExpense": 8703000, "netIncome": -6404000, "netIncomeRatio": -0.0192663504, "eps": -0.13, "epsdiluted": -0.13, "weightedAverageShsOut": 47620774, "weightedAverageShsOutDil": 47620774, "link": "https://www.sec.gov/Archives/edgar/data/1084048/000108404820000026/0001084048-20-000026-index.htm", "finalLink": "https://www.sec.gov/Archives/edgar/data/1084048/000108404820000012/jcom2019123110-k.htm"}, {"date": "2019-12-31", "symbol": "JCOM", "reportedCurrency": "USD", "cik": "0001084048", "fillingDate": "2020-03-02", "acceptedDate": "2020-03-02 14:52:12", "calendarYear": "2019", "period": "Q4", "revenue": 405588000, "costOfRevenue": 64328000, "grossProfit": 341260000, "grossProfitRatio": 0.841395702, "researchAndDevelopmentExpenses": 15704000, "generalAndAdministrativeExpenses": 109940000, "sellingAndMarketingExpenses": 105371000, "sellingGeneralAndAdministrativeExpenses": 215311000, "otherExpenses": 0, "operatingExpenses": 231015000, "costAndExpenses": 295343000, "interestIncome": 0, "interestExpense": 18921000, "depreciationAndAmortization": 68568000, "ebitda": 173285000, "ebitdaratio": 0.4272439027, "operatingIncome": 110245000, "operatingIncomeRatio": 0.2718152411, "totalOtherIncomeExpensesNet": -24155000, "incomeBeforeTax": 86090000, "incomeBeforeTaxRatio": 0.2122597316, "incomeTaxExpense": -37227000, "netIncome": 123023000, "netIncomeRatio": 0.303320118, "eps": 2.58, "epsdiluted": 2.49, "weightedAverageShsOut": 47626833, "weightedAverageShsOutDil": 49425395, "link": "https://www.sec.gov/Archives/edgar/data/1084048/000108404820000012/0001084048-20-000012-index.htm", "finalLink": "https://www.sec.gov/Archives/edgar/data/1084048/000108404820000012/jcom2019123110-k.htm"}, {"date": "2019-09-30", "symbol": "JCOM", "reportedCurrency": "USD", "cik": "0001084048", "fillingDate": "2019-11-08", "acceptedDate": "2019-11-08 17:23:31", "calendarYear": "2019", "period": "Q3", "revenue": 344141000, "costOfRevenue": 61716000, "grossProfit": 282425000, "grossProfitRatio": 0.8206665291, "researchAndDevelopmentExpenses": 13770000, "generalAndAdministrativeExpenses": 110810000, "sellingAndMarketingExpenses": 98486000, "sellingGeneralAndAdministrativeExpenses": 209296000, "otherExpenses": 0, "operatingExpenses": 223066000, "costAndExpenses": 284782000, "interestIncome": 0, "interestExpense": 17271000, "depreciationAndAmortization": 69633000, "ebitda": 124647000, "ebitdaratio": 0.3621974714, "operatingIncome": 59359000, "operatingIncomeRatio": 0.172484534, "totalOtherIncomeExpensesNet": -18135000, "incomeBeforeTax": 41224000, "incomeBeforeTaxRatio": 0.1197881101, "incomeTaxExpense": 6998000, "netIncome": 30745000, "netIncomeRatio": 0.0893383817, "eps": 0.64, "epsdiluted": 0.63, "weightedAverageShsOut": 47673211, "weightedAverageShsOutDil": 49064272, "link": "https://www.sec.gov/Archives/edgar/data/1084048/000108404819000029/0001084048-19-000029-index.htm", "finalLink": "https://www.sec.gov/Archives/edgar/data/1084048/000108404819000029/jcom2019093010-q.htm"}, {"date": "2019-06-30", "symbol": "JCOM", "reportedCurrency": "USD", "cik": "0001084048", "fillingDate": "2019-08-09", "acceptedDate": "2019-08-09 16:07:30", "calendarYear": "2019", "period": "Q2", "revenue": 322432000, "costOfRevenue": 60266000, "grossProfit": 262166000, "grossProfitRatio": 0.8130892715, "researchAndDevelopmentExpenses": 11938000, "generalAndAdministrativeExpenses": 105168000, "sellingAndMarketingExpenses": 88446000, "sellingGeneralAndAdministrativeExpenses": 193614000, "otherExpenses": 0, "operatingExpenses": 205552000, "costAndExpenses": 265818000, "interestIncome": 0, "interestExpense": 17335000, "depreciationAndAmortization": 61245000, "ebitda": 122317000, "ebitdaratio": 0.3793575079, "operatingIncome": 56614000, "operatingIncomeRatio": 0.1755843092, "totalOtherIncomeExpensesNet": -16958000, "incomeBeforeTax": 39656000, "incomeBeforeTaxRatio": 0.1229902739, "incomeTaxExpense": 11148000, "netIncome": 32589000, "netIncomeRatio": 0.1010724742, "eps": 0.68, "epsdiluted": 0.66, "weightedAverageShsOut": 47727786, "weightedAverageShsOutDil": 49102879, "link": "https://www.sec.gov/Archives/edgar/data/1084048/000108404819000016/0001084048-19-000016-index.htm", "finalLink": "https://www.sec.gov/Archives/edgar/data/1084048/000108404819000016/jcom2019063010-q.htm"}, {"date": "2019-03-31", "symbol": "JCOM", "reportedCurrency": "USD", "cik": "0001084048", "fillingDate": "2019-05-10", "acceptedDate": "2019-05-09 21:04:02", "calendarYear": "2019", "period": "Q1", "revenue": 299893000, "costOfRevenue": 51013000, "grossProfit": 248880000, "grossProfitRatio": 0.8298959962, "researchAndDevelopmentExpenses": 12984000, "generalAndAdministrativeExpenses": 98154000, "sellingAndMarketingExpenses": 86880000, "sellingGeneralAndAdministrativeExpenses": 185034000, "otherExpenses": 0, "operatingExpenses": 198018000, "costAndExpenses": 249031000, "interestIncome": 0, "interestExpense": 16019000, "depreciationAndAmortization": 54005000, "ebitda": 102178000, "ebitdaratio": 0.340714855, "operatingIncome": 50862000, "operatingIncomeRatio": 0.1696004908, "totalOtherIncomeExpensesNet": -18234000, "incomeBeforeTax": 32628000, "incomeBeforeTaxRatio": 0.1087988049, "incomeTaxExpense": -295000, "netIncome": 32449000, "netIncomeRatio": 0.1082019254, "eps": 0.68, "epsdiluted": 0.67, "weightedAverageShsOut": 47560749, "weightedAverageShsOutDil": 48509181, "link": "https://www.sec.gov/Archives/edgar/data/1084048/000108404819000007/0001084048-19-000007-index.htm", "finalLink": "https://www.sec.gov/Archives/edgar/data/1084048/000108404819000002/jcom2018123110-k.htm"}, {"date": "2018-12-31", "symbol": "JCOM", "reportedCurrency": "USD", "cik": "0001084048", "fillingDate": "2019-03-01", "acceptedDate": "2019-03-01 17:00:44", "calendarYear": "2018", "period": "Q4", "revenue": 346059000, "costOfRevenue": 55962000, "grossProfit": 290097000, "grossProfitRatio": 0.8382876908, "researchAndDevelopmentExpenses": 12958000, "generalAndAdministrativeExpenses": 102341000, "sellingAndMarketingExpenses": 88114000, "sellingGeneralAndAdministrativeExpenses": 190455000, "otherExpenses": 0, "operatingExpenses": 203413000, "costAndExpenses": 259375000, "interestIncome": 0, "interestExpense": 15559000, "depreciationAndAmortization": 54324000, "ebitda": 141893000, "ebitdaratio": 0.4100254581, "operatingIncome": 86684000, "operatingIncomeRatio": 0.2504890785, "totalOtherIncomeExpensesNet": -14115000, "incomeBeforeTax": 72569000, "incomeBeforeTaxRatio": 0.2097012359, "incomeTaxExpense": 21395000, "netIncome": 50615000, "netIncomeRatio": 0.1462611867, "eps": 1.06, "epsdiluted": 1.04, "weightedAverageShsOut": 47967014, "weightedAverageShsOutDil": 48505023, "link": "https://www.sec.gov/Archives/edgar/data/1084048/000108404819000002/0001084048-19-000002-index.htm", "finalLink": "https://www.sec.gov/Archives/edgar/data/1084048/000108404819000002/jcom2018123110-k.htm"}, {"date": "2018-09-30", "symbol": "JCOM", "reportedCurrency": "USD", "cik": "0001084048", "fillingDate": "2018-11-09", "acceptedDate": "2018-11-09 16:39:41", "calendarYear": "2018", "period": "Q3", "revenue": 292724000, "costOfRevenue": 49217000, "grossProfit": 243507000, "grossProfitRatio": 0.8318655115, "researchAndDevelopmentExpenses": 11950000, "generalAndAdministrativeExpenses": 93792000, "sellingAndMarketingExpenses": 80708000, "sellingGeneralAndAdministrativeExpenses": 174500000, "otherExpenses": 0, "operatingExpenses": 186450000, "costAndExpenses": 235667000, "interestIncome": 0, "interestExpense": 15175000, "depreciationAndAmortization": 46375000, "ebitda": 101583000, "ebitdaratio": 0.3470265506, "operatingIncome": 57057000, "operatingIncomeRatio": 0.1949173966, "totalOtherIncomeExpensesNet": -16414000, "incomeBeforeTax": 40643000, "incomeBeforeTaxRatio": 0.1388440989, "incomeTaxExpense": 9310000, "netIncome": 30723000, "netIncomeRatio": 0.1049555212, "eps": 0.64, "epsdiluted": 0.62, "weightedAverageShsOut": 48009953, "weightedAverageShsOutDil": 49279217, "link": "https://www.sec.gov/Archives/edgar/data/1084048/000108404818000008/0001084048-18-000008-index.htm", "finalLink": "https://www.sec.gov/Archives/edgar/data/1084048/000108404818000008/jcom2018093010-q.htm"}, {"date": "2018-06-30", "symbol": "JCOM", "reportedCurrency": "USD", "cik": "0001084048", "fillingDate": "2018-08-09", "acceptedDate": "2018-08-09 16:33:34", "calendarYear": "2018", "period": "Q2", "revenue": 287889000, "costOfRevenue": 47749000, "grossProfit": 240140000, "grossProfitRatio": 0.8341409363, "researchAndDevelopmentExpenses": 11252000, "generalAndAdministrativeExpenses": 91334000, "sellingAndMarketingExpenses": 83171000, "sellingGeneralAndAdministrativeExpenses": 174505000, "otherExpenses": 0, "operatingExpenses": 185757000, "costAndExpenses": 233506000, "interestIncome": 0, "interestExpense": 15502000, "depreciationAndAmortization": 43857000, "ebitda": 94875000, "ebitdaratio": 0.329554099, "operatingIncome": 54383000, "operatingIncomeRatio": 0.1889026673, "totalOtherIncomeExpensesNet": -15896000, "incomeBeforeTax": 38487000, "incomeBeforeTaxRatio": 0.1336869418, "incomeTaxExpense": 7037000, "netIncome": 28479000, "netIncomeRatio": 0.0989235434, "eps": 0.59, "epsdiluted": 0.58, "weightedAverageShsOut": 47951326, "weightedAverageShsOutDil": 49218521, "link": "https://www.sec.gov/Archives/edgar/data/1084048/000108404818000006/0001084048-18-000006-index.htm", "finalLink": "https://www.sec.gov/Archives/edgar/data/1084048/000108404818000006/jcom2018063010-q.htm"}, {"date": "2018-03-31", "symbol": "JCOM", "reportedCurrency": "USD", "cik": "0001084048", "fillingDate": "2018-05-10", "acceptedDate": "2018-05-10 17:23:27", "calendarYear": "2018", "period": "Q1", "revenue": 280623000, "costOfRevenue": 48145000, "grossProfit": 232478000, "grossProfitRatio": 0.8284353029, "researchAndDevelopmentExpenses": 12210000, "generalAndAdministrativeExpenses": 87799000, "sellingAndMarketingExpenses": 86311000, "sellingGeneralAndAdministrativeExpenses": 174110000, "otherExpenses": 0, "operatingExpenses": 186320000, "costAndExpenses": 234465000, "interestIncome": 0, "interestExpense": 15751000, "depreciationAndAmortization": 42618000, "ebitda": 84257000, "ebitdaratio": 0.3002498013, "operatingIncome": 46158000, "operatingIncomeRatio": 0.164484023, "totalOtherIncomeExpensesNet": -20270000, "incomeBeforeTax": 25888000, "incomeBeforeTaxRatio": 0.0922518824, "incomeTaxExpense": 7017000, "netIncome": 18871000, "netIncomeRatio": 0.0672468044, "eps": 0.39, "epsdiluted": 0.39, "weightedAverageShsOut": 47873007, "weightedAverageShsOutDil": 48706717, "link": "https://www.sec.gov/Archives/edgar/data/1084048/000108404818000003/0001084048-18-000003-index.htm", "finalLink": "https://www.sec.gov/Archives/edgar/data/1084048/000108404818000001/jcom2017123110-k.htm"}, {"date": "2017-12-31", "symbol": "JCOM", "reportedCurrency": "USD", "cik": "0001084048", "fillingDate": "2018-03-01", "acceptedDate": "2018-03-01 17:28:38", "calendarYear": "2017", "period": "Q4", "revenue": 316380000, "costOfRevenue": 45974000, "grossProfit": 270406000, "grossProfitRatio": 0.8546874012, "researchAndDevelopmentExpenses": 10267000, "generalAndAdministrativeExpenses": 91399000, "sellingAndMarketingExpenses": 92524000, "sellingGeneralAndAdministrativeExpenses": 183923000, "otherExpenses": 0, "operatingExpenses": 194190000, "costAndExpenses": 240164000, "interestIncome": 0, "interestExpense": 16371000, "depreciationAndAmortization": 43444000, "ebitda": 142355000, "ebitdaratio": 0.4499494279, "operatingIncome": 76216000, "operatingIncomeRatio": 0.2409001833, "totalOtherIncomeExpensesNet": 6324000, "incomeBeforeTax": 82540000, "incomeBeforeTaxRatio": 0.2608888046, "incomeTaxExpense": 32669000, "netIncome": 49871000, "netIncomeRatio": 0.1576300651, "eps": 1.05, "epsdiluted": 1.03, "weightedAverageShsOut": 47721700, "weightedAverageShsOutDil": 48437580, "link": "https://www.sec.gov/Archives/edgar/data/1084048/000108404818000001/0001084048-18-000001-index.htm", "finalLink": "https://www.sec.gov/Archives/edgar/data/1084048/000108404818000001/jcom2017123110-k.htm"}, {"date": "2017-09-30", "symbol": "JCOM", "reportedCurrency": "USD", "cik": "0001084048", "fillingDate": "2017-11-09", "acceptedDate": "2017-11-09 16:06:23", "calendarYear": "2017", "period": "Q3", "revenue": 273616000, "costOfRevenue": 42371000, "grossProfit": 231245000, "grossProfitRatio": 0.8451442898, "researchAndDevelopmentExpenses": 12431000, "generalAndAdministrativeExpenses": 76425000, "sellingAndMarketingExpenses": 79432000, "sellingGeneralAndAdministrativeExpenses": 155857000, "otherExpenses": 0, "operatingExpenses": 168288000, "costAndExpenses": 210659000, "interestIncome": 0, "interestExpense": 25326000, "depreciationAndAmortization": 39372000, "ebitda": 106219000, "ebitdaratio": 0.3882046372, "operatingIncome": 62957000, "operatingIncomeRatio": 0.2300925384, "totalOtherIncomeExpensesNet": -21436000, "incomeBeforeTax": 41521000, "incomeBeforeTaxRatio": 0.1517491667, "incomeTaxExpense": 9163000, "netIncome": 32358000, "netIncomeRatio": 0.118260628, "eps": 0.68, "epsdiluted": 0.67, "weightedAverageShsOut": 47609819, "weightedAverageShsOutDil": 48521082, "link": "https://www.sec.gov/Archives/edgar/data/1084048/000108404817000012/0001084048-17-000012-index.htm", "finalLink": "https://www.sec.gov/Archives/edgar/data/1084048/000108404817000012/jcom2017093010-q.htm"}, {"date": "2017-06-30", "symbol": "JCOM", "reportedCurrency": "USD", "cik": "0001084048", "fillingDate": "2017-08-09", "acceptedDate": "2017-08-08 21:37:46", "calendarYear": "2017", "period": "Q2", "revenue": 273174000, "costOfRevenue": 43159000, "grossProfit": 230015000, "grossProfitRatio": 0.8420091224, "researchAndDevelopmentExpenses": 11555000, "generalAndAdministrativeExpenses": 79038000, "sellingAndMarketingExpenses": 80862000, "sellingGeneralAndAdministrativeExpenses": 159900000, "otherExpenses": 0, "operatingExpenses": 171455000, "costAndExpenses": 214614000, "interestIncome": 0, "interestExpense": 13670000, "depreciationAndAmortization": 39902000, "ebitda": 94235000, "ebitdaratio": 0.3449632835, "operatingIncome": 58560000, "operatingIncomeRatio": 0.2143688638, "totalOtherIncomeExpensesNet": -17897000, "incomeBeforeTax": 40663000, "incomeBeforeTaxRatio": 0.1488538441, "incomeTaxExpense": 9287000, "netIncome": 31376000, "netIncomeRatio": 0.1148571972, "eps": 0.66, "epsdiluted": 0.64, "weightedAverageShsOut": 47547118, "weightedAverageShsOutDil": 48948315, "link": "https://www.sec.gov/Archives/edgar/data/1084048/000108404817000009/0001084048-17-000009-index.htm", "finalLink": "https://www.sec.gov/Archives/edgar/data/1084048/000108404817000009/jcom2017063010-q.htm"}, {"date": "2017-03-31", "symbol": "JCOM", "reportedCurrency": "USD", "cik": "0001084048", "fillingDate": "2017-05-10", "acceptedDate": "2017-05-09 21:47:21", "calendarYear": "2017", "period": "Q1", "revenue": 254669000, "costOfRevenue": 40810000, "grossProfit": 213859000, "grossProfitRatio": 0.8397527771, "researchAndDevelopmentExpenses": 11752000, "generalAndAdministrativeExpenses": 76655000, "sellingAndMarketingExpenses": 77477000, "sellingGeneralAndAdministrativeExpenses": 154132000, "otherExpenses": 0, "operatingExpenses": 165884000, "costAndExpenses": 206694000, "interestIncome": 0, "interestExpense": 12410000, "depreciationAndAmortization": 39323000, "ebitda": 86975000, "ebitdaratio": 0.34152174, "operatingIncome": 47975000, "operatingIncomeRatio": 0.1883817818, "totalOtherIncomeExpensesNet": -12733000, "incomeBeforeTax": 35242000, "incomeBeforeTaxRatio": 0.1383835488, "incomeTaxExpense": 9422000, "netIncome": 25820000, "netIncomeRatio": 0.1013865056, "eps": 0.54, "epsdiluted": 0.53, "weightedAverageShsOut": 47463231, "weightedAverageShsOutDil": 48766031, "link": "https://www.sec.gov/Archives/edgar/data/1084048/000108404817000007/0001084048-17-000007-index.htm", "finalLink": "https://www.sec.gov/Archives/edgar/data/1084048/000108404817000003/jcom2016123110-k.htm"}, {"date": "2016-12-31", "symbol": "JCOM", "reportedCurrency": "USD", "cik": "0001084048", "fillingDate": "2017-03-01", "acceptedDate": "2017-03-01 15:12:29", "calendarYear": "2016", "period": "Q4", "revenue": 251837000, "costOfRevenue": 40230000, "grossProfit": 211607000, "grossProfitRatio": 0.840253815, "researchAndDevelopmentExpenses": 10881000, "generalAndAdministrativeExpenses": 68849000, "sellingAndMarketingExpenses": 63716000, "sellingGeneralAndAdministrativeExpenses": 132565000, "otherExpenses": 0, "operatingExpenses": 143446000, "costAndExpenses": 183676000, "interestIncome": 0, "interestExpense": 10399000, "depreciationAndAmortization": 33522000, "ebitda": 102121000, "ebitdaratio": 0.405504354, "operatingIncome": 68161000, "operatingIncomeRatio": 0.2706552254, "totalOtherIncomeExpensesNet": -9961000, "incomeBeforeTax": 58200000, "incomeBeforeTaxRatio": 0.2311018635, "incomeTaxExpense": 15042000, "netIncome": 43158000, "netIncomeRatio": 0.171372753, "eps": 0.91, "epsdiluted": 0.9, "weightedAverageShsOut": 47348372, "weightedAverageShsOutDil": 47862218, "link": "https://www.sec.gov/Archives/edgar/data/1084048/000108404817000003/0001084048-17-000003-index.htm", "finalLink": "https://www.sec.gov/Archives/edgar/data/1084048/000108404817000003/jcom2016123110-k.htm"}, {"date": "2016-09-30", "symbol": "JCOM", "reportedCurrency": "USD", "cik": "0001084048", "fillingDate": "2016-11-09", "acceptedDate": "2016-11-09 16:40:45", "calendarYear": "2016", "period": "Q3", "revenue": 210116000, "costOfRevenue": 36992000, "grossProfit": 173124000, "grossProfitRatio": 0.8239448685, "researchAndDevelopmentExpenses": 8965000, "generalAndAdministrativeExpenses": 55612000, "sellingAndMarketingExpenses": 46425000, "sellingGeneralAndAdministrativeExpenses": 102037000, "otherExpenses": 0, "operatingExpenses": 111002000, "costAndExpenses": 147994000, "interestIncome": 0, "interestExpense": 10436000, "depreciationAndAmortization": 30336000, "ebitda": 102176000, "ebitdaratio": 0.4862837671, "operatingIncome": 62122000, "operatingIncomeRatio": 0.295655733, "totalOtherIncomeExpensesNet": -718000, "incomeBeforeTax": 61404000, "incomeBeforeTaxRatio": 0.292238573, "incomeTaxExpense": 15835000, "netIncome": 45569000, "netIncomeRatio": 0.2168754402, "eps": 0.96, "epsdiluted": 0.96, "weightedAverageShsOut": 47310011, "weightedAverageShsOutDil": 47494744, "link": "https://www.sec.gov/Archives/edgar/data/1084048/000108404816000026/0001084048-16-000026-index.htm", "finalLink": "https://www.sec.gov/Archives/edgar/data/1084048/000108404816000026/jcom2016093010-q.htm"}, {"date": "2016-06-30", "symbol": "JCOM", "reportedCurrency": "USD", "cik": "0001084048", "fillingDate": "2016-08-09", "acceptedDate": "2016-08-08 17:57:35", "calendarYear": "2016", "period": "Q2", "revenue": 211800000, "costOfRevenue": 35591000, "grossProfit": 176209000, "grossProfitRatio": 0.8319593957, "researchAndDevelopmentExpenses": 9213000, "generalAndAdministrativeExpenses": 59434000, "sellingAndMarketingExpenses": 48617000, "sellingGeneralAndAdministrativeExpenses": 108051000, "otherExpenses": 0, "operatingExpenses": 117264000, "costAndExpenses": 152855000, "interestIncome": 0, "interestExpense": 10301000, "depreciationAndAmortization": 31059000, "ebitda": 90217000, "ebitdaratio": 0.4259537299, "operatingIncome": 58945000, "operatingIncomeRatio": 0.2783050047, "totalOtherIncomeExpensesNet": -10088000, "incomeBeforeTax": 48857000, "incomeBeforeTaxRatio": 0.2306751653, "incomeTaxExpense": 15087000, "netIncome": 33770000, "netIncomeRatio": 0.1594428706, "eps": 0.7, "epsdiluted": 0.7, "weightedAverageShsOut": 48055783, "weightedAverageShsOutDil": 48265298, "link": "https://www.sec.gov/Archives/edgar/data/1084048/000108404816000023/0001084048-16-000023-index.htm", "finalLink": "https://www.sec.gov/Archives/edgar/data/1084048/000108404816000023/jcom2016063010-q.htm"}, {"date": "2016-03-31", "symbol": "JCOM", "reportedCurrency": "USD", "cik": "0001084048", "fillingDate": "2016-05-10", "acceptedDate": "2016-05-09 21:04:31", "calendarYear": "2016", "period": "Q1", "revenue": 200502000, "costOfRevenue": 34288000, "grossProfit": 166214000, "grossProfitRatio": 0.828989237, "researchAndDevelopmentExpenses": 8988000, "generalAndAdministrativeExpenses": 55776000, "sellingAndMarketingExpenses": 48112000, "sellingGeneralAndAdministrativeExpenses": 103888000, "otherExpenses": 0, "operatingExpenses": 112876000, "costAndExpenses": 147164000, "interestIncome": 0, "interestExpense": 10233000, "depreciationAndAmortization": 27174000, "ebitda": 80386000, "ebitdaratio": 0.4009236816, "operatingIncome": 53338000, "operatingIncomeRatio": 0.2660222841, "totalOtherIncomeExpensesNet": -10359000, "incomeBeforeTax": 42979000, "incomeBeforeTaxRatio": 0.214356964, "incomeTaxExpense": 13036000, "netIncome": 29943000, "netIncomeRatio": 0.1493401562, "eps": 0.62, "epsdiluted": 0.62, "weightedAverageShsOut": 47966718, "weightedAverageShsOutDil": 48238098, "link": "https://www.sec.gov/Archives/edgar/data/1084048/000108404816000020/0001084048-16-000020-index.htm", "finalLink": "https://www.sec.gov/Archives/edgar/data/1084048/000108404816000015/jcom2015123110-k.htm"}, {"date": "2015-12-31", "symbol": "JCOM", "reportedCurrency": "USD", "cik": "0001084048", "fillingDate": "2016-02-29", "acceptedDate": "2016-02-29 13:28:34", "calendarYear": "2015", "period": "Q4", "revenue": 204823000, "costOfRevenue": 34608000, "grossProfit": 170215000, "grossProfitRatio": 0.8310346006, "researchAndDevelopmentExpenses": 8625000, "generalAndAdministrativeExpenses": 66347000, "sellingAndMarketingExpenses": 42190000, "sellingGeneralAndAdministrativeExpenses": 108537000, "otherExpenses": 0, "operatingExpenses": 117162000, "costAndExpenses": 151770000, "interestIncome": 0, "interestExpense": 11005000, "depreciationAndAmortization": 29578000, "ebitda": 83016000, "ebitdaratio": 0.4053060447, "operatingIncome": 53053000, "operatingIncomeRatio": 0.2590187625, "totalOtherIncomeExpensesNet": -10620000, "incomeBeforeTax": 42433000, "incomeBeforeTaxRatio": 0.2071691167, "incomeTaxExpense": 6966000, "netIncome": 35467000, "netIncomeRatio": 0.1731592643, "eps": 0.74, "epsdiluted": 0.73, "weightedAverageShsOut": 47849748, "weightedAverageShsOutDil": 48772061, "link": "https://www.sec.gov/Archives/edgar/data/1084048/000108404816000015/0001084048-16-000015-index.htm", "finalLink": "https://www.sec.gov/Archives/edgar/data/1084048/000108404816000015/jcom2015123110-k.htm"}, {"date": "2015-09-30", "symbol": "JCOM", "reportedCurrency": "USD", "cik": "0001084048", "fillingDate": "2015-11-09", "acceptedDate": "2015-11-09 15:47:25", "calendarYear": "2015", "period": "Q3", "revenue": 178701000, "costOfRevenue": 30669000, "grossProfit": 148032000, "grossProfitRatio": 0.8283781288, "researchAndDevelopmentExpenses": 8289000, "generalAndAdministrativeExpenses": 45202000, "sellingAndMarketingExpenses": 38808000, "sellingGeneralAndAdministrativeExpenses": 84010000, "otherExpenses": 0, "operatingExpenses": 92299000, "costAndExpenses": 122968000, "interestIncome": 0, "interestExpense": 10259000, "depreciationAndAmortization": 20454000, "ebitda": 75101000, "ebitdaratio": 0.4202606589, "operatingIncome": 55733000, "operatingIncomeRatio": 0.311878501, "totalOtherIncomeExpensesNet": -11345000, "incomeBeforeTax": 44388000, "incomeBeforeTaxRatio": 0.2483925664, "incomeTaxExpense": 7013000, "netIncome": 37375000, "netIncomeRatio": 0.209148242, "eps": 0.78, "epsdiluted": 0.78, "weightedAverageShsOut": 47696224, "weightedAverageShsOutDil": 47953871, "link": "https://www.sec.gov/Archives/edgar/data/1084048/000108404815000013/0001084048-15-000013-index.htm", "finalLink": "https://www.sec.gov/Archives/edgar/data/1084048/000108404815000013/jcom2015093010-q.htm"}, {"date": "2015-06-30", "symbol": "JCOM", "reportedCurrency": "USD", "cik": "0001084048", "fillingDate": "2015-08-10", "acceptedDate": "2015-08-10 16:37:15", "calendarYear": "2015", "period": "Q2", "revenue": 176038000, "costOfRevenue": 29494000, "grossProfit": 146544000, "grossProfitRatio": 0.8324566287, "researchAndDevelopmentExpenses": 8969000, "generalAndAdministrativeExpenses": 47088000, "sellingAndMarketingExpenses": 40421000, "sellingGeneralAndAdministrativeExpenses": 87509000, "otherExpenses": 0, "operatingExpenses": 96478000, "costAndExpenses": 125972000, "interestIncome": 0, "interestExpense": 10881000, "depreciationAndAmortization": 21894000, "ebitda": 71872000, "ebitdaratio": 0.408275486, "operatingIncome": 50066000, "operatingIncomeRatio": 0.2844045036, "totalOtherIncomeExpensesNet": -10969000, "incomeBeforeTax": 39097000, "incomeBeforeTaxRatio": 0.2220940933, "incomeTaxExpense": 181000, "netIncome": 38916000, "netIncomeRatio": 0.2210659062, "eps": 0.82, "epsdiluted": 0.81, "weightedAverageShsOut": 47537597, "weightedAverageShsOutDil": 47853574, "link": "https://www.sec.gov/Archives/edgar/data/1084048/000108404815000009/0001084048-15-000009-index.htm", "finalLink": "https://www.sec.gov/Archives/edgar/data/1084048/000108404815000009/jcom2015063010-q.htm"}, {"date": "2015-03-31", "symbol": "JCOM", "reportedCurrency": "USD", "cik": "0001084048", "fillingDate": "2015-05-11", "acceptedDate": "2015-05-11 16:09:59", "calendarYear": "2015", "period": "Q1", "revenue": 161253000, "costOfRevenue": 28186000, "grossProfit": 133067000, "grossProfitRatio": 0.8252063528, "researchAndDevelopmentExpenses": 8447000, "generalAndAdministrativeExpenses": 46500000, "sellingAndMarketingExpenses": 37590000, "sellingGeneralAndAdministrativeExpenses": 84090000, "otherExpenses": 0, "operatingExpenses": 92537000, "costAndExpenses": 120723000, "interestIncome": 0, "interestExpense": 10313000, "depreciationAndAmortization": 21287000, "ebitda": 62601000, "ebitdaratio": 0.3882160332, "operatingIncome": 40530000, "operatingIncomeRatio": 0.251344161, "totalOtherIncomeExpensesNet": -9529000, "incomeBeforeTax": 31001000, "incomeBeforeTaxRatio": 0.1922506868, "incomeTaxExpense": 9124000, "netIncome": 21877000, "netIncomeRatio": 0.1356687938, "eps": 0.46, "epsdiluted": 0.46, "weightedAverageShsOut": 47422396, "weightedAverageShsOutDil": 47766088, "link": "https://www.sec.gov/Archives/edgar/data/1084048/000108404815000007/0001084048-15-000007-index.htm", "finalLink": "https://www.sec.gov/Archives/edgar/data/1084048/000108404815000003/jcom2014123110-k.htm"}, {"date": "2014-12-31", "symbol": "JCOM", "reportedCurrency": "USD", "cik": "0001084048", "fillingDate": "2015-03-02", "acceptedDate": "2015-03-02 16:16:47", "calendarYear": "2014", "period": "Q4", "revenue": 167144000, "costOfRevenue": 28998000, "grossProfit": 138146000, "grossProfitRatio": 0.8265088786, "researchAndDevelopmentExpenses": 8229000, "generalAndAdministrativeExpenses": 39979000, "sellingAndMarketingExpenses": 36632000, "sellingGeneralAndAdministrativeExpenses": 76611000, "otherExpenses": 0, "operatingExpenses": 84840000, "costAndExpenses": 113838000, "interestIncome": 0, "interestExpense": 10451000, "depreciationAndAmortization": 19646000, "ebitda": 72863000, "ebitdaratio": 0.4359294979, "operatingIncome": 53306000, "operatingIncomeRatio": 0.3189226057, "totalOtherIncomeExpensesNet": -10540000, "incomeBeforeTax": 42766000, "incomeBeforeTaxRatio": 0.2558632078, "incomeTaxExpense": 10012000, "netIncome": 32754000, "netIncomeRatio": 0.1959627626, "eps": 0.69, "epsdiluted": 0.69, "weightedAverageShsOut": 47146503, "weightedAverageShsOutDil": 47468841, "link": "https://www.sec.gov/Archives/edgar/data/1084048/000108404815000003/0001084048-15-000003-index.htm", "finalLink": "https://www.sec.gov/Archives/edgar/data/1084048/000108404815000003/jcom2014123110-k.htm"}, {"date": "2014-09-30", "symbol": "JCOM", "reportedCurrency": "USD", "cik": "0001084048", "fillingDate": "2014-11-10", "acceptedDate": "2014-11-07 17:38:03", "calendarYear": "2014", "period": "Q3", "revenue": 153018000, "costOfRevenue": 28044000, "grossProfit": 124974000, "grossProfitRatio": 0.8167274438, "researchAndDevelopmentExpenses": 7637000, "generalAndAdministrativeExpenses": 33812000, "sellingAndMarketingExpenses": 37047000, "sellingGeneralAndAdministrativeExpenses": 70859000, "otherExpenses": 0, "operatingExpenses": 78496000, "costAndExpenses": 106540000, "interestIncome": 0, "interestExpense": 10123000, "depreciationAndAmortization": 14852000, "ebitda": 61079000, "ebitdaratio": 0.3991621901, "operatingIncome": 46478000, "operatingIncomeRatio": 0.3037420434, "totalOtherIncomeExpensesNet": -10374000, "incomeBeforeTax": 36104000, "incomeBeforeTaxRatio": 0.2359460978, "incomeTaxExpense": 7345000, "netIncome": 28759000, "netIncomeRatio": 0.1879452091, "eps": 0.61, "epsdiluted": 0.61, "weightedAverageShsOut": 46845477, "weightedAverageShsOutDil": 47163912, "link": "https://www.sec.gov/Archives/edgar/data/1084048/000108404814000009/0001084048-14-000009-index.htm", "finalLink": "https://www.sec.gov/Archives/edgar/data/1084048/000108404814000009/jcom2014093010-q.htm"}, {"date": "2014-06-30", "symbol": "JCOM", "reportedCurrency": "USD", "cik": "0001084048", "fillingDate": "2014-08-11", "acceptedDate": "2014-08-08 17:44:07", "calendarYear": "2014", "period": "Q2", "revenue": 144744000, "costOfRevenue": 25558000, "grossProfit": 119186000, "grossProfitRatio": 0.8234261869, "researchAndDevelopmentExpenses": 7600000, "generalAndAdministrativeExpenses": 31419000, "sellingAndMarketingExpenses": 35329000, "sellingGeneralAndAdministrativeExpenses": 66748000, "otherExpenses": 0, "operatingExpenses": 74348000, "costAndExpenses": 99906000, "interestIncome": 0, "interestExpense": 5682000, "depreciationAndAmortization": 15318000, "ebitda": 60341000, "ebitdaratio": 0.4168808379, "operatingIncome": 44838000, "operatingIncomeRatio": 0.3097744984, "totalOtherIncomeExpensesNet": -5497000, "incomeBeforeTax": 39341000, "incomeBeforeTaxRatio": 0.2717971039, "incomeTaxExpense": 4292000, "netIncome": 35049000, "netIncomeRatio": 0.2421447521, "eps": 0.75, "epsdiluted": 0.74, "weightedAverageShsOut": 46745596, "weightedAverageShsOutDil": 47067767, "link": "https://www.sec.gov/Archives/edgar/data/1084048/000108404814000007/0001084048-14-000007-index.htm", "finalLink": "https://www.sec.gov/Archives/edgar/data/1084048/000108404814000007/jcom2014063010-q.htm"}, {"date": "2014-03-31", "symbol": "JCOM", "reportedCurrency": "USD", "cik": "0001084048", "fillingDate": "2014-05-09", "acceptedDate": "2014-05-09 16:40:15", "calendarYear": "2014", "period": "Q1", "revenue": 134124000, "costOfRevenue": 23388000, "grossProfit": 110736000, "grossProfitRatio": 0.8256240494, "researchAndDevelopmentExpenses": 7213000, "generalAndAdministrativeExpenses": 28979000, "sellingAndMarketingExpenses": 32959000, "sellingGeneralAndAdministrativeExpenses": 61938000, "otherExpenses": 0, "operatingExpenses": 69151000, "costAndExpenses": 92539000, "interestIncome": 0, "interestExpense": 4948000, "depreciationAndAmortization": 13137000, "ebitda": 55041000, "ebitdaratio": 0.4103739823, "operatingIncome": 41585000, "operatingIncomeRatio": 0.31004891, "totalOtherIncomeExpensesNet": -4629000, "incomeBeforeTax": 36956000, "incomeBeforeTaxRatio": 0.2755360711, "incomeTaxExpense": 8191000, "netIncome": 28765000, "netIncomeRatio": 0.2144657183, "eps": 0.62, "epsdiluted": 0.62, "weightedAverageShsOut": 46365158, "weightedAverageShsOutDil": 46765732, "link": "https://www.sec.gov/Archives/edgar/data/1084048/000108404814000004/0001084048-14-000004-index.htm", "finalLink": "https://www.sec.gov/Archives/edgar/data/1084048/000108404814000002/jcom2013123110-k.htm"}, {"date": "2013-12-31", "symbol": "JCOM", "reportedCurrency": "USD", "cik": "0001084048", "fillingDate": "2014-03-03", "acceptedDate": "2014-02-28 20:10:42", "calendarYear": "2013", "period": "Q4", "revenue": 138035000, "costOfRevenue": 22178000, "grossProfit": 115857000, "grossProfitRatio": 0.8393306046, "researchAndDevelopmentExpenses": 6351000, "generalAndAdministrativeExpenses": 27306000, "sellingAndMarketingExpenses": 31679000, "sellingGeneralAndAdministrativeExpenses": 58985000, "otherExpenses": 0, "operatingExpenses": 65336000, "costAndExpenses": 87514000, "interestIncome": 0, "interestExpense": 7145000, "depreciationAndAmortization": 11364000, "ebitda": 50010000, "ebitdaratio": 0.3622994168, "operatingIncome": 50521000, "operatingIncomeRatio": 0.3660013765, "totalOtherIncomeExpensesNet": -18617000, "incomeBeforeTax": 31904000, "incomeBeforeTaxRatio": 0.2311297859, "incomeTaxExpense": 10747000, "netIncome": 20754000, "netIncomeRatio": 0.1503531713, "eps": 0.45, "epsdiluted": 0.45, "weightedAverageShsOut": 45867769, "weightedAverageShsOutDil": 46382363, "link": "https://www.sec.gov/Archives/edgar/data/1084048/000108404814000002/0001084048-14-000002-index.htm", "finalLink": "https://www.sec.gov/Archives/edgar/data/1084048/000108404814000002/jcom2013123110-k.htm"}, {"date": "2013-09-30", "symbol": "JCOM", "reportedCurrency": "USD", "cik": "0001084048", "fillingDate": "2013-11-12", "acceptedDate": "2013-11-12 16:10:57", "calendarYear": "2013", "period": "Q3", "revenue": 127788000, "costOfRevenue": 21801000, "grossProfit": 105987000, "grossProfitRatio": 0.8293971265, "researchAndDevelopmentExpenses": 6000000, "generalAndAdministrativeExpenses": 25892000, "sellingAndMarketingExpenses": 34787000, "sellingGeneralAndAdministrativeExpenses": 60679000, "otherExpenses": 0, "operatingExpenses": 66679000, "costAndExpenses": 88480000, "interestIncome": -4576000, "interestExpense": 4576000, "depreciationAndAmortization": 10183000, "ebitda": 49670000, "ebitdaratio": 0.3886906439, "operatingIncome": 39308000, "operatingIncomeRatio": 0.3076032178, "totalOtherIncomeExpensesNet": -4576000, "incomeBeforeTax": 34732000, "incomeBeforeTaxRatio": 0.2717939087, "incomeTaxExpense": 7105000, "netIncome": 27806000, "netIncomeRatio": 0.2175947663, "eps": 0.61, "epsdiluted": 0.6, "weightedAverageShsOut": 45729171, "weightedAverageShsOutDil": 46291631, "link": "https://www.sec.gov/Archives/edgar/data/1084048/000108404813000014/0001084048-13-000014-index.htm", "finalLink": "https://www.sec.gov/Archives/edgar/data/1084048/000108404813000014/jcom2013093010-q.htm"}, {"date": "2013-06-30", "symbol": "JCOM", "reportedCurrency": "USD", "cik": "0001084048", "fillingDate": "2013-08-09", "acceptedDate": "2013-08-09 15:16:34", "calendarYear": "2013", "period": "Q2", "revenue": 141361000, "costOfRevenue": 22679000, "grossProfit": 118682000, "grossProfitRatio": 0.8395667829, "researchAndDevelopmentExpenses": 6388000, "generalAndAdministrativeExpenses": 24474000, "sellingAndMarketingExpenses": 35213000, "sellingGeneralAndAdministrativeExpenses": 59687000, "otherExpenses": 0, "operatingExpenses": 66075000, "costAndExpenses": 88754000, "interestIncome": -4817000, "interestExpense": 4817000, "depreciationAndAmortization": 9479000, "ebitda": 62159000, "ebitdaratio": 0.4397181684, "operatingIncome": 52607000, "operatingIncomeRatio": 0.3721464902, "totalOtherIncomeExpensesNet": -4817000, "incomeBeforeTax": 47790000, "incomeBeforeTaxRatio": 0.3380706135, "incomeTaxExpense": 11823000, "netIncome": 36040000, "netIncomeRatio": 0.2549500923, "eps": 0.79, "epsdiluted": 0.78, "weightedAverageShsOut": 45428230, "weightedAverageShsOutDil": 46018245, "link": "https://www.sec.gov/Archives/edgar/data/1084048/000108404813000010/0001084048-13-000010-index.htm", "finalLink": "https://www.sec.gov/Archives/edgar/data/1084048/000108404813000010/jcom2013063010-q.htm"}, {"date": "2013-03-31", "symbol": "JCOM", "reportedCurrency": "USD", "cik": "0001084048", "fillingDate": "2013-05-10", "acceptedDate": "2013-05-10 16:52:27", "calendarYear": "2013", "period": "Q1", "revenue": 113617000, "costOfRevenue": 20235000, "grossProfit": 93382000, "grossProfitRatio": 0.821901652, "researchAndDevelopmentExpenses": 6746000, "generalAndAdministrativeExpenses": 24011000, "sellingAndMarketingExpenses": 29638000, "sellingGeneralAndAdministrativeExpenses": 53649000, "otherExpenses": 0, "operatingExpenses": 60395000, "costAndExpenses": 80630000, "interestIncome": -4716000, "interestExpense": 4716000, "depreciationAndAmortization": 8762000, "ebitda": 41900000, "ebitdaratio": 0.3687828406, "operatingIncome": 32987000, "operatingIncomeRatio": 0.2903350731, "totalOtherIncomeExpensesNet": -4716000, "incomeBeforeTax": 28271000, "incomeBeforeTaxRatio": 0.2488272002, "incomeTaxExpense": 5500000, "netIncome": 22922000, "netIncomeRatio": 0.2017479779, "eps": 0.51, "epsdiluted": 0.5, "weightedAverageShsOut": 45160140, "weightedAverageShsOutDil": 45668167, "link": "https://www.sec.gov/Archives/edgar/data/1084048/000108404813000004/0001084048-13-000004-index.htm", "finalLink": "https://www.sec.gov/Archives/edgar/data/1084048/000108404813000002/jcom2012123110-k.htm"}, {"date": "2012-12-31", "symbol": "JCOM", "reportedCurrency": "USD", "cik": "0001084048", "fillingDate": "2013-03-01", "acceptedDate": "2013-03-01 16:46:51", "calendarYear": "2012", "period": "Q4", "revenue": 102033000, "costOfRevenue": 18659000, "grossProfit": 83374000, "grossProfitRatio": 0.817127792, "researchAndDevelopmentExpenses": 4826000, "generalAndAdministrativeExpenses": 17385000, "sellingAndMarketingExpenses": 18915000, "sellingGeneralAndAdministrativeExpenses": 36300000, "otherExpenses": 0, "operatingExpenses": 41126000, "costAndExpenses": 59785000, "interestIncome": 0, "interestExpense": 4583000, "depreciationAndAmortization": 6609000, "ebitda": 48774000, "ebitdaratio": 0.4780218165, "operatingIncome": 42248000, "operatingIncomeRatio": 0.4140621172, "totalOtherIncomeExpensesNet": -4583000, "incomeBeforeTax": 37665000, "incomeBeforeTaxRatio": 0.3691452765, "incomeTaxExpense": 7379000, "netIncome": 30203000, "netIncomeRatio": 0.2960120745, "eps": 0.67, "epsdiluted": 0.66, "weightedAverageShsOut": 45071204, "weightedAverageShsOutDil": 45423502, "link": "https://www.sec.gov/Archives/edgar/data/1084048/000108404813000002/0001084048-13-000002-index.htm", "finalLink": "https://www.sec.gov/Archives/edgar/data/1084048/000108404813000002/jcom2012123110-k.htm"}, {"date": "2012-09-30", "symbol": "JCOM", "reportedCurrency": "USD", "cik": "0001084048", "fillingDate": "2012-11-06", "acceptedDate": "2012-11-06 17:04:30", "calendarYear": "2012", "period": "Q3", "revenue": 93246000, "costOfRevenue": 16303000, "grossProfit": 76943000, "grossProfitRatio": 0.825161401, "researchAndDevelopmentExpenses": 4692000, "generalAndAdministrativeExpenses": 14784000, "sellingAndMarketingExpenses": 15190000, "sellingGeneralAndAdministrativeExpenses": 29974000, "otherExpenses": 0, "operatingExpenses": 34666000, "costAndExpenses": 50969000, "interestIncome": 0, "interestExpense": 0, "depreciationAndAmortization": 5358000, "ebitda": 44888000, "ebitdaratio": 0.4813933037, "operatingIncome": 42277000, "operatingIncomeRatio": 0.4533921026, "totalOtherIncomeExpensesNet": -2747000, "incomeBeforeTax": 39530000, "incomeBeforeTaxRatio": 0.4239323939, "incomeTaxExpense": 7880000, "netIncome": 31650000, "netIncomeRatio": 0.3394247474, "eps": 0.7, "epsdiluted": 0.7, "weightedAverageShsOut": 45002565, "weightedAverageShsOutDil": 45340111, "link": "https://www.sec.gov/Archives/edgar/data/1084048/000108404812000013/0001084048-12-000013-index.htm", "finalLink": "https://www.sec.gov/Archives/edgar/data/1084048/000108404812000013/jcom2012093010-q.htm"}, {"date": "2012-06-30", "symbol": "JCOM", "reportedCurrency": "USD", "cik": "0001084048", "fillingDate": "2012-08-07", "acceptedDate": "2012-08-06 20:53:43", "calendarYear": "2012", "period": "Q2", "revenue": 89465000, "costOfRevenue": 16187000, "grossProfit": 73278000, "grossProfitRatio": 0.8190689096, "researchAndDevelopmentExpenses": 4617000, "generalAndAdministrativeExpenses": 14774000, "sellingAndMarketingExpenses": 13860000, "sellingGeneralAndAdministrativeExpenses": 28634000, "otherExpenses": 0, "operatingExpenses": 33251000, "costAndExpenses": 49438000, "interestIncome": 0, "interestExpense": 0, "depreciationAndAmortization": 5271000, "ebitda": 46107000, "ebitdaratio": 0.51536355, "operatingIncome": 40027000, "operatingIncomeRatio": 0.4474040127, "totalOtherIncomeExpensesNet": 809000, "incomeBeforeTax": 40836000, "incomeBeforeTaxRatio": 0.4564466551, "incomeTaxExpense": 9648000, "netIncome": 31188000, "netIncomeRatio": 0.3486056, "eps": 0.69, "epsdiluted": 0.68, "weightedAverageShsOut": 45373930, "weightedAverageShsOutDil": 45569564, "link": "https://www.sec.gov/Archives/edgar/data/1084048/000108404812000011/0001084048-12-000011-index.htm", "finalLink": "https://www.sec.gov/Archives/edgar/data/1084048/000108404812000011/jcom2012063010-q.htm"}, {"date": "2012-03-31", "symbol": "JCOM", "reportedCurrency": "USD", "cik": "0001084048", "fillingDate": "2012-05-07", "acceptedDate": "2012-05-07 14:54:00", "calendarYear": "2012", "period": "Q1", "revenue": 86652000, "costOfRevenue": 15864000, "grossProfit": 70788000, "grossProfitRatio": 0.8169228639, "researchAndDevelopmentExpenses": 4489000, "generalAndAdministrativeExpenses": 13829000, "sellingAndMarketingExpenses": 14860000, "sellingGeneralAndAdministrativeExpenses": 28689000, "otherExpenses": 0, "operatingExpenses": 33178000, "costAndExpenses": 49042000, "interestIncome": 0, "interestExpense": 0, "depreciationAndAmortization": 4926000, "ebitda": 41817000, "ebitdaratio": 0.4825855145, "operatingIncome": 37610000, "operatingIncomeRatio": 0.4340349905, "totalOtherIncomeExpensesNet": -719000, "incomeBeforeTax": 36891000, "incomeBeforeTaxRatio": 0.4257374325, "incomeTaxExpense": 8352000, "netIncome": 28539000, "netIncomeRatio": 0.3293518903, "eps": 0.62, "epsdiluted": 0.61, "weightedAverageShsOut": 46400441, "weightedAverageShsOutDil": 46794603, "link": "https://www.sec.gov/Archives/edgar/data/1084048/000108404812000003/0001084048-12-000003-index.htm", "finalLink": "https://www.sec.gov/Archives/edgar/data/1084048/000107261312000216/form10-k_17276.htm"}, {"date": "2011-12-31", "symbol": "JCOM", "reportedCurrency": "USD", "cik": "0001084048", "fillingDate": "2012-02-28", "acceptedDate": "2012-02-27 21:36:43", "calendarYear": "2011", "period": "Q4", "revenue": 85072000, "costOfRevenue": 14661000, "grossProfit": 70411000, "grossProfitRatio": 0.8276636261, "researchAndDevelopmentExpenses": 3659000, "generalAndAdministrativeExpenses": 14120000, "sellingAndMarketingExpenses": 14137000, "sellingGeneralAndAdministrativeExpenses": 28257000, "otherExpenses": 0, "operatingExpenses": 31916000, "costAndExpenses": 46577000, "interestIncome": 0, "interestExpense": 0, "depreciationAndAmortization": 4864000, "ebitda": 44263000, "ebitdaratio": 0.5203004514, "operatingIncome": 38495000, "operatingIncomeRatio": 0.4524990596, "totalOtherIncomeExpensesNet": 904000, "incomeBeforeTax": 39399000, "incomeBeforeTaxRatio": 0.4631253526, "incomeTaxExpense": 9580000, "netIncome": 29819000, "netIncomeRatio": 0.350514858, "eps": 0.64, "epsdiluted": 0.64, "weightedAverageShsOut": 46400441, "weightedAverageShsOutDil": 46400441, "link": "https://www.sec.gov/Archives/edgar/data/1084048/000107261312000216/0001072613-12-000216-index.htm", "finalLink": "https://www.sec.gov/Archives/edgar/data/1084048/000107261312000216/form10-k_17276.htm"}, {"date": "2011-09-30", "symbol": "JCOM", "reportedCurrency": "USD", "cik": "0001084048", "fillingDate": "2011-11-08", "acceptedDate": "2011-11-08 16:35:05", "calendarYear": "2011", "period": "Q3", "revenue": 86027000, "costOfRevenue": 15002000, "grossProfit": 71025000, "grossProfitRatio": 0.825612889, "researchAndDevelopmentExpenses": 4105000, "generalAndAdministrativeExpenses": 15403000, "sellingAndMarketingExpenses": 15073000, "sellingGeneralAndAdministrativeExpenses": 30476000, "otherExpenses": 0, "operatingExpenses": 34581000, "costAndExpenses": 49583000, "interestIncome": 0, "interestExpense": 0, "depreciationAndAmortization": 4811000, "ebitda": 41545000, "ebitdaratio": 0.4829297779, "operatingIncome": 36444000, "operatingIncomeRatio": 0.4236344404, "totalOtherIncomeExpensesNet": 290000, "incomeBeforeTax": 36734000, "incomeBeforeTaxRatio": 0.427005475, "incomeTaxExpense": 11236000, "netIncome": 25498000, "netIncomeRatio": 0.2963953177, "eps": 0.55, "epsdiluted": 0.55, "weightedAverageShsOut": 45993328, "weightedAverageShsOutDil": 46455584, "link": "https://www.sec.gov/Archives/edgar/data/1084048/000107261311000819/0001072613-11-000819-index.htm", "finalLink": "https://www.sec.gov/Archives/edgar/data/1084048/000107261311000819/form10q_17202.htm"}, {"date": "2011-06-30", "symbol": "JCOM", "reportedCurrency": "USD", "cik": "0001084048", "fillingDate": "2011-08-08", "acceptedDate": "2011-08-08 14:00:54", "calendarYear": "2011", "period": "Q2", "revenue": 85676000, "costOfRevenue": 15158000, "grossProfit": 70518000, "grossProfitRatio": 0.8230776413, "researchAndDevelopmentExpenses": 3837000, "generalAndAdministrativeExpenses": 14392000, "sellingAndMarketingExpenses": 14345000, "sellingGeneralAndAdministrativeExpenses": 28737000, "otherExpenses": 0, "operatingExpenses": 32574000, "costAndExpenses": 47732000, "interestIncome": 0, "interestExpense": 0, "depreciationAndAmortization": 4972000, "ebitda": 43215000, "ebitdaratio": 0.5044002988, "operatingIncome": 37944000, "operatingIncomeRatio": 0.4428778188, "totalOtherIncomeExpensesNet": 299000, "incomeBeforeTax": 38243000, "incomeBeforeTaxRatio": 0.4463677109, "incomeTaxExpense": 9729000, "netIncome": 28514000, "netIncomeRatio": 0.3328119894, "eps": 0.63, "epsdiluted": 0.61, "weightedAverageShsOut": 45399940, "weightedAverageShsOutDil": 46723792, "link": "https://www.sec.gov/Archives/edgar/data/1084048/000107261311000632/0001072613-11-000632-index.htm", "finalLink": "https://www.sec.gov/Archives/edgar/data/1084048/000107261311000632/form10q_17162.htm"}, {"date": "2011-03-31", "symbol": "JCOM", "reportedCurrency": "USD", "cik": "0001084048", "fillingDate": "2011-05-09", "acceptedDate": "2011-05-09 16:31:31", "calendarYear": "2011", "period": "Q1", "revenue": 73384000, "costOfRevenue": 15792000, "grossProfit": 57592000, "grossProfitRatio": 0.7848032269, "researchAndDevelopmentExpenses": 4772000, "generalAndAdministrativeExpenses": 14242000, "sellingAndMarketingExpenses": 15511000, "sellingGeneralAndAdministrativeExpenses": 29753000, "otherExpenses": 0, "operatingExpenses": 34525000, "costAndExpenses": 50317000, "interestIncome": 0, "interestExpense": 0, "depreciationAndAmortization": 5109000, "ebitda": 27849000, "ebitdaratio": 0.3794968931, "operatingIncome": 23067000, "operatingIncomeRatio": 0.3143328246, "totalOtherIncomeExpensesNet": -327000, "incomeBeforeTax": 22740000, "incomeBeforeTaxRatio": 0.3098768124, "incomeTaxExpense": -8195000, "netIncome": 30935000, "netIncomeRatio": 0.4215496566, "eps": 0.69, "epsdiluted": 0.66, "weightedAverageShsOut": 45093127, "weightedAverageShsOutDil": 46558543, "link": "https://www.sec.gov/Archives/edgar/data/1084048/000107261311000453/0001072613-11-000453-index.htm", "finalLink": "https://www.sec.gov/Archives/edgar/data/1084048/000107261311000264/form10-k_17048.htm"}, {"date": "2010-12-31", "symbol": "JCOM", "reportedCurrency": "USD", "cik": "0001084048", "fillingDate": "2011-02-28", "acceptedDate": "2011-02-25 19:58:06", "calendarYear": "2010", "period": "Q4", "revenue": 71025000, "costOfRevenue": 12708000, "grossProfit": 58317000, "grossProfitRatio": 0.8210770855, "researchAndDevelopmentExpenses": 4017000, "generalAndAdministrativeExpenses": 13963000, "sellingAndMarketingExpenses": 14005000, "sellingGeneralAndAdministrativeExpenses": 27968000, "otherExpenses": 0, "operatingExpenses": 31985000, "costAndExpenses": 44693000, "interestIncome": 5068000, "interestExpense": 0, "depreciationAndAmortization": 3537000, "ebitda": 34833000, "ebitdaratio": 0.4904329461, "operatingIncome": 26332000, "operatingIncomeRatio": 0.3707426962, "totalOtherIncomeExpensesNet": 4964000, "incomeBeforeTax": 31296000, "incomeBeforeTaxRatio": 0.4406335797, "incomeTaxExpense": 4429000, "netIncome": 26867000, "netIncomeRatio": 0.3782752552, "eps": 0.6, "epsdiluted": 0.6, "weightedAverageShsOut": 45093127, "weightedAverageShsOutDil": 45093127, "link": "https://www.sec.gov/Archives/edgar/data/1084048/000107261311000264/0001072613-11-000264-index.htm", "finalLink": "https://www.sec.gov/Archives/edgar/data/1084048/000107261311000264/form10-k_17048.htm"}, {"date": "2010-09-30", "symbol": "JCOM", "reportedCurrency": "USD", "cik": "0001084048", "fillingDate": "2010-11-05", "acceptedDate": "2010-11-04 21:08:53", "calendarYear": "2010", "period": "Q3", "revenue": 62778000, "costOfRevenue": 10732000, "grossProfit": 52046000, "grossProfitRatio": 0.8290483927, "researchAndDevelopmentExpenses": 3008000, "generalAndAdministrativeExpenses": 10921000, "sellingAndMarketingExpenses": 10878000, "sellingGeneralAndAdministrativeExpenses": 21799000, "otherExpenses": 0, "operatingExpenses": 24807000, "costAndExpenses": 35539000, "interestIncome": 491000, "interestExpense": 0, "depreciationAndAmortization": 3076000, "ebitda": 30806000, "ebitdaratio": 0.4907133072, "operatingIncome": 27239000, "operatingIncomeRatio": 0.4338940393, "totalOtherIncomeExpensesNet": 491000, "incomeBeforeTax": 27730000, "incomeBeforeTaxRatio": 0.4417152506, "incomeTaxExpense": 7896000, "netIncome": 19834000, "netIncomeRatio": 0.3159387046, "eps": 0.44, "epsdiluted": 0.43, "weightedAverageShsOut": 44716366, "weightedAverageShsOutDil": 45939172, "link": "https://www.sec.gov/Archives/edgar/data/1084048/000107261310000958/0001072613-10-000958-index.htm", "finalLink": "https://www.sec.gov/Archives/edgar/data/1084048/000107261310000958/form10-q_16939.htm"}, {"date": "2010-06-30", "symbol": "JCOM", "reportedCurrency": "USD", "cik": "0001084048", "fillingDate": "2010-08-05", "acceptedDate": "2010-08-05 17:25:36", "calendarYear": "2010", "period": "Q2", "revenue": 61311000, "costOfRevenue": 10380000, "grossProfit": 50931000, "grossProfitRatio": 0.830699222, "researchAndDevelopmentExpenses": 2893000, "generalAndAdministrativeExpenses": 11848000, "sellingAndMarketingExpenses": 10297000, "sellingGeneralAndAdministrativeExpenses": 22145000, "otherExpenses": 0, "operatingExpenses": 25038000, "costAndExpenses": 35418000, "interestIncome": 1067000, "interestExpense": 0, "depreciationAndAmortization": 3929000, "ebitda": 30889000, "ebitdaratio": 0.503808452, "operatingIncome": 25893000, "operatingIncomeRatio": 0.4223222586, "totalOtherIncomeExpensesNet": 1067000, "incomeBeforeTax": 26960000, "incomeBeforeTaxRatio": 0.4397253348, "incomeTaxExpense": 8250000, "netIncome": 18710000, "netIncomeRatio": 0.3051654679, "eps": 0.42, "epsdiluted": 0.41, "weightedAverageShsOut": 44493676, "weightedAverageShsOutDil": 45808173, "link": "https://www.sec.gov/Archives/edgar/data/1084048/000107261310000712/0001072613-10-000712-index.htm", "finalLink": "https://www.sec.gov/Archives/edgar/data/1084048/000107261310000712/form10-q_16871.htm"}, {"date": "2010-03-31", "symbol": "JCOM", "reportedCurrency": "USD", "cik": "0001084048", "fillingDate": "2010-05-05", "acceptedDate": "2010-05-05 15:16:58", "calendarYear": "2010", "period": "Q1", "revenue": 60280000, "costOfRevenue": 10266000, "grossProfit": 50014000, "grossProfitRatio": 0.8296947578, "researchAndDevelopmentExpenses": 2909000, "generalAndAdministrativeExpenses": 11494000, "sellingAndMarketingExpenses": 11152000, "sellingGeneralAndAdministrativeExpenses": 22646000, "otherExpenses": 0, "operatingExpenses": 25555000, "costAndExpenses": 35821000, "interestIncome": 192000, "interestExpense": 0, "depreciationAndAmortization": 3968000, "ebitda": 28619000, "ebitdaratio": 0.4747677505, "operatingIncome": 24459000, "operatingIncomeRatio": 0.4057564698, "totalOtherIncomeExpensesNet": 192000, "incomeBeforeTax": 24651000, "incomeBeforeTaxRatio": 0.4089416058, "incomeTaxExpense": 7015000, "netIncome": 17636000, "netIncomeRatio": 0.2925680159, "eps": 0.4, "epsdiluted": 0.39, "weightedAverageShsOut": 44250521, "weightedAverageShsOutDil": 45421180, "link": "https://www.sec.gov/Archives/edgar/data/1084048/000107261310000512/0001072613-10-000512-index.htm", "finalLink": "https://www.sec.gov/Archives/edgar/data/1084048/000107261310000300/form10-k_16742.htm"}, {"date": "2009-12-31", "symbol": "JCOM", "reportedCurrency": "USD", "cik": "0001084048", "fillingDate": "2010-02-23", "acceptedDate": "2010-02-23 13:38:22", "calendarYear": "2009", "period": "Q4", "revenue": 60915000, "costOfRevenue": 10480000, "grossProfit": 50435000, "grossProfitRatio": 0.8279569892, "researchAndDevelopmentExpenses": 2972000, "generalAndAdministrativeExpenses": 11693000, "sellingAndMarketingExpenses": 9563000, "sellingGeneralAndAdministrativeExpenses": 21256000, "otherExpenses": 2442000, "operatingExpenses": 26670000, "costAndExpenses": 37150000, "interestIncome": 2623000, "interestExpense": 0, "depreciationAndAmortization": 3717000, "ebitda": 29516000, "ebitdaratio": 0.4845440368, "operatingIncome": 23765000, "operatingIncomeRatio": 0.390133793, "totalOtherIncomeExpensesNet": 2034000, "incomeBeforeTax": 25799000, "incomeBeforeTaxRatio": 0.4235245834, "incomeTaxExpense": 8095000, "netIncome": 17704000, "netIncomeRatio": 0.2906344907, "eps": 0.4, "epsdiluted": 0.4, "weightedAverageShsOut": 44250521, "weightedAverageShsOutDil": 44250521, "link": "https://www.sec.gov/Archives/edgar/data/1084048/000107261310000300/0001072613-10-000300-index.htm", "finalLink": "https://www.sec.gov/Archives/edgar/data/1084048/000107261310000300/form10-k_16742.htm"}, {"date": "2009-09-30", "symbol": "JCOM", "reportedCurrency": "USD", "cik": "0001084048", "fillingDate": "2009-11-04", "acceptedDate": "2009-11-04 17:02:46", "calendarYear": "2009", "period": "Q3", "revenue": 61801000, "costOfRevenue": 11258000, "grossProfit": 50543000, "grossProfitRatio": 0.8178346629, "researchAndDevelopmentExpenses": 2862000, "generalAndAdministrativeExpenses": 11667000, "sellingAndMarketingExpenses": 9347000, "sellingGeneralAndAdministrativeExpenses": 21014000, "otherExpenses": 0, "operatingExpenses": 23876000, "costAndExpenses": 35134000, "interestIncome": 20000, "interestExpense": 0, "depreciationAndAmortization": 3627000, "ebitda": 30314000, "ebitdaratio": 0.4905098623, "operatingIncome": 26667000, "operatingIncomeRatio": 0.4314978722, "totalOtherIncomeExpensesNet": 20000, "incomeBeforeTax": 26687000, "incomeBeforeTaxRatio": 0.4318214916, "incomeTaxExpense": 7353000, "netIncome": 19334000, "netIncomeRatio": 0.3128428343, "eps": 0.44, "epsdiluted": 0.43, "weightedAverageShsOut": 44126038, "weightedAverageShsOutDil": 45296147, "link": "https://www.sec.gov/Archives/edgar/data/1084048/000107261309001427/0001072613-09-001427-index.htm", "finalLink": "https://www.sec.gov/Archives/edgar/data/1084048/000107261309001427/form10-q_16621.htm"}, {"date": "2009-06-30", "symbol": "JCOM", "reportedCurrency": "USD", "cik": "0001084048", "fillingDate": "2009-08-05", "acceptedDate": "2009-08-05 17:12:36", "calendarYear": "2009", "period": "Q2", "revenue": 62464000, "costOfRevenue": 11600000, "grossProfit": 50864000, "grossProfitRatio": 0.8142930328, "researchAndDevelopmentExpenses": 2880000, "generalAndAdministrativeExpenses": 11209000, "sellingAndMarketingExpenses": 9211000, "sellingGeneralAndAdministrativeExpenses": 20420000, "otherExpenses": 0, "operatingExpenses": 23300000, "costAndExpenses": 34900000, "interestIncome": 315000, "interestExpense": 0, "depreciationAndAmortization": 3708000, "ebitda": 22394000, "ebitdaratio": 0.358510502, "operatingIncome": 27564000, "operatingIncomeRatio": 0.4412781762, "totalOtherIncomeExpensesNet": -8878000, "incomeBeforeTax": 18686000, "incomeBeforeTaxRatio": 0.2991483094, "incomeTaxExpense": 7549000, "netIncome": 11137000, "netIncomeRatio": 0.1782946977, "eps": 0.25, "epsdiluted": 0.25, "weightedAverageShsOut": 43762333, "weightedAverageShsOutDil": 45044005, "link": "https://www.sec.gov/Archives/edgar/data/1084048/000107261309001177/0001072613-09-001177-index.htm", "finalLink": "https://www.sec.gov/Archives/edgar/data/1084048/000107261309001177/form10-q_16533.htm"}, {"date": "2009-03-31", "symbol": "JCOM", "reportedCurrency": "USD", "cik": "0001084048", "fillingDate": "2009-05-05", "acceptedDate": "2009-05-05 17:24:07", "calendarYear": "2009", "period": "Q1", "revenue": 60391000, "costOfRevenue": 11392000, "grossProfit": 48999000, "grossProfitRatio": 0.8113626203, "researchAndDevelopmentExpenses": 2943000, "generalAndAdministrativeExpenses": 10706000, "sellingAndMarketingExpenses": 8885000, "sellingGeneralAndAdministrativeExpenses": 19591000, "otherExpenses": 0, "operatingExpenses": 22534000, "costAndExpenses": 33926000, "interestIncome": 0, "interestExpense": 0, "depreciationAndAmortization": 3655000, "ebitda": 30262000, "ebitdaratio": 0.5011011575, "operatingIncome": 26465000, "operatingIncomeRatio": 0.4382275505, "totalOtherIncomeExpensesNet": 142000, "incomeBeforeTax": 26607000, "incomeBeforeTaxRatio": 0.4405788942, "incomeTaxExpense": 7955000, "netIncome": 18652000, "netIncomeRatio": 0.3088539683, "eps": 0.43, "epsdiluted": 0.42, "weightedAverageShsOut": 43627071, "weightedAverageShsOutDil": 44728911, "link": "https://www.sec.gov/Archives/edgar/data/1084048/000107261309000833/0001072613-09-000833-index.htm", "finalLink": "https://www.sec.gov/Archives/edgar/data/1084048/000107261309000395/form10-k_16318.htm"}, {"date": "2008-12-31", "symbol": "JCOM", "reportedCurrency": "USD", "cik": "0001084048", "fillingDate": "2009-02-25", "acceptedDate": "2009-02-25 17:12:40", "calendarYear": "2008", "period": "Q4", "revenue": 60636000, "costOfRevenue": 11224000, "grossProfit": 49412000, "grossProfitRatio": 0.8148954417, "researchAndDevelopmentExpenses": 2851000, "generalAndAdministrativeExpenses": 20351000, "sellingAndMarketingExpenses": 0, "sellingGeneralAndAdministrativeExpenses": 20351000, "otherExpenses": 0, "operatingExpenses": 23202000, "costAndExpenses": 34426000, "interestIncome": 0, "interestExpense": 0, "depreciationAndAmortization": 3499000, "ebitda": 30382000, "ebitdaratio": 0.5010554786, "operatingIncome": 26210000, "operatingIncomeRatio": 0.4322514678, "totalOtherIncomeExpensesNet": 673000, "incomeBeforeTax": 26883000, "incomeBeforeTaxRatio": 0.4433504849, "incomeTaxExpense": 6607000, "netIncome": 20276000, "netIncomeRatio": 0.3343888119, "eps": 0.46, "epsdiluted": 0.46, "weightedAverageShsOut": 43627071, "weightedAverageShsOutDil": 43627071, "link": "https://www.sec.gov/Archives/edgar/data/1084048/000107261309000395/0001072613-09-000395-index.htm", "finalLink": "https://www.sec.gov/Archives/edgar/data/1084048/000107261309000395/form10-k_16318.htm"}, {"date": "2008-09-30", "symbol": "JCOM", "reportedCurrency": "USD", "cik": "0001084048", "fillingDate": "2008-11-07", "acceptedDate": "2008-11-07 16:50:57", "calendarYear": "2008", "period": "Q3", "revenue": 61552000, "costOfRevenue": 11670000, "grossProfit": 49882000, "grossProfitRatio": 0.8104042111, "researchAndDevelopmentExpenses": 3022000, "generalAndAdministrativeExpenses": 21699000, "sellingAndMarketingExpenses": 0, "sellingGeneralAndAdministrativeExpenses": 21699000, "otherExpenses": 0, "operatingExpenses": 24721000, "costAndExpenses": 36391000, "interestIncome": 0, "interestExpense": 0, "depreciationAndAmortization": 3338000, "ebitda": 30154000, "ebitdaratio": 0.4898947232, "operatingIncome": 25161000, "operatingIncomeRatio": 0.4087763192, "totalOtherIncomeExpensesNet": 1655000, "incomeBeforeTax": 26816000, "incomeBeforeTaxRatio": 0.4356641539, "incomeTaxExpense": 8054000, "netIncome": 18762000, "netIncomeRatio": 0.3048154406, "eps": 0.43, "epsdiluted": 0.42, "weightedAverageShsOut": 43479943, "weightedAverageShsOutDil": 45077671, "link": "https://www.sec.gov/Archives/edgar/data/1084048/000107261308001992/0001072613-08-001992-index.htm", "finalLink": "https://www.sec.gov/Archives/edgar/data/1084048/000107261308001992/form10-q_16154.htm"}, {"date": "2008-06-30", "symbol": "JCOM", "reportedCurrency": "USD", "cik": "0001084048", "fillingDate": "2008-08-06", "acceptedDate": "2008-08-06 17:22:05", "calendarYear": "2008", "period": "Q2", "revenue": 60677000, "costOfRevenue": 11725000, "grossProfit": 48952000, "grossProfitRatio": 0.8067636831, "researchAndDevelopmentExpenses": 3011000, "generalAndAdministrativeExpenses": 21877000, "sellingAndMarketingExpenses": 0, "sellingGeneralAndAdministrativeExpenses": 21877000, "otherExpenses": 0, "operatingExpenses": 24888000, "costAndExpenses": 36613000, "interestIncome": 0, "interestExpense": 0, "depreciationAndAmortization": 3232000, "ebitda": 27859000, "ebitdaratio": 0.4591360812, "operatingIncome": 24064000, "operatingIncomeRatio": 0.3965917893, "totalOtherIncomeExpensesNet": 563000, "incomeBeforeTax": 24627000, "incomeBeforeTaxRatio": 0.4058704287, "incomeTaxExpense": 7897000, "netIncome": 16730000, "netIncomeRatio": 0.2757222671, "eps": 0.38, "epsdiluted": 0.37, "weightedAverageShsOut": 44142748, "weightedAverageShsOutDil": 45688869, "link": "https://www.sec.gov/Archives/edgar/data/1084048/000107261308001538/0001072613-08-001538-index.htm", "finalLink": "https://www.sec.gov/Archives/edgar/data/1084048/000107261308001538/form10-q_16008.htm"}, {"date": "2008-03-31", "symbol": "JCOM", "reportedCurrency": "USD", "cik": "0001084048", "fillingDate": "2008-05-08", "acceptedDate": "2008-05-08 14:05:15", "calendarYear": "2008", "period": "Q1", "revenue": 58648000, "costOfRevenue": 11631000, "grossProfit": 47017000, "grossProfitRatio": 0.8016812168, "researchAndDevelopmentExpenses": 3147000, "generalAndAdministrativeExpenses": 21371000, "sellingAndMarketingExpenses": 0, "sellingGeneralAndAdministrativeExpenses": 21371000, "otherExpenses": 0, "operatingExpenses": 24518000, "costAndExpenses": 36149000, "interestIncome": 0, "interestExpense": 0, "depreciationAndAmortization": 3108000, "ebitda": 26935000, "ebitdaratio": 0.4592654481, "operatingIncome": 22499000, "operatingIncomeRatio": 0.3836277452, "totalOtherIncomeExpensesNet": 1328000, "incomeBeforeTax": 23827000, "incomeBeforeTaxRatio": 0.4062713136, "incomeTaxExpense": 7033000, "netIncome": 16794000, "netIncomeRatio": 0.2863524758, "eps": 0.36, "epsdiluted": 0.35, "weightedAverageShsOut": 47259118, "weightedAverageShsOutDil": 48330042, "link": "https://www.sec.gov/Archives/edgar/data/1084048/000107261308001111/0001072613-08-001111-index.htm", "finalLink": "https://www.sec.gov/Archives/edgar/data/1084048/000107261308000558/form10-k_15746.htm"}, {"date": "2007-12-31", "symbol": "JCOM", "reportedCurrency": "USD", "cik": "0001084048", "fillingDate": "2008-02-25", "acceptedDate": "2008-02-22 20:32:58", "calendarYear": "2007", "period": "Q4", "revenue": 56830000, "costOfRevenue": 11597000, "grossProfit": 45233000, "grossProfitRatio": 0.7959352455, "researchAndDevelopmentExpenses": 3099000, "generalAndAdministrativeExpenses": 20964000, "sellingAndMarketingExpenses": 0, "sellingGeneralAndAdministrativeExpenses": 20964000, "otherExpenses": 0, "operatingExpenses": 24063000, "costAndExpenses": 35660000, "interestIncome": 0, "interestExpense": 0, "depreciationAndAmortization": 2946000, "ebitda": 26430000, "ebitdaratio": 0.4650712652, "operatingIncome": 21170000, "operatingIncomeRatio": 0.372514517, "totalOtherIncomeExpensesNet": 2314000, "incomeBeforeTax": 23484000, "incomeBeforeTaxRatio": 0.4132324477, "incomeTaxExpense": 6628000, "netIncome": 16856000, "netIncomeRatio": 0.2966039064, "eps": 0.36, "epsdiluted": 0.36, "weightedAverageShsOut": 47259118, "weightedAverageShsOutDil": 47259118, "link": "https://www.sec.gov/Archives/edgar/data/1084048/000107261308000558/0001072613-08-000558-index.htm", "finalLink": "https://www.sec.gov/Archives/edgar/data/1084048/000107261308000558/form10-k_15746.htm"}, {"date": "2007-09-30", "symbol": "JCOM", "reportedCurrency": "USD", "cik": "0001084048", "fillingDate": "2007-11-09", "acceptedDate": "2007-11-09 14:05:51", "calendarYear": "2007", "period": "Q3", "revenue": 55746000, "costOfRevenue": 11168000, "grossProfit": 44578000, "grossProfitRatio": 0.7996627561, "researchAndDevelopmentExpenses": 3045000, "generalAndAdministrativeExpenses": 20260000, "sellingAndMarketingExpenses": 0, "sellingGeneralAndAdministrativeExpenses": 20260000, "otherExpenses": 0, "operatingExpenses": 23305000, "costAndExpenses": 34473000, "interestIncome": 0, "interestExpense": 0, "depreciationAndAmortization": 2618000, "ebitda": 26489000, "ebitdaratio": 0.4751731066, "operatingIncome": 21273000, "operatingIncomeRatio": 0.3816058551, "totalOtherIncomeExpensesNet": 2598000, "incomeBeforeTax": 23871000, "incomeBeforeTaxRatio": 0.4282100958, "incomeTaxExpense": 5783000, "netIncome": 18088000, "netIncomeRatio": 0.324471711, "eps": 0.37, "epsdiluted": 0.35, "weightedAverageShsOut": 49215250, "weightedAverageShsOutDil": 51075957, "link": "https://www.sec.gov/Archives/edgar/data/1084048/000107261307002665/0001072613-07-002665-index.htm", "finalLink": "https://www.sec.gov/Archives/edgar/data/1084048/000107261307002665/form10-q_15543.htm"}, {"date": "2007-06-30", "symbol": "JCOM", "reportedCurrency": "USD", "cik": "0001084048", "fillingDate": "2007-08-07", "acceptedDate": "2007-08-07 17:27:11", "calendarYear": "2007", "period": "Q2", "revenue": 53980000, "costOfRevenue": 10232000, "grossProfit": 43748000, "grossProfitRatio": 0.8104483142, "researchAndDevelopmentExpenses": 2976000, "generalAndAdministrativeExpenses": 18622000, "sellingAndMarketingExpenses": 0, "sellingGeneralAndAdministrativeExpenses": 18622000, "otherExpenses": 0, "operatingExpenses": 21598000, "costAndExpenses": 31830000, "interestIncome": 0, "interestExpense": 0, "depreciationAndAmortization": 2406000, "ebitda": 26954000, "ebitdaratio": 0.4993330863, "operatingIncome": 22150000, "operatingIncomeRatio": 0.4103371619, "totalOtherIncomeExpensesNet": 2398000, "incomeBeforeTax": 24548000, "incomeBeforeTaxRatio": 0.4547610226, "incomeTaxExpense": 7470000, "netIncome": 17078000, "netIncomeRatio": 0.3163764357, "eps": 0.35, "epsdiluted": 0.33, "weightedAverageShsOut": 49108309, "weightedAverageShsOutDil": 51007561, "link": "https://www.sec.gov/Archives/edgar/data/1084048/000107261307001780/0001072613-07-001780-index.htm", "finalLink": "https://www.sec.gov/Archives/edgar/data/1084048/000107261307001780/form10-q_15313.htm"}, {"date": "2007-03-31", "symbol": "JCOM", "reportedCurrency": "USD", "cik": "0001084048", "fillingDate": "2007-05-09", "acceptedDate": "2007-05-09 14:30:42", "calendarYear": "2007", "period": "Q1", "revenue": 54141000, "costOfRevenue": 10990000, "grossProfit": 43151000, "grossProfitRatio": 0.797011507, "researchAndDevelopmentExpenses": 2713000, "generalAndAdministrativeExpenses": 18605000, "sellingAndMarketingExpenses": 0, "sellingGeneralAndAdministrativeExpenses": 18605000, "otherExpenses": 0, "operatingExpenses": 21318000, "costAndExpenses": 32308000, "interestIncome": 0, "interestExpense": 0, "depreciationAndAmortization": 2164000, "ebitda": 25722000, "ebitdaratio": 0.4750928132, "operatingIncome": 21833000, "operatingIncomeRatio": 0.4032618533, "totalOtherIncomeExpensesNet": 1725000, "incomeBeforeTax": 23558000, "incomeBeforeTaxRatio": 0.4351231045, "incomeTaxExpense": 7119000, "netIncome": 16439000, "netIncomeRatio": 0.3036331061, "eps": 0.34, "epsdiluted": 0.32, "weightedAverageShsOut": 48822735, "weightedAverageShsOutDil": 50680093, "link": "https://www.sec.gov/Archives/edgar/data/1084048/000107261307001081/0001072613-07-001081-index.htm", "finalLink": "https://www.sec.gov/Archives/edgar/data/1084048/000107261307000654/form10-k_14988.htm"}, {"date": "2005-12-31", "symbol": "JCOM", "reportedCurrency": "USD", "cik": "0001084048", "fillingDate": "2006-03-27", "acceptedDate": "2006-03-27 17:05:09", "calendarYear": "2005", "period": "Q4", "revenue": 39143000, "costOfRevenue": 8248000, "grossProfit": 30895000, "grossProfitRatio": 0.7892854406, "researchAndDevelopmentExpenses": 1676000, "generalAndAdministrativeExpenses": 12785000, "sellingAndMarketingExpenses": 0, "sellingGeneralAndAdministrativeExpenses": 12785000, "otherExpenses": 0, "operatingExpenses": 14461000, "costAndExpenses": 22709000, "interestIncome": 0, "interestExpense": 0, "depreciationAndAmortization": 1922000, "ebitda": 19965000, "ebitdaratio": 0.510052883, "operatingIncome": 16434000, "operatingIncomeRatio": 0.419845183, "totalOtherIncomeExpensesNet": 1609000, "incomeBeforeTax": 18043000, "incomeBeforeTaxRatio": 0.4609508724, "incomeTaxExpense": 6893000, "netIncome": 11150000, "netIncomeRatio": 0.284852975, "eps": 0.23, "epsdiluted": 0.23, "weightedAverageShsOut": 49249778, "weightedAverageShsOutDil": 49249778, "link": "https://www.sec.gov/Archives/edgar/data/1084048/000107261306000694/0001072613-06-000694-index.htm", "finalLink": "https://www.sec.gov/Archives/edgar/data/1084048/000107261306000694/form10-k_14226.htm"}, {"date": "2005-09-30", "symbol": "JCOM", "reportedCurrency": "USD", "cik": "0001084048", "fillingDate": "2005-11-08", "acceptedDate": "2005-11-08 17:29:05", "calendarYear": "2005", "period": "Q3", "revenue": 37689000, "costOfRevenue": 8105000, "grossProfit": 29584000, "grossProfitRatio": 0.7849505161, "researchAndDevelopmentExpenses": 1769000, "generalAndAdministrativeExpenses": 11523000, "sellingAndMarketingExpenses": 0, "sellingGeneralAndAdministrativeExpenses": 11523000, "otherExpenses": 0, "operatingExpenses": 13292000, "costAndExpenses": 21397000, "interestIncome": 0, "interestExpense": 0, "depreciationAndAmortization": 1794000, "ebitda": 28294000, "ebitdaratio": 0.7507230226, "operatingIncome": 16292000, "operatingIncomeRatio": 0.432274669, "totalOtherIncomeExpensesNet": 10208000, "incomeBeforeTax": 26500000, "incomeBeforeTaxRatio": 0.7031229271, "incomeTaxExpense": 8311000, "netIncome": 18189000, "netIncomeRatio": 0.4826076574, "eps": 0.37, "epsdiluted": 0.36, "weightedAverageShsOut": 48739730, "weightedAverageShsOutDil": 51007272, "link": "https://www.sec.gov/Archives/edgar/data/1084048/000107261305002531/0001072613-05-002531-index.htm", "finalLink": "https://www.sec.gov/Archives/edgar/data/1084048/000107261305002531/form10-q_13926.htm"}]