[{"date": "2025-08-03", "symbol": "WSM", "reportedCurrency": "USD", "cik": "0000719955", "fillingDate": "2025-08-27", "acceptedDate": "2025-08-27 09:04:30", "calendarYear": "2025", "period": "Q2", "revenue": 1836760000, "costOfRevenue": 972137000, "grossProfit": 864623000, "grossProfitRatio": 0.4707327032, "researchAndDevelopmentExpenses": 0, "generalAndAdministrativeExpenses": 0, "sellingAndMarketingExpenses": 0, "sellingGeneralAndAdministrativeExpenses": 536564000, "otherExpenses": 0, "operatingExpenses": 536564000, "costAndExpenses": 1508701000, "interestIncome": 9080000, "interestExpense": 0, "depreciationAndAmortization": 0, "ebitda": 337139000, "ebitdaratio": 0.1835509266, "operatingIncome": 328059000, "operatingIncomeRatio": 0.1786074392, "totalOtherIncomeExpensesNet": 9080000, "incomeBeforeTax": 337139000, "incomeBeforeTaxRatio": 0.1835509266, "incomeTaxExpense": 89577000, "netIncome": 247562000, "netIncomeRatio": 0.1347818986, "eps": 2.03, "epsdiluted": 2, "weightedAverageShsOut": 122121000, "weightedAverageShsOutDil": 123595000, "link": "https://www.sec.gov/Archives/edgar/data/719955/000071995525000006/0000719955-25-000006-index.htm", "finalLink": "https://www.sec.gov/Archives/edgar/data/719955/000071995525000006/exhibit991fy2025q2earnings.htm"}, {"date": "2025-05-04", "symbol": "WSM", "reportedCurrency": "USD", "cik": "0000719955", "fillingDate": "2025-05-28", "acceptedDate": "2025-05-28 17:06:49", "calendarYear": "2025", "period": "Q1", "revenue": 1730113000, "costOfRevenue": 964304000, "grossProfit": 765809000, "grossProfitRatio": 0.4426352498, "researchAndDevelopmentExpenses": 0, "generalAndAdministrativeExpenses": 0, "sellingAndMarketingExpenses": 0, "sellingGeneralAndAdministrativeExpenses": 475096000, "otherExpenses": 0, "operatingExpenses": 475096000, "costAndExpenses": 1439400000, "interestIncome": 9533000, "interestExpense": 0, "depreciationAndAmortization": 56404000, "ebitda": 347117000, "ebitdaratio": 0.2006325598, "operatingIncome": 290713000, "operatingIncomeRatio": 0.1680312211, "totalOtherIncomeExpensesNet": 9533000, "incomeBeforeTax": 300246000, "incomeBeforeTaxRatio": 0.1735412658, "incomeTaxExpense": 68983000, "netIncome": 231263000, "netIncomeRatio": 0.1336693037, "eps": 1.88, "epsdiluted": 1.85, "weightedAverageShsOut": 123108000, "weightedAverageShsOutDil": 124789000, "link": "https://www.sec.gov/Archives/edgar/data/719955/000162828025028196/0001628280-25-028196-index.htm", "finalLink": "https://www.sec.gov/Archives/edgar/data/719955/000162828025028196/wsm-20250504.htm"}, {"date": "2025-02-02", "symbol": "WSM", "reportedCurrency": "USD", "cik": "0000719955", "fillingDate": "2025-03-27", "acceptedDate": "2025-03-26 20:27:10", "calendarYear": "2024", "period": "Q4", "revenue": 2462218000, "costOfRevenue": 1350475000, "grossProfit": 1111743000, "grossProfitRatio": 0.4515209457, "researchAndDevelopmentExpenses": 0, "generalAndAdministrativeExpenses": 0, "sellingAndMarketingExpenses": 0, "sellingGeneralAndAdministrativeExpenses": 615946000, "otherExpenses": 0, "operatingExpenses": 615946000, "costAndExpenses": 1966421000, "interestIncome": 12485000, "interestExpense": 0, "depreciationAndAmortization": 58145000, "ebitda": 553942000, "ebitdaratio": 0.2249768298, "operatingIncome": 495797000, "operatingIncomeRatio": 0.2013619428, "totalOtherIncomeExpensesNet": 12485000, "incomeBeforeTax": 508282000, "incomeBeforeTaxRatio": 0.2064325742, "incomeTaxExpense": 123395000, "netIncome": 384887000, "netIncomeRatio": 0.1563171904, "eps": 3.28, "epsdiluted": 0, "weightedAverageShsOut": 123201000, "weightedAverageShsOutDil": 125228000, "link": "https://www.sec.gov/Archives/edgar/data/719955/000162828025015037/0001628280-25-015037-index.htm", "finalLink": "https://www.sec.gov/Archives/edgar/data/719955/000162828025015037/wsm-20250202.htm"}, {"date": "2024-10-27", "symbol": "WSM", "reportedCurrency": "USD", "cik": "0000719955", "fillingDate": "2024-11-22", "acceptedDate": "2024-11-22 16:12:15", "calendarYear": "2024", "period": "Q3", "revenue": 1800668000, "costOfRevenue": 958953000, "grossProfit": 841715000, "grossProfitRatio": 0.4674459701, "researchAndDevelopmentExpenses": 0, "generalAndAdministrativeExpenses": 0, "sellingAndMarketingExpenses": 0, "sellingGeneralAndAdministrativeExpenses": 521072000, "otherExpenses": 0, "operatingExpenses": 521072000, "costAndExpenses": 1480025000, "interestIncome": 11802000, "interestExpense": 0, "depreciationAndAmortization": 58393000, "ebitda": 379036000, "ebitdaratio": 0.2104974376, "operatingIncome": 320643000, "operatingIncomeRatio": 0.1780689166, "totalOtherIncomeExpensesNet": 11802000, "incomeBeforeTax": 332445000, "incomeBeforeTaxRatio": 0.184623151, "incomeTaxExpense": 83492000, "netIncome": 248953000, "netIncomeRatio": 0.1382559139, "eps": 1.99, "epsdiluted": 1.96, "weightedAverageShsOut": 125333000, "weightedAverageShsOutDil": 126892000, "link": "https://www.sec.gov/Archives/edgar/data/719955/000162828024048978/0001628280-24-048978-index.htm", "finalLink": "https://www.sec.gov/Archives/edgar/data/719955/000162828024048978/wsm-20241027.htm"}, {"date": "2024-07-28", "symbol": "WSM", "reportedCurrency": "USD", "cik": "0000719955", "fillingDate": "2024-08-23", "acceptedDate": "2024-08-23 16:42:15", "calendarYear": "2024", "period": "Q2", "revenue": 1788307000, "costOfRevenue": 961981000, "grossProfit": 826326000, "grossProfitRatio": 0.4620716689, "researchAndDevelopmentExpenses": 0, "generalAndAdministrativeExpenses": 0, "sellingAndMarketingExpenses": 0, "sellingGeneralAndAdministrativeExpenses": 536410000, "otherExpenses": 0, "operatingExpenses": 536410000, "costAndExpenses": 1498391000, "interestIncome": 15208000, "interestExpense": 0, "depreciationAndAmortization": 56268000, "ebitda": 346184000, "ebitdaratio": 0.1935819745, "operatingIncome": 289916000, "operatingIncomeRatio": 0.1621175782, "totalOtherIncomeExpensesNet": 15208000, "incomeBeforeTax": 305124000, "incomeBeforeTaxRatio": 0.1706217109, "incomeTaxExpense": 79379000, "netIncome": 225745000, "netIncomeRatio": 0.1262339184, "eps": 1.76, "epsdiluted": 1.74, "weightedAverageShsOut": 128256000, "weightedAverageShsOutDil": 129810000, "link": "https://www.sec.gov/Archives/edgar/data/719955/000162828024038362/0001628280-24-038362-index.htm", "finalLink": "https://www.sec.gov/Archives/edgar/data/719955/000162828024038362/wsm-20240728.htm"}, {"date": "2024-04-28", "symbol": "WSM", "reportedCurrency": "USD", "cik": "0000719955", "fillingDate": "2024-05-24", "acceptedDate": "2024-05-24 16:23:26", "calendarYear": "2024", "period": "Q1", "revenue": 1660348000, "costOfRevenue": 865180000, "grossProfit": 795168000, "grossProfitRatio": 0.4789164681, "researchAndDevelopmentExpenses": 0, "generalAndAdministrativeExpenses": 0, "sellingAndMarketingExpenses": 0, "sellingGeneralAndAdministrativeExpenses": 478056000, "otherExpenses": 0, "operatingExpenses": 478056000, "costAndExpenses": 1343236000, "interestIncome": 16053000, "interestExpense": 0, "depreciationAndAmortization": 56996000, "ebitda": 374108000, "ebitdaratio": 0.2253190295, "operatingIncome": 317112000, "operatingIncomeRatio": 0.1909912862, "totalOtherIncomeExpensesNet": 16053000, "incomeBeforeTax": 333165000, "incomeBeforeTaxRatio": 0.2006597412, "incomeTaxExpense": 72749000, "netIncome": 260416000, "netIncomeRatio": 0.1568442278, "eps": 2.0688564931626328, "epsdiluted": 2.0337288524841153, "weightedAverageShsOut": 128412000, "weightedAverageShsOutDil": 130630000, "link": "https://www.sec.gov/Archives/edgar/data/719955/000162828024025227/0001628280-24-025227-index.htm", "finalLink": "https://www.sec.gov/Archives/edgar/data/719955/000162828024025227/wsm-20240428.htm"}, {"date": "2024-01-28", "symbol": "WSM", "reportedCurrency": "USD", "cik": "0000719955", "fillingDate": "2024-03-20", "acceptedDate": "2024-03-20 16:17:51", "calendarYear": "2023", "period": "Q4", "revenue": 2278937000, "costOfRevenue": 1230322000, "grossProfit": 1048615000, "grossProfitRatio": 0.4601333868, "researchAndDevelopmentExpenses": 0, "generalAndAdministrativeExpenses": 0, "sellingAndMarketingExpenses": 0, "sellingGeneralAndAdministrativeExpenses": 590524000, "otherExpenses": 0, "operatingExpenses": 590524000, "costAndExpenses": 1820846000, "interestIncome": 13147000, "interestExpense": 0, "depreciationAndAmortization": 66563000, "ebitda": 524654000, "ebitdaratio": 0.2302187379, "operatingIncome": 458091000, "operatingIncomeRatio": 0.2010108222, "totalOtherIncomeExpensesNet": 13147000, "incomeBeforeTax": 471238000, "incomeBeforeTaxRatio": 0.2067797399, "incomeTaxExpense": 116799000, "netIncome": 354439000, "netIncomeRatio": 0.1555282134, "eps": 2.76288137442901, "epsdiluted": 2.720301779053525, "weightedAverageShsOut": 128286000, "weightedAverageShsOutDil": 130294000, "link": "https://www.sec.gov/Archives/edgar/data/719955/000162828024012221/0001628280-24-012221-index.htm", "finalLink": "https://www.sec.gov/Archives/edgar/data/719955/000162828024012221/wsm-20240128.htm"}, {"date": "2023-10-29", "symbol": "WSM", "reportedCurrency": "USD", "cik": "0000719955", "fillingDate": "2023-11-28", "acceptedDate": "2023-11-28 16:31:53", "calendarYear": "2023", "period": "Q3", "revenue": 1853650000, "costOfRevenue": 1031290000, "grossProfit": 822360000, "grossProfitRatio": 0.443643622, "researchAndDevelopmentExpenses": 0, "generalAndAdministrativeExpenses": 0, "sellingAndMarketingExpenses": 0, "sellingGeneralAndAdministrativeExpenses": 507283000, "otherExpenses": 0, "operatingExpenses": 507283000, "costAndExpenses": 1538573000, "interestIncome": 7182000, "interestExpense": 0, "depreciationAndAmortization": 55184000, "ebitda": 370261000, "ebitdaratio": 0.1997469857, "operatingIncome": 315077000, "operatingIncomeRatio": 0.1699765328, "totalOtherIncomeExpensesNet": 7182000, "incomeBeforeTax": 322259000, "incomeBeforeTaxRatio": 0.1738510506, "incomeTaxExpense": 84974000, "netIncome": 237285000, "netIncomeRatio": 0.1280096027, "eps": 1.8496851025799803, "epsdiluted": 1.8316376941365362, "weightedAverageShsOut": 128283998, "weightedAverageShsOutDil": 129548000, "link": "https://www.sec.gov/Archives/edgar/data/719955/000162828023040136/0001628280-23-040136-index.htm", "finalLink": "https://www.sec.gov/Archives/edgar/data/719955/000162828023040136/wsm-20231029.htm"}, {"date": "2023-07-30", "symbol": "WSM", "reportedCurrency": "USD", "cik": "0000719955", "fillingDate": "2023-09-01", "acceptedDate": "2023-09-01 16:13:21", "calendarYear": "2023", "period": "Q2", "revenue": 1862614000, "costOfRevenue": 1105047000, "grossProfit": 757567000, "grossProfitRatio": 0.4067224879, "researchAndDevelopmentExpenses": 0, "generalAndAdministrativeExpenses": 0, "sellingAndMarketingExpenses": 0, "sellingGeneralAndAdministrativeExpenses": 486019000, "otherExpenses": 0, "operatingExpenses": 486019000, "costAndExpenses": 1591066000, "interestIncome": 3335000, "interestExpense": 0, "depreciationAndAmortization": 55241000, "ebitda": 326789000, "ebitdaratio": 0.1754464425, "operatingIncome": 271548000, "operatingIncomeRatio": 0.1457886605, "totalOtherIncomeExpensesNet": 3335000, "incomeBeforeTax": 274883000, "incomeBeforeTaxRatio": 0.1475791549, "incomeTaxExpense": 73376000, "netIncome": 201507000, "netIncomeRatio": 0.1081850561, "eps": 1.570274145535589, "epsdiluted": 1.5614403738251306, "weightedAverageShsOut": 128326000, "weightedAverageShsOutDil": 129051998, "link": "https://www.sec.gov/Archives/edgar/data/719955/000162828023031270/0001628280-23-031270-index.htm", "finalLink": "https://www.sec.gov/Archives/edgar/data/719955/000162828023031270/wsm-20230730.htm"}, {"date": "2023-04-30", "symbol": "WSM", "reportedCurrency": "USD", "cik": "0000719955", "fillingDate": "2023-05-26", "acceptedDate": "2023-05-26 16:46:28", "calendarYear": "2023", "period": "Q1", "revenue": 1755451000, "costOfRevenue": 1080392000, "grossProfit": 675059000, "grossProfitRatio": 0.3845501811, "researchAndDevelopmentExpenses": 0, "generalAndAdministrativeExpenses": 0, "sellingAndMarketingExpenses": 0, "sellingGeneralAndAdministrativeExpenses": 475582000, "otherExpenses": 0, "operatingExpenses": 475582000, "costAndExpenses": 1555974000, "interestIncome": 5498000, "interestExpense": 0, "depreciationAndAmortization": 55602000, "ebitda": 255079000, "ebitdaratio": 0.1453068186, "operatingIncome": 199477000, "operatingIncomeRatio": 0.1136329069, "totalOtherIncomeExpensesNet": 5498000, "incomeBeforeTax": 204975000, "incomeBeforeTaxRatio": 0.1167648656, "incomeTaxExpense": 48444000, "netIncome": 156531000, "netIncomeRatio": 0.0891685385, "eps": 1.19, "epsdiluted": 1.18, "weightedAverageShsOut": 131698000, "weightedAverageShsOutDil": 133392000, "link": "https://www.sec.gov/Archives/edgar/data/719955/000162828023019968/0001628280-23-019968-index.htm", "finalLink": "https://www.sec.gov/Archives/edgar/data/719955/000162828023019968/wsm-20230430.htm"}, {"date": "2023-01-29", "symbol": "WSM", "reportedCurrency": "USD", "cik": "0000719955", "fillingDate": "2023-03-24", "acceptedDate": "2023-03-24 17:18:59", "calendarYear": "2022", "period": "Q4", "revenue": 2453079000, "costOfRevenue": 1443229000, "grossProfit": 1009850000, "grossProfitRatio": 0.4116663181, "researchAndDevelopmentExpenses": 0, "generalAndAdministrativeExpenses": 0, "sellingAndMarketingExpenses": 0, "sellingGeneralAndAdministrativeExpenses": 540063000, "otherExpenses": 0, "operatingExpenses": 540063000, "costAndExpenses": 1983292000, "interestIncome": 1383000, "interestExpense": 0, "depreciationAndAmortization": 56743000, "ebitda": 526530000, "ebitdaratio": 0.214640458, "operatingIncome": 469787000, "operatingIncomeRatio": 0.1915091198, "totalOtherIncomeExpensesNet": 1383000, "incomeBeforeTax": 471170000, "incomeBeforeTaxRatio": 0.192072901, "incomeTaxExpense": 116177000, "netIncome": 354993000, "netIncomeRatio": 0.1447132359, "eps": 2.68, "epsdiluted": 2.64, "weightedAverageShsOut": 132698000, "weightedAverageShsOutDil": 134402000, "link": "https://www.sec.gov/Archives/edgar/data/719955/000162828023009175/0001628280-23-009175-index.htm", "finalLink": "https://www.sec.gov/Archives/edgar/data/719955/000162828023009175/wsm-20230129.htm"}, {"date": "2022-10-30", "symbol": "WSM", "reportedCurrency": "USD", "cik": "0000719955", "fillingDate": "2022-12-02", "acceptedDate": "2022-12-02 17:11:57", "calendarYear": "2022", "period": "Q3", "revenue": 2192574000, "costOfRevenue": 1282048000, "grossProfit": 910526000, "grossProfitRatio": 0.4152772039, "researchAndDevelopmentExpenses": 0, "generalAndAdministrativeExpenses": 0, "sellingAndMarketingExpenses": 0, "sellingGeneralAndAdministrativeExpenses": 570893000, "otherExpenses": 0, "operatingExpenses": 570893000, "costAndExpenses": 1852941000, "interestIncome": 370000, "interestExpense": 0, "depreciationAndAmortization": 54955000, "ebitda": 394588000, "ebitdaratio": 0.1799656477, "operatingIncome": 339633000, "operatingIncomeRatio": 0.1549014993, "totalOtherIncomeExpensesNet": 370000, "incomeBeforeTax": 340003000, "incomeBeforeTaxRatio": 0.1550702508, "incomeTaxExpense": 88280000, "netIncome": 251723000, "netIncomeRatio": 0.1148070715, "eps": 1.8868658834082797, "epsdiluted": 1.8613884082405312, "weightedAverageShsOut": 133407998, "weightedAverageShsOutDil": 135234000, "link": "https://www.sec.gov/Archives/edgar/data/719955/000162828022031309/0001628280-22-031309-index.htm", "finalLink": "https://www.sec.gov/Archives/edgar/data/719955/000162828022031309/wsm-20221030.htm"}, {"date": "2022-07-31", "symbol": "WSM", "reportedCurrency": "USD", "cik": "0000719955", "fillingDate": "2022-09-02", "acceptedDate": "2022-09-02 16:47:34", "calendarYear": "2022", "period": "Q2", "revenue": 2137537000, "costOfRevenue": 1208728000, "grossProfit": 928809000, "grossProfitRatio": 0.4345230047, "researchAndDevelopmentExpenses": 0, "generalAndAdministrativeExpenses": 0, "sellingAndMarketingExpenses": 0, "sellingGeneralAndAdministrativeExpenses": 563288000, "otherExpenses": 0, "operatingExpenses": 563288000, "costAndExpenses": 1772016000, "interestIncome": 344000, "interestExpense": 0, "depreciationAndAmortization": 52204000, "ebitda": 417725000, "ebitdaratio": 0.1954235178, "operatingIncome": 365521000, "operatingIncomeRatio": 0.1710010166, "totalOtherIncomeExpensesNet": 344000, "incomeBeforeTax": 365865000, "incomeBeforeTaxRatio": 0.1711619495, "incomeTaxExpense": 98790000, "netIncome": 267075000, "netIncomeRatio": 0.1249452056, "eps": 1.9586022293927838, "epsdiluted": 1.9330568463108524, "weightedAverageShsOut": 136360000, "weightedAverageShsOutDil": 138162000, "link": "https://www.sec.gov/Archives/edgar/data/719955/000162828022024296/0001628280-22-024296-index.htm", "finalLink": "https://www.sec.gov/Archives/edgar/data/719955/000162828022024296/wsm-20220731.htm"}, {"date": "2022-05-01", "symbol": "WSM", "reportedCurrency": "USD", "cik": "0000719955", "fillingDate": "2022-06-02", "acceptedDate": "2022-06-01 20:29:32", "calendarYear": "2022", "period": "Q1", "revenue": 1891227000, "costOfRevenue": 1062679000, "grossProfit": 828548000, "grossProfitRatio": 0.4381007674, "researchAndDevelopmentExpenses": 0, "generalAndAdministrativeExpenses": 0, "sellingAndMarketingExpenses": 0, "sellingGeneralAndAdministrativeExpenses": 505067000, "otherExpenses": 0, "operatingExpenses": 505067000, "costAndExpenses": 1567746000, "interestIncome": 163000, "interestExpense": 0, "depreciationAndAmortization": 50251000, "ebitda": 373732000, "ebitdaratio": 0.197613507, "operatingIncome": 323481000, "operatingIncomeRatio": 0.1710429261, "totalOtherIncomeExpensesNet": 163000, "incomeBeforeTax": 323644000, "incomeBeforeTaxRatio": 0.1711291135, "incomeTaxExpense": 69531000, "netIncome": 254113000, "netIncomeRatio": 0.1343640927, "eps": 1.7932915555179179, "epsdiluted": 1.7488369212134558, "weightedAverageShsOut": 141702000, "weightedAverageShsOutDil": 145304000, "link": "https://www.sec.gov/Archives/edgar/data/719955/000162828022015963/0001628280-22-015963-index.htm", "finalLink": "https://www.sec.gov/Archives/edgar/data/719955/000162828022015963/wsm-20220501.htm"}, {"date": "2022-01-30", "symbol": "WSM", "reportedCurrency": "USD", "cik": "0000719955", "fillingDate": "2022-03-28", "acceptedDate": "2022-03-28 17:26:27", "calendarYear": "2021", "period": "Q4", "revenue": 2501029000, "costOfRevenue": 1375792000, "grossProfit": 1125237000, "grossProfitRatio": 0.4499096172, "researchAndDevelopmentExpenses": 0, "generalAndAdministrativeExpenses": 0, "sellingAndMarketingExpenses": 0, "sellingGeneralAndAdministrativeExpenses": 600665000, "otherExpenses": 0, "operatingExpenses": 600665000, "costAndExpenses": 1976457000, "interestIncome": 89000, "interestExpense": 0, "depreciationAndAmortization": 50190000, "ebitda": 574762000, "ebitdaratio": 0.2298102101, "operatingIncome": 524572000, "operatingIncomeRatio": 0.20974247, "totalOtherIncomeExpensesNet": 89000, "incomeBeforeTax": 524661000, "incomeBeforeTaxRatio": 0.2097780554, "incomeTaxExpense": 121720000, "netIncome": 402941000, "netIncomeRatio": 0.1611100871, "eps": 2.7222064585866774, "epsdiluted": 2.652917319568624, "weightedAverageShsOut": 148020000, "weightedAverageShsOutDil": 151886000, "link": "https://www.sec.gov/Archives/edgar/data/719955/000162828022007494/0001628280-22-007494-index.htm", "finalLink": "https://www.sec.gov/Archives/edgar/data/719955/000162828022007494/wsm-20220130.htm"}, {"date": "2021-10-31", "symbol": "WSM", "reportedCurrency": "USD", "cik": "0000719955", "fillingDate": "2021-12-06", "acceptedDate": "2021-12-06 17:07:43", "calendarYear": "2021", "period": "Q3", "revenue": 2047539000, "costOfRevenue": 1152054000, "grossProfit": 895485000, "grossProfitRatio": 0.4373469809, "researchAndDevelopmentExpenses": 0, "generalAndAdministrativeExpenses": 0, "sellingAndMarketingExpenses": 0, "sellingGeneralAndAdministrativeExpenses": 565218000, "otherExpenses": 0, "operatingExpenses": 565218000, "costAndExpenses": 1717272000, "interestIncome": 0, "interestExpense": 121000, "depreciationAndAmortization": 49210000, "ebitda": 379477000, "ebitdaratio": 0.185333222, "operatingIncome": 330267000, "operatingIncomeRatio": 0.1612994917, "totalOtherIncomeExpensesNet": -121000, "incomeBeforeTax": 330146000, "incomeBeforeTaxRatio": 0.1612403964, "incomeTaxExpense": 80622000, "netIncome": 249524000, "netIncomeRatio": 0.1218653222, "eps": 1.6857451695716794, "epsdiluted": 1.6428373912012957, "weightedAverageShsOut": 148020000, "weightedAverageShsOutDil": 151886000, "link": "https://www.sec.gov/Archives/edgar/data/719955/000162828021024590/0001628280-21-024590-index.htm", "finalLink": "https://www.sec.gov/Archives/edgar/data/719955/000162828021024590/wsm-20211031.htm"}, {"date": "2021-08-01", "symbol": "WSM", "reportedCurrency": "USD", "cik": "0000719955", "fillingDate": "2021-09-09", "acceptedDate": "2021-09-09 16:38:25", "calendarYear": "2021", "period": "Q2", "revenue": 1948339000, "costOfRevenue": 1089951000, "grossProfit": 858388000, "grossProfitRatio": 0.4405742532, "researchAndDevelopmentExpenses": 0, "generalAndAdministrativeExpenses": 0, "sellingAndMarketingExpenses": 0, "sellingGeneralAndAdministrativeExpenses": 535288000, "otherExpenses": 0, "operatingExpenses": 535288000, "costAndExpenses": 1625239000, "interestIncome": 39000, "interestExpense": 0, "depreciationAndAmortization": 48765000, "ebitda": 371865000, "ebitdaratio": 0.1908625758, "operatingIncome": 323100000, "operatingIncomeRatio": 0.1658335639, "totalOtherIncomeExpensesNet": 39000, "incomeBeforeTax": 323139000, "incomeBeforeTaxRatio": 0.1658535809, "incomeTaxExpense": 77069000, "netIncome": 246070000, "netIncomeRatio": 0.126297323, "eps": 1.6451608589843019, "epsdiluted": 1.6065366133918313, "weightedAverageShsOut": 149572000, "weightedAverageShsOutDil": 153168000, "link": "https://www.sec.gov/Archives/edgar/data/719955/000162828021018335/0001628280-21-018335-index.htm", "finalLink": "https://www.sec.gov/Archives/edgar/data/719955/000162828021018335/wsm-20210801.htm"}, {"date": "2021-05-02", "symbol": "WSM", "reportedCurrency": "USD", "cik": "0000719955", "fillingDate": "2021-06-09", "acceptedDate": "2021-06-09 17:10:59", "calendarYear": "2021", "period": "Q1", "revenue": 1749029000, "costOfRevenue": 996176000, "grossProfit": 752853000, "grossProfitRatio": 0.4304405473, "researchAndDevelopmentExpenses": 0, "generalAndAdministrativeExpenses": 0, "sellingAndMarketingExpenses": 0, "sellingGeneralAndAdministrativeExpenses": 477676000, "otherExpenses": 0, "operatingExpenses": 477676000, "costAndExpenses": 1473852000, "interestIncome": 0, "interestExpense": 1872000, "depreciationAndAmortization": 47922000, "ebitda": 323099000, "ebitdaratio": 0.184730499, "operatingIncome": 275177000, "operatingIncomeRatio": 0.1573312964, "totalOtherIncomeExpensesNet": -1872000, "incomeBeforeTax": 273305000, "incomeBeforeTaxRatio": 0.1562609882, "incomeTaxExpense": 45503000, "netIncome": 227802000, "netIncomeRatio": 0.1302448387, "eps": 1.5026517150395777, "epsdiluted": 1.4512454609160985, "weightedAverageShsOut": 151600000, "weightedAverageShsOutDil": 156970000, "link": "https://www.sec.gov/Archives/edgar/data/719955/000071995521000007/0000719955-21-000007-index.htm", "finalLink": "https://www.sec.gov/Archives/edgar/data/719955/000071995521000007/wsm-20210502.htm"}, {"date": "2021-01-31", "symbol": "WSM", "reportedCurrency": "USD", "cik": "0000719955", "fillingDate": "2021-03-30", "acceptedDate": "2021-03-30 16:54:04", "calendarYear": "2020", "period": "Q4", "revenue": 2292673000, "costOfRevenue": 1327449000, "grossProfit": 965224000, "grossProfitRatio": 0.4210037803, "researchAndDevelopmentExpenses": 0, "generalAndAdministrativeExpenses": 0, "sellingAndMarketingExpenses": 0, "sellingGeneralAndAdministrativeExpenses": 563137000, "otherExpenses": 0, "operatingExpenses": 563137000, "costAndExpenses": 1890586000, "interestIncome": 0, "interestExpense": 2264000, "depreciationAndAmortization": 48315000, "ebitda": 450402000, "ebitdaratio": 0.1964527868, "operatingIncome": 402087000, "operatingIncomeRatio": 0.1753791317, "totalOtherIncomeExpensesNet": -2264000, "incomeBeforeTax": 399823000, "incomeBeforeTaxRatio": 0.1743916381, "incomeTaxExpense": 90868000, "netIncome": 308955000, "netIncomeRatio": 0.1347575516, "eps": 2.0191289685911094, "epsdiluted": 1.959255501300019, "weightedAverageShsOut": 153014000, "weightedAverageShsOutDil": 157690000, "link": "https://www.sec.gov/Archives/edgar/data/719955/000119312521100319/0001193125-21-100319-index.htm", "finalLink": "https://www.sec.gov/Archives/edgar/data/719955/000119312521100319/d93631d10k.htm"}, {"date": "2020-11-01", "symbol": "WSM", "reportedCurrency": "USD", "cik": "0000719955", "fillingDate": "2020-12-07", "acceptedDate": "2020-12-04 19:46:54", "calendarYear": "2020", "period": "Q3", "revenue": 1764536000, "costOfRevenue": 1058953000, "grossProfit": 705583000, "grossProfitRatio": 0.3998688607, "researchAndDevelopmentExpenses": 0, "generalAndAdministrativeExpenses": 0, "sellingAndMarketingExpenses": 0, "sellingGeneralAndAdministrativeExpenses": 430979000, "otherExpenses": 0, "operatingExpenses": 430979000, "costAndExpenses": 1489932000, "interestIncome": 0, "interestExpense": 5344000, "depreciationAndAmortization": 47220000, "ebitda": 321824000, "ebitdaratio": 0.1823844909, "operatingIncome": 274604000, "operatingIncomeRatio": 0.1556239147, "totalOtherIncomeExpensesNet": -5344000, "incomeBeforeTax": 269260000, "incomeBeforeTaxRatio": 0.1525953565, "incomeTaxExpense": 67488000, "netIncome": 201772000, "netIncomeRatio": 0.1143484746, "eps": 1.3019732342199337, "epsdiluted": 1.271693641909948, "weightedAverageShsOut": 154974000, "weightedAverageShsOutDil": 158664000, "link": "https://www.sec.gov/Archives/edgar/data/719955/000119312520310847/0001193125-20-310847-index.htm", "finalLink": "https://www.sec.gov/Archives/edgar/data/719955/000119312520310847/d97689d10q.htm"}, {"date": "2020-08-02", "symbol": "WSM", "reportedCurrency": "USD", "cik": "0000719955", "fillingDate": "2020-09-09", "acceptedDate": "2020-09-09 16:35:41", "calendarYear": "2020", "period": "Q2", "revenue": 1490777000, "costOfRevenue": 939575000, "grossProfit": 551202000, "grossProfitRatio": 0.3697414167, "researchAndDevelopmentExpenses": 0, "generalAndAdministrativeExpenses": 0, "sellingAndMarketingExpenses": 0, "sellingGeneralAndAdministrativeExpenses": 365841000, "otherExpenses": 0, "operatingExpenses": 365841000, "costAndExpenses": 1305416000, "interestIncome": 0, "interestExpense": 6464000, "depreciationAndAmortization": 46896000, "ebitda": 232257000, "ebitdaratio": 0.1557959373, "operatingIncome": 185361000, "operatingIncomeRatio": 0.1243385161, "totalOtherIncomeExpensesNet": -6464000, "incomeBeforeTax": 178897000, "incomeBeforeTaxRatio": 0.1200025222, "incomeTaxExpense": 44333000, "netIncome": 134564000, "netIncomeRatio": 0.0902643387, "eps": 0.8649962073975033, "epsdiluted": 0.8488342753330642, "weightedAverageShsOut": 155566000, "weightedAverageShsOutDil": 158528000, "link": "https://www.sec.gov/Archives/edgar/data/719955/000119312520242226/0001193125-20-242226-index.htm", "finalLink": "https://www.sec.gov/Archives/edgar/data/719955/000119312520242226/d87421d10q.htm"}, {"date": "2020-05-03", "symbol": "WSM", "reportedCurrency": "USD", "cik": "0000719955", "fillingDate": "2020-06-08", "acceptedDate": "2020-06-05 19:56:12", "calendarYear": "2020", "period": "Q1", "revenue": 1235203000, "costOfRevenue": 820943000, "grossProfit": 414260000, "grossProfitRatio": 0.3353780715, "researchAndDevelopmentExpenses": 0, "generalAndAdministrativeExpenses": 0, "sellingAndMarketingExpenses": 0, "sellingGeneralAndAdministrativeExpenses": 365615000, "otherExpenses": 0, "operatingExpenses": 365615000, "costAndExpenses": 1186558000, "interestIncome": 0, "interestExpense": 2159000, "depreciationAndAmortization": 46224000, "ebitda": 94869000, "ebitdaratio": 0.0768043795, "operatingIncome": 48645000, "operatingIncomeRatio": 0.0393821906, "totalOtherIncomeExpensesNet": -2159000, "incomeBeforeTax": 46486000, "incomeBeforeTaxRatio": 0.0376342998, "incomeTaxExpense": 11063000, "netIncome": 35423000, "netIncomeRatio": 0.0286778772, "eps": 0.22923947089125313, "epsdiluted": 0.22591487136315513, "weightedAverageShsOut": 154524000, "weightedAverageShsOutDil": 156798000, "link": "https://www.sec.gov/Archives/edgar/data/719955/000119312520162400/0001193125-20-162400-index.htm", "finalLink": "https://www.sec.gov/Archives/edgar/data/719955/000119312520162400/d919457d10q.htm"}, {"date": "2020-02-02", "symbol": "WSM", "reportedCurrency": "USD", "cik": "0000719955", "fillingDate": "2020-03-27", "acceptedDate": "2020-03-27 17:10:26", "calendarYear": "2019", "period": "Q4", "revenue": 1843590000, "costOfRevenue": 1150862000, "grossProfit": 692728000, "grossProfitRatio": 0.3757494888, "researchAndDevelopmentExpenses": 0, "generalAndAdministrativeExpenses": 0, "sellingAndMarketingExpenses": 0, "sellingGeneralAndAdministrativeExpenses": 489042000, "otherExpenses": 0, "operatingExpenses": 489042000, "costAndExpenses": 1639904000, "interestIncome": 0, "interestExpense": 0, "depreciationAndAmortization": 47264000, "ebitda": 250950000, "ebitdaratio": 0.136120287, "operatingIncome": 203686000, "operatingIncomeRatio": 0.1104833504, "totalOtherIncomeExpensesNet": -1367000, "incomeBeforeTax": 202319000, "incomeBeforeTaxRatio": 0.1097418623, "incomeTaxExpense": 36274000, "netIncome": 166045000, "netIncomeRatio": 0.090066121, "eps": 1.0731412543301795, "epsdiluted": 1.0520896695052717, "weightedAverageShsOut": 154728000, "weightedAverageShsOutDil": 157824000, "link": "https://www.sec.gov/Archives/edgar/data/719955/000119312520088937/0001193125-20-088937-index.htm", "finalLink": "https://www.sec.gov/Archives/edgar/data/719955/000119312520088937/d856872d10k.htm"}, {"date": "2019-11-03", "symbol": "WSM", "reportedCurrency": "USD", "cik": "0000719955", "fillingDate": "2019-12-12", "acceptedDate": "2019-12-12 16:41:25", "calendarYear": "2019", "period": "Q3", "revenue": 1442472000, "costOfRevenue": 924300000, "grossProfit": 518172000, "grossProfitRatio": 0.3592249971, "researchAndDevelopmentExpenses": 0, "generalAndAdministrativeExpenses": 0, "sellingAndMarketingExpenses": 0, "sellingGeneralAndAdministrativeExpenses": 416281000, "otherExpenses": 0, "operatingExpenses": 416281000, "costAndExpenses": 1340581000, "interestIncome": 0, "interestExpense": 2564000, "depreciationAndAmortization": 46751000, "ebitda": 148642000, "ebitdaratio": 0.1030467143, "operatingIncome": 101891000, "operatingIncomeRatio": 0.0706363798, "totalOtherIncomeExpensesNet": -2564000, "incomeBeforeTax": 99327000, "incomeBeforeTaxRatio": 0.0688588756, "incomeTaxExpense": 24614000, "netIncome": 74713000, "netIncomeRatio": 0.0517951128, "eps": 0.4795627559469556, "epsdiluted": 0.4717265850917402, "weightedAverageShsOut": 155794000, "weightedAverageShsOutDil": 158382000, "link": "https://www.sec.gov/Archives/edgar/data/719955/000119312519312802/0001193125-19-312802-index.htm", "finalLink": "https://www.sec.gov/Archives/edgar/data/719955/000119312519312802/d813200d10q.htm"}, {"date": "2019-08-04", "symbol": "WSM", "reportedCurrency": "USD", "cik": "0000719955", "fillingDate": "2019-09-12", "acceptedDate": "2019-09-12 17:24:22", "calendarYear": "2019", "period": "Q2", "revenue": 1370814000, "costOfRevenue": 886953000, "grossProfit": 483861000, "grossProfitRatio": 0.3529734887, "researchAndDevelopmentExpenses": 0, "generalAndAdministrativeExpenses": 0, "sellingAndMarketingExpenses": 0, "sellingGeneralAndAdministrativeExpenses": 397696000, "otherExpenses": 0, "operatingExpenses": 397696000, "costAndExpenses": 1284649000, "interestIncome": 0, "interestExpense": 2669000, "depreciationAndAmortization": 46906000, "ebitda": 133071000, "ebitdaratio": 0.097074439, "operatingIncome": 86165000, "operatingIncomeRatio": 0.0628568135, "totalOtherIncomeExpensesNet": -2669000, "incomeBeforeTax": 83496000, "incomeBeforeTaxRatio": 0.0609097952, "incomeTaxExpense": 20848000, "netIncome": 62648000, "netIncomeRatio": 0.0457013132, "eps": 0.3990928549587198, "epsdiluted": 0.3941613187366302, "weightedAverageShsOut": 156976000, "weightedAverageShsOutDil": 158940000, "link": "https://www.sec.gov/Archives/edgar/data/719955/000119312519244032/0001193125-19-244032-index.htm", "finalLink": "https://www.sec.gov/Archives/edgar/data/719955/000119312519244032/d775044d10q.htm"}, {"date": "2019-05-05", "symbol": "WSM", "reportedCurrency": "USD", "cik": "0000719955", "fillingDate": "2019-06-14", "acceptedDate": "2019-06-14 16:59:01", "calendarYear": "2019", "period": "Q1", "revenue": 1241132000, "costOfRevenue": 796801000, "grossProfit": 444331000, "grossProfitRatio": 0.358004628, "researchAndDevelopmentExpenses": 0, "generalAndAdministrativeExpenses": 0, "sellingAndMarketingExpenses": 0, "sellingGeneralAndAdministrativeExpenses": 370199000, "otherExpenses": 0, "operatingExpenses": 370199000, "costAndExpenses": 1167000000, "interestIncome": 0, "interestExpense": 2253000, "depreciationAndAmortization": 46838000, "ebitda": 120970000, "ebitdaratio": 0.0974674732, "operatingIncome": 74132000, "operatingIncomeRatio": 0.0597293439, "totalOtherIncomeExpensesNet": -2253000, "incomeBeforeTax": 71879000, "incomeBeforeTaxRatio": 0.0579140655, "incomeTaxExpense": 19223000, "netIncome": 52656000, "netIncomeRatio": 0.0424257855, "eps": 0.3346084923045639, "epsdiluted": 0.32964803986627766, "weightedAverageShsOut": 157366000, "weightedAverageShsOutDil": 159734000, "link": "https://www.sec.gov/Archives/edgar/data/719955/000119312519173782/0001193125-19-173782-index.htm", "finalLink": "https://www.sec.gov/Archives/edgar/data/719955/000119312519173782/d695195d10q.htm"}, {"date": "2019-02-03", "symbol": "WSM", "reportedCurrency": "USD", "cik": "0000719955", "fillingDate": "2019-04-04", "acceptedDate": "2019-04-04 17:00:21", "calendarYear": "2018", "period": "Q4", "revenue": 1836436000, "costOfRevenue": 1126513000, "grossProfit": 709923000, "grossProfitRatio": 0.3865764993, "researchAndDevelopmentExpenses": 0, "generalAndAdministrativeExpenses": 0, "sellingAndMarketingExpenses": 0, "sellingGeneralAndAdministrativeExpenses": 509070000, "otherExpenses": 0, "operatingExpenses": 509070000, "costAndExpenses": 1635583000, "interestIncome": 0, "interestExpense": 0, "depreciationAndAmortization": 47641000, "ebitda": 248494000, "ebitdaratio": 0.1353131827, "operatingIncome": 200853000, "operatingIncomeRatio": 0.1093710862, "totalOtherIncomeExpensesNet": -1633000, "incomeBeforeTax": 199220000, "incomeBeforeTaxRatio": 0.1084818638, "incomeTaxExpense": 43882000, "netIncome": 155338000, "netIncomeRatio": 0.0845866668, "eps": 0.975618640874262, "epsdiluted": 0.9626677904339311, "weightedAverageShsOut": 159220000, "weightedAverageShsOutDil": 161362000, "link": "https://www.sec.gov/Archives/edgar/data/719955/000119312519097973/0001193125-19-097973-index.htm", "finalLink": "https://www.sec.gov/Archives/edgar/data/719955/000119312519097973/d683578d10k.htm"}, {"date": "2018-10-28", "symbol": "WSM", "reportedCurrency": "USD", "cik": "0000719955", "fillingDate": "2018-12-07", "acceptedDate": "2018-12-07 16:21:10", "calendarYear": "2018", "period": "Q3", "revenue": 1356983000, "costOfRevenue": 861999000, "grossProfit": 494984000, "grossProfitRatio": 0.3647680185, "researchAndDevelopmentExpenses": 0, "generalAndAdministrativeExpenses": 0, "sellingAndMarketingExpenses": 0, "sellingGeneralAndAdministrativeExpenses": 400600000, "otherExpenses": 0, "operatingExpenses": 400600000, "costAndExpenses": 1262599000, "interestIncome": 0, "interestExpense": 0, "depreciationAndAmortization": 47358000, "ebitda": 141742000, "ebitdaratio": 0.1044537772, "operatingIncome": 94384000, "operatingIncomeRatio": 0.069554298, "totalOtherIncomeExpensesNet": -2288000, "incomeBeforeTax": 92096000, "incomeBeforeTaxRatio": 0.0678682047, "incomeTaxExpense": 10631000, "netIncome": 81465000, "netIncomeRatio": 0.0600339135, "eps": 0.5061509785647716, "epsdiluted": 0.4989221102142306, "weightedAverageShsOut": 160950000, "weightedAverageShsOutDil": 163282000, "link": "https://www.sec.gov/Archives/edgar/data/719955/000119312518344956/0001193125-18-344956-index.htm", "finalLink": "https://www.sec.gov/Archives/edgar/data/719955/000119312518344956/d563678d10q.htm"}, {"date": "2018-07-29", "symbol": "WSM", "reportedCurrency": "USD", "cik": "0000719955", "fillingDate": "2018-09-07", "acceptedDate": "2018-09-07 17:16:04", "calendarYear": "2018", "period": "Q2", "revenue": 1275174000, "costOfRevenue": 811232000, "grossProfit": 463942000, "grossProfitRatio": 0.3638264268, "researchAndDevelopmentExpenses": 0, "generalAndAdministrativeExpenses": 0, "sellingAndMarketingExpenses": 0, "sellingGeneralAndAdministrativeExpenses": 389776000, "otherExpenses": 0, "operatingExpenses": 389776000, "costAndExpenses": 1201008000, "interestIncome": 0, "interestExpense": 0, "depreciationAndAmortization": 45936000, "ebitda": 120102000, "ebitdaratio": 0.0941847936, "operatingIncome": 74166000, "operatingIncomeRatio": 0.0581614744, "totalOtherIncomeExpensesNet": -1584000, "incomeBeforeTax": 72582000, "incomeBeforeTaxRatio": 0.056919291, "incomeTaxExpense": 20869000, "netIncome": 51713000, "netIncomeRatio": 0.0405536813, "eps": 0.31401350465133226, "epsdiluted": 0.3108985535128116, "weightedAverageShsOut": 164684000, "weightedAverageShsOutDil": 166334000, "link": "https://www.sec.gov/Archives/edgar/data/719955/000119312518269283/0001193125-18-269283-index.htm", "finalLink": "https://www.sec.gov/Archives/edgar/data/719955/000119312518269283/d719214d10q.htm"}, {"date": "2018-04-29", "symbol": "WSM", "reportedCurrency": "USD", "cik": "0000719955", "fillingDate": "2018-06-08", "acceptedDate": "2018-06-08 16:33:07", "calendarYear": "2018", "period": "Q1", "revenue": 1203000000, "costOfRevenue": 770836000, "grossProfit": 432164000, "grossProfitRatio": 0.3592385702, "researchAndDevelopmentExpenses": 0, "generalAndAdministrativeExpenses": 0, "sellingAndMarketingExpenses": 0, "sellingGeneralAndAdministrativeExpenses": 365614000, "otherExpenses": 0, "operatingExpenses": 365614000, "costAndExpenses": 1136450000, "interestIncome": 0, "interestExpense": 0, "depreciationAndAmortization": 47873000, "ebitda": 114423000, "ebitdaratio": 0.0951147132, "operatingIncome": 66550000, "operatingIncomeRatio": 0.0553200333, "totalOtherIncomeExpensesNet": -1201000, "incomeBeforeTax": 65349000, "incomeBeforeTaxRatio": 0.0543216958, "incomeTaxExpense": 20181000, "netIncome": 45168000, "netIncomeRatio": 0.0375461347, "eps": 0.27081734458940904, "epsdiluted": 0.2683013757217193, "weightedAverageShsOut": 166784000, "weightedAverageShsOutDil": 168348000, "link": "https://www.sec.gov/Archives/edgar/data/719955/000119312518188149/0001193125-18-188149-index.htm", "finalLink": "https://www.sec.gov/Archives/edgar/data/719955/000119312518188149/d576497d10q.htm"}, {"date": "2018-01-28", "symbol": "WSM", "reportedCurrency": "USD", "cik": "0000719955", "fillingDate": "2018-03-29", "acceptedDate": "2018-03-29 17:22:02", "calendarYear": "2017", "period": "Q4", "revenue": 1679910000, "costOfRevenue": 1033737000, "grossProfit": 646173000, "grossProfitRatio": 0.3846473918, "researchAndDevelopmentExpenses": 0, "generalAndAdministrativeExpenses": 0, "sellingAndMarketingExpenses": 0, "sellingGeneralAndAdministrativeExpenses": 447233000, "otherExpenses": 0, "operatingExpenses": 447233000, "costAndExpenses": 1480970000, "interestIncome": 0, "interestExpense": 0, "depreciationAndAmortization": 47604000, "ebitda": 246544000, "ebitdaratio": 0.1467602431, "operatingIncome": 198940000, "operatingIncomeRatio": 0.1184230108, "totalOtherIncomeExpensesNet": -398000, "incomeBeforeTax": 198542000, "incomeBeforeTaxRatio": 0.1181860933, "incomeTaxExpense": 102782000, "netIncome": 95760000, "netIncomeRatio": 0.0570030537, "eps": 0.5697490391137238, "epsdiluted": 0.565102445472571, "weightedAverageShsOut": 168074000, "weightedAverageShsOutDil": 169456000, "link": "https://www.sec.gov/Archives/edgar/data/719955/000119312518102232/0001193125-18-102232-index.htm", "finalLink": "https://www.sec.gov/Archives/edgar/data/719955/000119312518102232/d689546d10k.htm"}, {"date": "2017-10-29", "symbol": "WSM", "reportedCurrency": "USD", "cik": "0000719955", "fillingDate": "2017-12-06", "acceptedDate": "2017-12-06 16:58:57", "calendarYear": "2017", "period": "Q3", "revenue": 1299336000, "costOfRevenue": 832269000, "grossProfit": 467067000, "grossProfitRatio": 0.3594659118, "researchAndDevelopmentExpenses": 0, "generalAndAdministrativeExpenses": 0, "sellingAndMarketingExpenses": 0, "sellingGeneralAndAdministrativeExpenses": 356254000, "otherExpenses": 0, "operatingExpenses": 356254000, "costAndExpenses": 1188523000, "interestIncome": 0, "interestExpense": 0, "depreciationAndAmortization": 45425000, "ebitda": 156238000, "ebitdaratio": 0.1202444941, "operatingIncome": 110813000, "operatingIncomeRatio": 0.0852843298, "totalOtherIncomeExpensesNet": -594000, "incomeBeforeTax": 110219000, "incomeBeforeTaxRatio": 0.0848271733, "incomeTaxExpense": 38906000, "netIncome": 71313000, "netIncomeRatio": 0.054884187, "eps": 0.41978455380268426, "epsdiluted": 0.41760165839033075, "weightedAverageShsOut": 169880000, "weightedAverageShsOutDil": 170768000, "link": "https://www.sec.gov/Archives/edgar/data/719955/000119312517362895/0001193125-17-362895-index.htm", "finalLink": "https://www.sec.gov/Archives/edgar/data/719955/000119312517362895/d466116d10q.htm"}, {"date": "2017-07-30", "symbol": "WSM", "reportedCurrency": "USD", "cik": "0000719955", "fillingDate": "2017-09-08", "acceptedDate": "2017-09-08 16:16:29", "calendarYear": "2017", "period": "Q2", "revenue": 1201606000, "costOfRevenue": 778895000, "grossProfit": 422711000, "grossProfitRatio": 0.3517883566, "researchAndDevelopmentExpenses": 0, "generalAndAdministrativeExpenses": 0, "sellingAndMarketingExpenses": 0, "sellingGeneralAndAdministrativeExpenses": 341127000, "otherExpenses": 0, "operatingExpenses": 341127000, "costAndExpenses": 1120022000, "interestIncome": 0, "interestExpense": 0, "depreciationAndAmortization": 45098000, "ebitda": 126682000, "ebitdaratio": 0.1054272365, "operatingIncome": 81584000, "operatingIncomeRatio": 0.0678957995, "totalOtherIncomeExpensesNet": -483000, "incomeBeforeTax": 81101000, "incomeBeforeTaxRatio": 0.0674938374, "incomeTaxExpense": 28184000, "netIncome": 52917000, "netIncomeRatio": 0.0440385617, "eps": 0.3061298869592382, "epsdiluted": 0.30465295689019894, "weightedAverageShsOut": 172858000, "weightedAverageShsOutDil": 173696000, "link": "https://www.sec.gov/Archives/edgar/data/719955/000119312517280597/0001193125-17-280597-index.htm", "finalLink": "https://www.sec.gov/Archives/edgar/data/719955/000119312517280597/d424250d10q.htm"}, {"date": "2017-04-30", "symbol": "WSM", "reportedCurrency": "USD", "cik": "0000719955", "fillingDate": "2017-06-02", "acceptedDate": "2017-06-02 16:17:54", "calendarYear": "2017", "period": "Q1", "revenue": 1111507000, "costOfRevenue": 715747000, "grossProfit": 395760000, "grossProfitRatio": 0.3560571368, "researchAndDevelopmentExpenses": 0, "generalAndAdministrativeExpenses": 0, "sellingAndMarketingExpenses": 0, "sellingGeneralAndAdministrativeExpenses": 333286000, "otherExpenses": 0, "operatingExpenses": 333286000, "costAndExpenses": 1049033000, "interestIncome": 0, "interestExpense": 0, "depreciationAndAmortization": 44950000, "ebitda": 107424000, "ebitdaratio": 0.0966471646, "operatingIncome": 62474000, "operatingIncomeRatio": 0.0562065736, "totalOtherIncomeExpensesNet": 103000, "incomeBeforeTax": 62577000, "incomeBeforeTaxRatio": 0.0562992406, "incomeTaxExpense": 23022000, "netIncome": 39555000, "netIncomeRatio": 0.0355868204, "eps": 0.22742692210390744, "epsdiluted": 0.22548740166457645, "weightedAverageShsOut": 173924000, "weightedAverageShsOutDil": 175420000, "link": "https://www.sec.gov/Archives/edgar/data/719955/000119312517193009/0001193125-17-193009-index.htm", "finalLink": "https://www.sec.gov/Archives/edgar/data/719955/000119312517193009/d379443d10q.htm"}, {"date": "2017-01-29", "symbol": "WSM", "reportedCurrency": "USD", "cik": "0000719955", "fillingDate": "2017-03-30", "acceptedDate": "2017-03-30 17:22:12", "calendarYear": "2016", "period": "Q4", "revenue": 1581581000, "costOfRevenue": 959550000, "grossProfit": 622031000, "grossProfitRatio": 0.3932969604, "researchAndDevelopmentExpenses": 0, "generalAndAdministrativeExpenses": 0, "sellingAndMarketingExpenses": 0, "sellingGeneralAndAdministrativeExpenses": 406212000, "otherExpenses": 0, "operatingExpenses": 406212000, "costAndExpenses": 1365762000, "interestIncome": 0, "interestExpense": 0, "depreciationAndAmortization": 45450000, "ebitda": 261269000, "ebitdaratio": 0.1651948272, "operatingIncome": 215819000, "operatingIncomeRatio": 0.1364577597, "totalOtherIncomeExpensesNet": -101000, "incomeBeforeTax": 215718000, "incomeBeforeTaxRatio": 0.1363938995, "incomeTaxExpense": 71091000, "netIncome": 144627000, "netIncomeRatio": 0.0914445735, "eps": 0.8248468671936489, "epsdiluted": 0.8158755768167613, "weightedAverageShsOut": 175338000, "weightedAverageShsOutDil": 177266000, "link": "https://www.sec.gov/Archives/edgar/data/719955/000119312517104341/0001193125-17-104341-index.htm", "finalLink": "https://www.sec.gov/Archives/edgar/data/719955/000119312517104341/d265187d10k.htm"}, {"date": "2016-10-30", "symbol": "WSM", "reportedCurrency": "USD", "cik": "0000719955", "fillingDate": "2016-12-07", "acceptedDate": "2016-12-07 16:36:52", "calendarYear": "2016", "period": "Q3", "revenue": 1245385000, "costOfRevenue": 787162000, "grossProfit": 458223000, "grossProfitRatio": 0.3679368227, "researchAndDevelopmentExpenses": 0, "generalAndAdministrativeExpenses": 0, "sellingAndMarketingExpenses": 0, "sellingGeneralAndAdministrativeExpenses": 348244000, "otherExpenses": 0, "operatingExpenses": 348244000, "costAndExpenses": 1135406000, "interestIncome": 0, "interestExpense": 0, "depreciationAndAmortization": 44376000, "ebitda": 154355000, "ebitdaratio": 0.1239415924, "operatingIncome": 109979000, "operatingIncomeRatio": 0.0883092377, "totalOtherIncomeExpensesNet": -488000, "incomeBeforeTax": 109491000, "incomeBeforeTaxRatio": 0.087917391, "incomeTaxExpense": 40113000, "netIncome": 69378000, "netIncomeRatio": 0.0557080742, "eps": 0.39248942092281236, "epsdiluted": 0.38913443417392085, "weightedAverageShsOut": 176764000, "weightedAverageShsOutDil": 178288000, "link": "https://www.sec.gov/Archives/edgar/data/719955/000119312516787485/0001193125-16-787485-index.htm", "finalLink": "https://www.sec.gov/Archives/edgar/data/719955/000119312516787485/d268653d10q.htm"}, {"date": "2016-07-31", "symbol": "WSM", "reportedCurrency": "USD", "cik": "0000719955", "fillingDate": "2016-09-08", "acceptedDate": "2016-09-08 16:33:57", "calendarYear": "2016", "period": "Q2", "revenue": 1159029000, "costOfRevenue": 748490000, "grossProfit": 410539000, "grossProfitRatio": 0.3542094288, "researchAndDevelopmentExpenses": 0, "generalAndAdministrativeExpenses": 0, "sellingAndMarketingExpenses": 0, "sellingGeneralAndAdministrativeExpenses": 327263000, "otherExpenses": 0, "operatingExpenses": 327263000, "costAndExpenses": 1075753000, "interestIncome": 0, "interestExpense": 0, "depreciationAndAmortization": 42129000, "ebitda": 125405000, "ebitdaratio": 0.1081983281, "operatingIncome": 83276000, "operatingIncomeRatio": 0.0718497984, "totalOtherIncomeExpensesNet": -167000, "incomeBeforeTax": 83109000, "incomeBeforeTaxRatio": 0.0717057123, "incomeTaxExpense": 31324000, "netIncome": 51785000, "netIncomeRatio": 0.0446796413, "eps": 0.290799537281416, "epsdiluted": 0.2885408308816974, "weightedAverageShsOut": 178078000, "weightedAverageShsOutDil": 179472000, "link": "https://www.sec.gov/Archives/edgar/data/719955/000119312516705229/0001193125-16-705229-index.htm", "finalLink": "https://www.sec.gov/Archives/edgar/data/719955/000119312516705229/d213509d10q.htm"}, {"date": "2016-05-01", "symbol": "WSM", "reportedCurrency": "USD", "cik": "0000719955", "fillingDate": "2016-06-07", "acceptedDate": "2016-06-07 16:16:55", "calendarYear": "2016", "period": "Q1", "revenue": 1097817000, "costOfRevenue": 705300000, "grossProfit": 392517000, "grossProfitRatio": 0.3575431971, "researchAndDevelopmentExpenses": 0, "generalAndAdministrativeExpenses": 0, "sellingAndMarketingExpenses": 0, "sellingGeneralAndAdministrativeExpenses": 328992000, "otherExpenses": 0, "operatingExpenses": 328992000, "costAndExpenses": 1034292000, "interestIncome": 0, "interestExpense": 0, "depreciationAndAmortization": 41240000, "ebitda": 104765000, "ebitdaratio": 0.0954302948, "operatingIncome": 63525000, "operatingIncomeRatio": 0.0578648354, "totalOtherIncomeExpensesNet": 68000, "incomeBeforeTax": 63593000, "incomeBeforeTaxRatio": 0.0579267765, "incomeTaxExpense": 23996000, "netIncome": 39597000, "netIncomeRatio": 0.036068853, "eps": 0.2217126923335349, "epsdiluted": 0.21873411847890933, "weightedAverageShsOut": 178596000, "weightedAverageShsOutDil": 181028000, "link": "https://www.sec.gov/Archives/edgar/data/719955/000119312516615301/0001193125-16-615301-index.htm", "finalLink": "https://www.sec.gov/Archives/edgar/data/719955/000119312516615301/d158004d10q.htm"}, {"date": "2016-01-31", "symbol": "WSM", "reportedCurrency": "USD", "cik": "0000719955", "fillingDate": "2016-03-31", "acceptedDate": "2016-03-31 16:19:48", "calendarYear": "2015", "period": "Q4", "revenue": 1586304000, "costOfRevenue": 978744000, "grossProfit": 607560000, "grossProfitRatio": 0.38300351, "researchAndDevelopmentExpenses": 0, "generalAndAdministrativeExpenses": 0, "sellingAndMarketingExpenses": 0, "sellingGeneralAndAdministrativeExpenses": 384880000, "otherExpenses": 0, "operatingExpenses": 384880000, "costAndExpenses": 1363624000, "interestIncome": 0, "interestExpense": 0, "depreciationAndAmortization": 42667000, "ebitda": 265347000, "ebitdaratio": 0.1672737382, "operatingIncome": 222680000, "operatingIncomeRatio": 0.1403766239, "totalOtherIncomeExpensesNet": -2000, "incomeBeforeTax": 222678000, "incomeBeforeTaxRatio": 0.1403753631, "incomeTaxExpense": 81550000, "netIncome": 141128000, "netIncomeRatio": 0.0889665537, "eps": 0.7861408199643494, "epsdiluted": 0.775530839231547, "weightedAverageShsOut": 179520000, "weightedAverageShsOutDil": 181976000, "link": "https://www.sec.gov/Archives/edgar/data/719955/000119312516525847/0001193125-16-525847-index.htm", "finalLink": "https://www.sec.gov/Archives/edgar/data/719955/000119312516525847/d120289d10k.htm"}, {"date": "2015-11-01", "symbol": "WSM", "reportedCurrency": "USD", "cik": "0000719955", "fillingDate": "2015-12-11", "acceptedDate": "2015-12-11 16:16:42", "calendarYear": "2015", "period": "Q3", "revenue": 1232082000, "costOfRevenue": 780894000, "grossProfit": 451188000, "grossProfitRatio": 0.3661996523, "researchAndDevelopmentExpenses": 0, "generalAndAdministrativeExpenses": 0, "sellingAndMarketingExpenses": 0, "sellingGeneralAndAdministrativeExpenses": 340505000, "otherExpenses": 0, "operatingExpenses": 340505000, "costAndExpenses": 1121399000, "interestIncome": 0, "interestExpense": 0, "depreciationAndAmortization": 41860000, "ebitda": 152543000, "ebitdaratio": 0.1238091296, "operatingIncome": 110683000, "operatingIncomeRatio": 0.0898341182, "totalOtherIncomeExpensesNet": -342000, "incomeBeforeTax": 110341000, "incomeBeforeTaxRatio": 0.0895565393, "incomeTaxExpense": 39859000, "netIncome": 70482000, "netIncomeRatio": 0.0572056081, "eps": 0.3896745800944304, "epsdiluted": 0.38388470713826645, "weightedAverageShsOut": 180874000, "weightedAverageShsOutDil": 183602000, "link": "https://www.sec.gov/Archives/edgar/data/719955/000119312515401464/0001193125-15-401464-index.htm", "finalLink": "https://www.sec.gov/Archives/edgar/data/719955/000119312515401464/d39336d10q.htm"}, {"date": "2015-08-02", "symbol": "WSM", "reportedCurrency": "USD", "cik": "0000719955", "fillingDate": "2015-09-11", "acceptedDate": "2015-09-11 16:08:19", "calendarYear": "2015", "period": "Q2", "revenue": 1127028000, "costOfRevenue": 720403000, "grossProfit": 406625000, "grossProfitRatio": 0.360794053, "researchAndDevelopmentExpenses": 0, "generalAndAdministrativeExpenses": 0, "sellingAndMarketingExpenses": 0, "sellingGeneralAndAdministrativeExpenses": 323282000, "otherExpenses": 0, "operatingExpenses": 323282000, "costAndExpenses": 1043685000, "interestIncome": 0, "interestExpense": 0, "depreciationAndAmortization": 41755000, "ebitda": 125098000, "ebitdaratio": 0.1109981296, "operatingIncome": 83343000, "operatingIncomeRatio": 0.0739493606, "totalOtherIncomeExpensesNet": -275000, "incomeBeforeTax": 83068000, "incomeBeforeTaxRatio": 0.073705356, "incomeTaxExpense": 29400000, "netIncome": 53668000, "netIncomeRatio": 0.0476190476, "eps": 0.2940937934964874, "epsdiluted": 0.2898967201071691, "weightedAverageShsOut": 182486000, "weightedAverageShsOutDil": 185128000, "link": "https://www.sec.gov/Archives/edgar/data/719955/000119312515318468/0001193125-15-318468-index.htm", "finalLink": "https://www.sec.gov/Archives/edgar/data/719955/000119312515318468/d67876d10q.htm"}, {"date": "2015-05-03", "symbol": "WSM", "reportedCurrency": "USD", "cik": "0000719955", "fillingDate": "2015-06-12", "acceptedDate": "2015-06-12 16:16:38", "calendarYear": "2015", "period": "Q1", "revenue": 1030676000, "costOfRevenue": 651835000, "grossProfit": 378841000, "grossProfitRatio": 0.3675655589, "researchAndDevelopmentExpenses": 0, "generalAndAdministrativeExpenses": 0, "sellingAndMarketingExpenses": 0, "sellingGeneralAndAdministrativeExpenses": 306913000, "otherExpenses": 0, "operatingExpenses": 306913000, "costAndExpenses": 958748000, "interestIncome": 0, "interestExpense": 0, "depreciationAndAmortization": 41478000, "ebitda": 113406000, "ebitdaratio": 0.1100306983, "operatingIncome": 71928000, "operatingIncomeRatio": 0.0697872076, "totalOtherIncomeExpensesNet": -8000, "incomeBeforeTax": 71920000, "incomeBeforeTaxRatio": 0.0697794457, "incomeTaxExpense": 27130000, "netIncome": 44790000, "netIncomeRatio": 0.0434569157, "eps": 0.24420164218652884, "epsdiluted": 0.24003215434083602, "weightedAverageShsOut": 183414000, "weightedAverageShsOutDil": 186600000, "link": "https://www.sec.gov/Archives/edgar/data/719955/000119312515221829/0001193125-15-221829-index.htm", "finalLink": "https://www.sec.gov/Archives/edgar/data/719955/000119312515221829/d904614d10q.htm"}, {"date": "2015-02-01", "symbol": "WSM", "reportedCurrency": "USD", "cik": "0000719955", "fillingDate": "2015-04-02", "acceptedDate": "2015-04-02 16:47:44", "calendarYear": "2014", "period": "Q4", "revenue": 1542125000, "costOfRevenue": 923534000, "grossProfit": 618591000, "grossProfitRatio": 0.4011289617, "researchAndDevelopmentExpenses": 0, "generalAndAdministrativeExpenses": 0, "sellingAndMarketingExpenses": 0, "sellingGeneralAndAdministrativeExpenses": 380708000, "otherExpenses": 0, "operatingExpenses": 380708000, "costAndExpenses": 1304242000, "interestIncome": 0, "interestExpense": 0, "depreciationAndAmortization": 41138000, "ebitda": 279021000, "ebitdaratio": 0.1809328038, "operatingIncome": 237883000, "operatingIncomeRatio": 0.1542566264, "totalOtherIncomeExpensesNet": 26000, "incomeBeforeTax": 237909000, "incomeBeforeTaxRatio": 0.1542734863, "incomeTaxExpense": 90872000, "netIncome": 147037000, "netIncomeRatio": 0.0953470049, "eps": 0.7983591603592255, "epsdiluted": 0.785110154739911, "weightedAverageShsOut": 184174000, "weightedAverageShsOutDil": 187282000, "link": "https://www.sec.gov/Archives/edgar/data/719955/000119312515118009/0001193125-15-118009-index.htm", "finalLink": "https://www.sec.gov/Archives/edgar/data/719955/000119312515118009/d851953d10k.htm"}, {"date": "2014-11-02", "symbol": "WSM", "reportedCurrency": "USD", "cik": "0000719955", "fillingDate": "2014-12-05", "acceptedDate": "2014-12-05 16:04:33", "calendarYear": "2014", "period": "Q3", "revenue": 1143162000, "costOfRevenue": 711755000, "grossProfit": 431407000, "grossProfitRatio": 0.3773804588, "researchAndDevelopmentExpenses": 0, "generalAndAdministrativeExpenses": 0, "sellingAndMarketingExpenses": 0, "sellingGeneralAndAdministrativeExpenses": 326687000, "otherExpenses": 0, "operatingExpenses": 326687000, "costAndExpenses": 1038442000, "interestIncome": 0, "interestExpense": 0, "depreciationAndAmortization": 41803000, "ebitda": 146523000, "ebitdaratio": 0.1281734347, "operatingIncome": 104720000, "operatingIncomeRatio": 0.0916055642, "totalOtherIncomeExpensesNet": -117000, "incomeBeforeTax": 104603000, "incomeBeforeTaxRatio": 0.0915032165, "incomeTaxExpense": 39695000, "netIncome": 64908000, "netIncomeRatio": 0.0567793541, "eps": 0.3487165160583236, "epsdiluted": 0.34190897597977243, "weightedAverageShsOut": 186134000, "weightedAverageShsOutDil": 189840000, "link": "https://www.sec.gov/Archives/edgar/data/719955/000119312514434838/0001193125-14-434838-index.htm", "finalLink": "https://www.sec.gov/Archives/edgar/data/719955/000119312514434838/d798275d10q.htm"}, {"date": "2014-08-03", "symbol": "WSM", "reportedCurrency": "USD", "cik": "0000719955", "fillingDate": "2014-09-12", "acceptedDate": "2014-09-12 16:06:35", "calendarYear": "2014", "period": "Q2", "revenue": 1039102000, "costOfRevenue": 657004000, "grossProfit": 382098000, "grossProfitRatio": 0.3677194347, "researchAndDevelopmentExpenses": 0, "generalAndAdministrativeExpenses": 0, "sellingAndMarketingExpenses": 0, "sellingGeneralAndAdministrativeExpenses": 296762000, "otherExpenses": 0, "operatingExpenses": 296762000, "costAndExpenses": 953766000, "interestIncome": 0, "interestExpense": 0, "depreciationAndAmortization": 40702000, "ebitda": 126038000, "ebitdaratio": 0.1212951183, "operatingIncome": 85336000, "operatingIncomeRatio": 0.0821247577, "totalOtherIncomeExpensesNet": -40000, "incomeBeforeTax": 85296000, "incomeBeforeTaxRatio": 0.0820862629, "incomeTaxExpense": 34549000, "netIncome": 50747000, "netIncomeRatio": 0.0488373615, "eps": 0.26999116823971314, "epsdiluted": 0.2647513016621626, "weightedAverageShsOut": 187958000, "weightedAverageShsOutDil": 191678000, "link": "https://www.sec.gov/Archives/edgar/data/719955/000119312514340359/0001193125-14-340359-index.htm", "finalLink": "https://www.sec.gov/Archives/edgar/data/719955/000119312514340359/d750811d10q.htm"}, {"date": "2014-05-04", "symbol": "WSM", "reportedCurrency": "USD", "cik": "0000719955", "fillingDate": "2014-06-12", "acceptedDate": "2014-06-12 16:12:26", "calendarYear": "2014", "period": "Q1", "revenue": 974330000, "costOfRevenue": 605922000, "grossProfit": 368408000, "grossProfitRatio": 0.3781141913, "researchAndDevelopmentExpenses": 0, "generalAndAdministrativeExpenses": 0, "sellingAndMarketingExpenses": 0, "sellingGeneralAndAdministrativeExpenses": 294082000, "otherExpenses": 0, "operatingExpenses": 294082000, "costAndExpenses": 900004000, "interestIncome": 0, "interestExpense": 0, "depreciationAndAmortization": 38630000, "ebitda": 112956000, "ebitdaratio": 0.1159319738, "operatingIncome": 74326000, "operatingIncomeRatio": 0.0762842158, "totalOtherIncomeExpensesNet": 69000, "incomeBeforeTax": 74395000, "incomeBeforeTaxRatio": 0.0763550337, "incomeTaxExpense": 28233000, "netIncome": 46162000, "netIncomeRatio": 0.0473781984, "eps": 0.24556083963699424, "epsdiluted": 0.24138760484427618, "weightedAverageShsOut": 187986000, "weightedAverageShsOutDil": 191236000, "link": "https://www.sec.gov/Archives/edgar/data/719955/000119312514234823/0001193125-14-234823-index.htm", "finalLink": "https://www.sec.gov/Archives/edgar/data/719955/000119312514234823/d712968d10q.htm"}, {"date": "2014-02-02", "symbol": "WSM", "reportedCurrency": "USD", "cik": "0000719955", "fillingDate": "2014-04-03", "acceptedDate": "2014-04-03 17:16:36", "calendarYear": "2013", "period": "Q4", "revenue": 1466324000, "costOfRevenue": 870605000, "grossProfit": 595719000, "grossProfitRatio": 0.4062669642, "researchAndDevelopmentExpenses": 0, "generalAndAdministrativeExpenses": 0, "sellingAndMarketingExpenses": 0, "sellingGeneralAndAdministrativeExpenses": 377984000, "otherExpenses": 0, "operatingExpenses": 377984000, "costAndExpenses": 1248589000, "interestIncome": 0, "interestExpense": 0, "depreciationAndAmortization": 38383000, "ebitda": 256118000, "ebitdaratio": 0.1746667176, "operatingIncome": 217735000, "operatingIncomeRatio": 0.1484903746, "totalOtherIncomeExpensesNet": 167000, "incomeBeforeTax": 217902000, "incomeBeforeTaxRatio": 0.1486042648, "incomeTaxExpense": 84104000, "netIncome": 133798000, "netIncomeRatio": 0.0912472278, "eps": 0.7096455962066808, "epsdiluted": 0.6898724387200561, "weightedAverageShsOut": 188542000, "weightedAverageShsOutDil": 193946000, "link": "https://www.sec.gov/Archives/edgar/data/719955/000119312514129974/0001193125-14-129974-index.htm", "finalLink": "https://www.sec.gov/Archives/edgar/data/719955/000119312514129974/d659151d10k.htm"}, {"date": "2013-11-03", "symbol": "WSM", "reportedCurrency": "USD", "cik": "0000719955", "fillingDate": "2013-12-12", "acceptedDate": "2013-12-12 16:05:16", "calendarYear": "2013", "period": "Q3", "revenue": 1051548000, "costOfRevenue": 646160000, "grossProfit": 405388000, "grossProfitRatio": 0.3855154496, "researchAndDevelopmentExpenses": 0, "generalAndAdministrativeExpenses": 0, "sellingAndMarketingExpenses": 0, "sellingGeneralAndAdministrativeExpenses": 312894000, "otherExpenses": 0, "operatingExpenses": 312894000, "costAndExpenses": 959054000, "interestIncome": 0, "interestExpense": 0, "depreciationAndAmortization": 37580000, "ebitda": 130074000, "ebitdaratio": 0.1236976343, "operatingIncome": 92494000, "operatingIncomeRatio": 0.0879598459, "totalOtherIncomeExpensesNet": 103000, "incomeBeforeTax": 92597000, "incomeBeforeTaxRatio": 0.0880577967, "incomeTaxExpense": 35878000, "netIncome": 56719000, "netIncomeRatio": 0.0539385744, "eps": 0.2971043340701707, "epsdiluted": 0.28978776452796257, "weightedAverageShsOut": 190906000, "weightedAverageShsOutDil": 195726000, "link": "https://www.sec.gov/Archives/edgar/data/719955/000119312513471753/0001193125-13-471753-index.htm", "finalLink": "https://www.sec.gov/Archives/edgar/data/719955/000119312513471753/d613006d10q.htm"}, {"date": "2013-08-04", "symbol": "WSM", "reportedCurrency": "USD", "cik": "0000719955", "fillingDate": "2013-09-12", "acceptedDate": "2013-09-12 16:07:14", "calendarYear": "2013", "period": "Q2", "revenue": 982209000, "costOfRevenue": 613285000, "grossProfit": 368924000, "grossProfitRatio": 0.3756064137, "researchAndDevelopmentExpenses": 0, "generalAndAdministrativeExpenses": 0, "sellingAndMarketingExpenses": 0, "sellingGeneralAndAdministrativeExpenses": 290838000, "otherExpenses": 0, "operatingExpenses": 290838000, "costAndExpenses": 904123000, "interestIncome": 0, "interestExpense": 0, "depreciationAndAmortization": 37223000, "ebitda": 115309000, "ebitdaratio": 0.1173976211, "operatingIncome": 78086000, "operatingIncomeRatio": 0.0795003915, "totalOtherIncomeExpensesNet": 125000, "incomeBeforeTax": 78211000, "incomeBeforeTaxRatio": 0.0796276556, "incomeTaxExpense": 29292000, "netIncome": 48919000, "netIncomeRatio": 0.0498050822, "eps": 0.25244086199067, "epsdiluted": 0.24717301454166962, "weightedAverageShsOut": 193784000, "weightedAverageShsOutDil": 197914000, "link": "https://www.sec.gov/Archives/edgar/data/719955/000119312513365277/0001193125-13-365277-index.htm", "finalLink": "https://www.sec.gov/Archives/edgar/data/719955/000119312513365277/d559865d10q.htm"}, {"date": "2013-05-05", "symbol": "WSM", "reportedCurrency": "USD", "cik": "0000719955", "fillingDate": "2013-06-14", "acceptedDate": "2013-06-14 16:06:11", "calendarYear": "2013", "period": "Q1", "revenue": 887808000, "costOfRevenue": 553623000, "grossProfit": 334185000, "grossProfitRatio": 0.3764158467, "researchAndDevelopmentExpenses": 0, "generalAndAdministrativeExpenses": 0, "sellingAndMarketingExpenses": 0, "sellingGeneralAndAdministrativeExpenses": 270402000, "otherExpenses": 0, "operatingExpenses": 270402000, "costAndExpenses": 824025000, "interestIncome": 0, "interestExpense": 0, "depreciationAndAmortization": 36609000, "ebitda": 100392000, "ebitdaratio": 0.1130785035, "operatingIncome": 63783000, "operatingIncomeRatio": 0.0718432364, "totalOtherIncomeExpensesNet": 189000, "incomeBeforeTax": 63972000, "incomeBeforeTaxRatio": 0.0720561202, "incomeTaxExpense": 24506000, "netIncome": 39466000, "netIncomeRatio": 0.0444533052, "eps": 0.2019671661344469, "epsdiluted": 0.19829171481686178, "weightedAverageShsOut": 195408000, "weightedAverageShsOutDil": 199030000, "link": "https://www.sec.gov/Archives/edgar/data/719955/000119312513259605/0001193125-13-259605-index.htm", "finalLink": "https://www.sec.gov/Archives/edgar/data/719955/000119312513259605/d524416d10q.htm"}, {"date": "2013-02-03", "symbol": "WSM", "reportedCurrency": "USD", "cik": "0000719955", "fillingDate": "2013-04-04", "acceptedDate": "2013-04-04 17:02:47", "calendarYear": "2012", "period": "Q4", "revenue": 1406419000, "costOfRevenue": 825687000, "grossProfit": 580732000, "grossProfitRatio": 0.4129153545, "researchAndDevelopmentExpenses": 0, "generalAndAdministrativeExpenses": 0, "sellingAndMarketingExpenses": 0, "sellingGeneralAndAdministrativeExpenses": 370291000, "otherExpenses": 210441000, "operatingExpenses": 580732000, "costAndExpenses": 1406419000, "interestIncome": 0, "interestExpense": 0, "depreciationAndAmortization": 35800000, "ebitda": 246241000, "ebitdaratio": 0.1750836699, "operatingIncome": 210441000, "operatingIncomeRatio": 0.1496289513, "totalOtherIncomeExpensesNet": 261000, "incomeBeforeTax": 210702000, "incomeBeforeTaxRatio": 0.149814529, "incomeTaxExpense": 76968000, "netIncome": 133734000, "netIncomeRatio": 0.0950883058, "eps": 0.6822119063408661, "epsdiluted": 0.669011195709812, "weightedAverageShsOut": 196030000, "weightedAverageShsOutDil": 199898000, "link": "https://www.sec.gov/Archives/edgar/data/719955/000119312513142309/0001193125-13-142309-index.htm", "finalLink": "https://www.sec.gov/Archives/edgar/data/719955/000119312513142309/d465401d10k.htm"}, {"date": "2012-10-28", "symbol": "WSM", "reportedCurrency": "USD", "cik": "0000719955", "fillingDate": "2012-12-07", "acceptedDate": "2012-12-07 16:08:13", "calendarYear": "2012", "period": "Q3", "revenue": 944554000, "costOfRevenue": 576556000, "grossProfit": 367998000, "grossProfitRatio": 0.3895997476, "researchAndDevelopmentExpenses": 0, "generalAndAdministrativeExpenses": 0, "sellingAndMarketingExpenses": 0, "sellingGeneralAndAdministrativeExpenses": 288702000, "otherExpenses": 0, "operatingExpenses": 288702000, "costAndExpenses": 865258000, "interestIncome": 0, "interestExpense": 0, "depreciationAndAmortization": 33335000, "ebitda": 112631000, "ebitdaratio": 0.1192425208, "operatingIncome": 79296000, "operatingIncomeRatio": 0.0839507323, "totalOtherIncomeExpensesNet": 173000, "incomeBeforeTax": 79469000, "incomeBeforeTaxRatio": 0.0841338875, "incomeTaxExpense": 30569000, "netIncome": 48900000, "netIncomeRatio": 0.0517704652, "eps": 0.24836455243590264, "epsdiluted": 0.2434822442191639, "weightedAverageShsOut": 196888000, "weightedAverageShsOutDil": 200836000, "link": "https://www.sec.gov/Archives/edgar/data/719955/000119312512495336/0001193125-12-495336-index.htm", "finalLink": "https://www.sec.gov/Archives/edgar/data/719955/000119312512495336/d426549d10q.htm"}, {"date": "2012-07-29", "symbol": "WSM", "reportedCurrency": "USD", "cik": "0000719955", "fillingDate": "2012-09-07", "acceptedDate": "2012-09-07 16:02:15", "calendarYear": "2012", "period": "Q2", "revenue": 874283000, "costOfRevenue": 539803000, "grossProfit": 334480000, "grossProfitRatio": 0.3825763511, "researchAndDevelopmentExpenses": 0, "generalAndAdministrativeExpenses": 0, "sellingAndMarketingExpenses": 0, "sellingGeneralAndAdministrativeExpenses": 264377000, "otherExpenses": 0, "operatingExpenses": 264377000, "costAndExpenses": 804180000, "interestIncome": 0, "interestExpense": 0, "depreciationAndAmortization": 32524000, "ebitda": 102627000, "ebitdaratio": 0.117384188, "operatingIncome": 70103000, "operatingIncomeRatio": 0.0801834189, "totalOtherIncomeExpensesNet": 168000, "incomeBeforeTax": 70271000, "incomeBeforeTaxRatio": 0.0803755763, "incomeTaxExpense": 26891000, "netIncome": 43380000, "netIncomeRatio": 0.0496178011, "eps": 0.21862935822354826, "epsdiluted": 0.21514015354401, "weightedAverageShsOut": 198418000, "weightedAverageShsOutDil": 201636000, "link": "https://www.sec.gov/Archives/edgar/data/719955/000119312512384913/0001193125-12-384913-index.htm", "finalLink": "https://www.sec.gov/Archives/edgar/data/719955/000119312512384913/d381230d10q.htm"}, {"date": "2012-04-29", "symbol": "WSM", "reportedCurrency": "USD", "cik": "0000719955", "fillingDate": "2012-06-08", "acceptedDate": "2012-06-08 12:30:26", "calendarYear": "2012", "period": "Q1", "revenue": 817614000, "costOfRevenue": 508348000, "grossProfit": 309266000, "grossProfitRatio": 0.3782542863, "researchAndDevelopmentExpenses": 0, "generalAndAdministrativeExpenses": 0, "sellingAndMarketingExpenses": 0, "sellingGeneralAndAdministrativeExpenses": 259943000, "otherExpenses": 0, "operatingExpenses": 259943000, "costAndExpenses": 768291000, "interestIncome": 0, "interestExpense": 0, "depreciationAndAmortization": 32794000, "ebitda": 82117000, "ebitdaratio": 0.1004349241, "operatingIncome": 49323000, "operatingIncomeRatio": 0.0603255326, "totalOtherIncomeExpensesNet": 191000, "incomeBeforeTax": 49514000, "incomeBeforeTaxRatio": 0.0605591392, "incomeTaxExpense": 18798000, "netIncome": 30716000, "netIncomeRatio": 0.0375678499, "eps": 0.15331629597093, "epsdiluted": 0.15063360665385067, "weightedAverageShsOut": 200344000, "weightedAverageShsOutDil": 203912000, "link": "https://www.sec.gov/Archives/edgar/data/719955/000119312512264683/0001193125-12-264683-index.htm", "finalLink": "https://www.sec.gov/Archives/edgar/data/719955/000119312512264683/d337810d10q.htm"}, {"date": "2012-01-29", "symbol": "WSM", "reportedCurrency": "USD", "cik": "0000719955", "fillingDate": "2012-03-29", "acceptedDate": "2012-03-29 17:09:16", "calendarYear": "2011", "period": "Q4", "revenue": 1268144000, "costOfRevenue": 744855000, "grossProfit": 523289000, "grossProfitRatio": 0.4126416243, "researchAndDevelopmentExpenses": 0, "generalAndAdministrativeExpenses": 0, "sellingAndMarketingExpenses": 0, "sellingGeneralAndAdministrativeExpenses": 326086000, "otherExpenses": 197203000, "operatingExpenses": 523289000, "costAndExpenses": 1268144000, "interestIncome": 0, "interestExpense": 0, "depreciationAndAmortization": 31780000, "ebitda": 229046000, "ebitdaratio": 0.1806151352, "operatingIncome": 197203000, "operatingIncomeRatio": 0.1555052108, "totalOtherIncomeExpensesNet": 161000, "incomeBeforeTax": 197364000, "incomeBeforeTaxRatio": 0.155632168, "incomeTaxExpense": 74778000, "netIncome": 122586000, "netIncomeRatio": 0.0966656783, "eps": 0.5873677552897885, "epsdiluted": 0.5750783434351016, "weightedAverageShsOut": 208704000, "weightedAverageShsOutDil": 213164000, "link": "https://www.sec.gov/Archives/edgar/data/719955/000119312512140070/0001193125-12-140070-index.htm", "finalLink": "https://www.sec.gov/Archives/edgar/data/719955/000119312512140070/d287202d10k.htm"}, {"date": "2011-10-30", "symbol": "WSM", "reportedCurrency": "USD", "cik": "0000719955", "fillingDate": "2011-12-09", "acceptedDate": "2011-12-09 13:07:06", "calendarYear": "2011", "period": "Q3", "revenue": 867176000, "costOfRevenue": 535213000, "grossProfit": 331963000, "grossProfitRatio": 0.3828092567, "researchAndDevelopmentExpenses": 0, "generalAndAdministrativeExpenses": 0, "sellingAndMarketingExpenses": 0, "sellingGeneralAndAdministrativeExpenses": 263219000, "otherExpenses": 68744000, "operatingExpenses": 331963000, "costAndExpenses": 867176000, "interestIncome": 0, "interestExpense": 7000, "depreciationAndAmortization": 32874000, "ebitda": 101618000, "ebitdaratio": 0.1171826711, "operatingIncome": 68744000, "operatingIncomeRatio": 0.0792734116, "totalOtherIncomeExpensesNet": 7000, "incomeBeforeTax": 68751000, "incomeBeforeTaxRatio": 0.0792814838, "incomeTaxExpense": 25330000, "netIncome": 43421000, "netIncomeRatio": 0.0500717271, "eps": 0.20945769939508543, "epsdiluted": 0.20535655167847447, "weightedAverageShsOut": 207302000, "weightedAverageShsOutDil": 211442000, "link": "https://www.sec.gov/Archives/edgar/data/719955/000119312511336247/0001193125-11-336247-index.htm", "finalLink": "https://www.sec.gov/Archives/edgar/data/719955/000119312511336247/d241494d10q.htm"}, {"date": "2011-07-31", "symbol": "WSM", "reportedCurrency": "USD", "cik": "0000719955", "fillingDate": "2011-09-09", "acceptedDate": "2011-09-09 12:05:38", "calendarYear": "2011", "period": "Q2", "revenue": 814750000, "costOfRevenue": 506029000, "grossProfit": 308721000, "grossProfitRatio": 0.3789150046, "researchAndDevelopmentExpenses": 0, "generalAndAdministrativeExpenses": 0, "sellingAndMarketingExpenses": 0, "sellingGeneralAndAdministrativeExpenses": 244636000, "otherExpenses": 64085000, "operatingExpenses": 308721000, "costAndExpenses": 814750000, "interestIncome": 0, "interestExpense": 0, "depreciationAndAmortization": 33021000, "ebitda": 97106000, "ebitdaratio": 0.1191850261, "operatingIncome": 64085000, "operatingIncomeRatio": 0.0786560295, "totalOtherIncomeExpensesNet": -69000, "incomeBeforeTax": 64016000, "incomeBeforeTaxRatio": 0.0785713409, "incomeTaxExpense": 24707000, "netIncome": 39309000, "netIncomeRatio": 0.0482467014, "eps": 0.18814075258215512, "epsdiluted": 0.184089504149261, "weightedAverageShsOut": 208934000, "weightedAverageShsOutDil": 213532000, "link": "https://www.sec.gov/Archives/edgar/data/719955/000119312511244225/0001193125-11-244225-index.htm", "finalLink": "https://www.sec.gov/Archives/edgar/data/719955/000119312511244225/d212431d10q.htm"}, {"date": "2011-05-01", "symbol": "WSM", "reportedCurrency": "USD", "cik": "0000719955", "fillingDate": "2011-06-10", "acceptedDate": "2011-06-10 12:42:02", "calendarYear": "2011", "period": "Q1", "revenue": 770825000, "costOfRevenue": 474942000, "grossProfit": 295883000, "grossProfitRatio": 0.383852366, "researchAndDevelopmentExpenses": 0, "generalAndAdministrativeExpenses": 0, "sellingAndMarketingExpenses": 0, "sellingGeneralAndAdministrativeExpenses": 244183000, "otherExpenses": 51700000, "operatingExpenses": 295883000, "costAndExpenses": 770825000, "interestIncome": 0, "interestExpense": 0, "depreciationAndAmortization": 32878000, "ebitda": 84578000, "ebitdaratio": 0.109723997, "operatingIncome": 51700000, "operatingIncomeRatio": 0.0670709954, "totalOtherIncomeExpensesNet": -1000, "incomeBeforeTax": 51699000, "incomeBeforeTaxRatio": 0.0670696981, "incomeTaxExpense": 20084000, "netIncome": 31615000, "netIncomeRatio": 0.0410144975, "eps": 0.15066528145790045, "epsdiluted": 0.1474814102982749, "weightedAverageShsOut": 209836000, "weightedAverageShsOutDil": 214366000, "link": "https://www.sec.gov/Archives/edgar/data/719955/000119312511162733/0001193125-11-162733-index.htm", "finalLink": "https://www.sec.gov/Archives/edgar/data/719955/000119312511162733/d10q.htm"}, {"date": "2011-01-30", "symbol": "WSM", "reportedCurrency": "USD", "cik": "0000719955", "fillingDate": "2011-03-31", "acceptedDate": "2011-03-31 17:06:31", "calendarYear": "2010", "period": "Q4", "revenue": 1195451000, "costOfRevenue": 690158000, "grossProfit": 505293000, "grossProfitRatio": 0.4226798087, "researchAndDevelopmentExpenses": 0, "generalAndAdministrativeExpenses": 0, "sellingAndMarketingExpenses": 0, "sellingGeneralAndAdministrativeExpenses": 321699000, "otherExpenses": 183594000, "operatingExpenses": 505293000, "costAndExpenses": 1195451000, "interestIncome": 0, "interestExpense": 0, "depreciationAndAmortization": 36125000, "ebitda": 219719000, "ebitdaratio": 0.1837959063, "operatingIncome": 183594000, "operatingIncomeRatio": 0.1535771855, "totalOtherIncomeExpensesNet": -25000, "incomeBeforeTax": 183569000, "incomeBeforeTaxRatio": 0.1535562729, "incomeTaxExpense": 70169000, "netIncome": 113400000, "netIncomeRatio": 0.0948595969, "eps": 0.5301245371928643, "epsdiluted": 0.5177042055477439, "weightedAverageShsOut": 213912000, "weightedAverageShsOutDil": 219044000, "link": "https://www.sec.gov/Archives/edgar/data/719955/000119312511085046/0001193125-11-085046-index.htm", "finalLink": "https://www.sec.gov/Archives/edgar/data/719955/000119312511085046/d10k.htm"}, {"date": "2010-10-31", "symbol": "WSM", "reportedCurrency": "USD", "cik": "0000719955", "fillingDate": "2010-12-10", "acceptedDate": "2010-12-10 12:28:24", "calendarYear": "2010", "period": "Q3", "revenue": 815516000, "costOfRevenue": 504235000, "grossProfit": 311281000, "grossProfitRatio": 0.3816982132, "researchAndDevelopmentExpenses": 0, "generalAndAdministrativeExpenses": 0, "sellingAndMarketingExpenses": 0, "sellingGeneralAndAdministrativeExpenses": 255119000, "otherExpenses": 56162000, "operatingExpenses": 311281000, "costAndExpenses": 815516000, "interestIncome": 78000, "interestExpense": 0, "depreciationAndAmortization": 34623000, "ebitda": 90707000, "ebitdaratio": 0.1112265118, "operatingIncome": 56162000, "operatingIncomeRatio": 0.0688668279, "totalOtherIncomeExpensesNet": -78000, "incomeBeforeTax": 56084000, "incomeBeforeTaxRatio": 0.0687711829, "incomeTaxExpense": 19554000, "netIncome": 36530000, "netIncomeRatio": 0.0447937257, "eps": 0.17206458663049212, "epsdiluted": 0.16771036103867484, "weightedAverageShsOut": 212304000, "weightedAverageShsOutDil": 217816000, "link": "https://www.sec.gov/Archives/edgar/data/719955/000119312510278135/0001193125-10-278135-index.htm", "finalLink": "https://www.sec.gov/Archives/edgar/data/719955/000119312510278135/d10q.htm"}]