[{"date": "2025-06-28", "symbol": "HOLX", "reportedCurrency": "USD", "cik": "0000859737", "fillingDate": "2025-07-31", "acceptedDate": "2025-07-31 07:39:05", "calendarYear": "2025", "period": "Q3", "revenue": 1023800000, "costOfRevenue": 447200000, "grossProfit": 576600000, "grossProfitRatio": 0.5631959367, "researchAndDevelopmentExpenses": 61400000, "generalAndAdministrativeExpenses": 99100000, "sellingAndMarketingExpenses": 152200000, "sellingGeneralAndAdministrativeExpenses": 251300000, "otherExpenses": 9300000, "operatingExpenses": 322000000, "costAndExpenses": 769200000, "interestIncome": 16400000, "interestExpense": 28900000, "depreciationAndAmortization": 70100000, "ebitda": 334000000, "ebitdaratio": 0.3262355929, "operatingIncome": 254600000, "operatingIncomeRatio": 0.2486813831, "totalOtherIncomeExpensesNet": -19600000, "incomeBeforeTax": 235000000, "incomeBeforeTaxRatio": 0.2295370189, "incomeTaxExpense": 40100000, "netIncome": 194900000, "netIncomeRatio": 0.1903692127, "eps": 0.87, "epsdiluted": 0.86, "weightedAverageShsOut": 224315000, "weightedAverageShsOutDil": 225462000, "link": "https://www.sec.gov/Archives/edgar/data/859737/000085973725000022/0000859737-25-000022-index.htm", "finalLink": "https://www.sec.gov/Archives/edgar/data/859737/000085973725000022/holx-20250628.htm"}, {"date": "2025-03-29", "symbol": "HOLX", "reportedCurrency": "USD", "cik": "0000859737", "fillingDate": "2025-05-02", "acceptedDate": "2025-05-02 08:05:04", "calendarYear": "2025", "period": "Q2", "revenue": 1005300000, "costOfRevenue": 623300000, "grossProfit": 382000000, "grossProfitRatio": 0.3799860738, "researchAndDevelopmentExpenses": 61500000, "generalAndAdministrativeExpenses": 119700000, "sellingAndMarketingExpenses": 154400000, "sellingGeneralAndAdministrativeExpenses": 274100000, "otherExpenses": 48700000, "operatingExpenses": 384300000, "costAndExpenses": 1012300000, "interestIncome": 14900000, "interestExpense": 29100000, "depreciationAndAmortization": 48200000, "ebitda": -7000000, "ebitdaratio": -0.0069630956, "operatingIncome": -7000000, "operatingIncomeRatio": -0.0069630956, "totalOtherIncomeExpensesNet": -21500000, "incomeBeforeTax": -28500000, "incomeBeforeTaxRatio": -0.0283497463, "incomeTaxExpense": -11100000, "netIncome": -17400000, "netIncomeRatio": -0.0173082662, "eps": -0.08, "epsdiluted": -0.08, "weightedAverageShsOut": 225774000, "weightedAverageShsOutDil": 225774000, "link": "https://www.sec.gov/Archives/edgar/data/859737/000085973725000008/0000859737-25-000008-index.htm", "finalLink": "https://www.sec.gov/Archives/edgar/data/859737/000085973725000008/holx-20250329.htm"}, {"date": "2024-12-28", "symbol": "HOLX", "reportedCurrency": "USD", "cik": "0000859737", "fillingDate": "2025-02-06", "acceptedDate": "2025-02-06 08:42:25", "calendarYear": "2025", "period": "Q1", "revenue": 1021800000, "costOfRevenue": 446000000, "grossProfit": 575800000, "grossProfitRatio": 0.563515365, "researchAndDevelopmentExpenses": 60300000, "generalAndAdministrativeExpenses": 115700000, "sellingAndMarketingExpenses": 166100000, "sellingGeneralAndAdministrativeExpenses": 281800000, "otherExpenses": 8600000, "operatingExpenses": 350700000, "costAndExpenses": 792000000, "interestIncome": 24200000, "interestExpense": 30500000, "depreciationAndAmortization": 74000000, "ebitda": 352000000, "ebitdaratio": 0.3444901155, "operatingIncome": 229800000, "operatingIncomeRatio": 0.2248972402, "totalOtherIncomeExpensesNet": 17700000, "incomeBeforeTax": 247500000, "incomeBeforeTaxRatio": 0.2422196124, "incomeTaxExpense": 46500000, "netIncome": 201000000, "netIncomeRatio": 0.1967116853, "eps": 0.87, "epsdiluted": 0.87, "weightedAverageShsOut": 230284000, "weightedAverageShsOutDil": 232107000, "link": "https://www.sec.gov/Archives/edgar/data/859737/000085973725000005/0000859737-25-000005-index.htm", "finalLink": "https://www.sec.gov/Archives/edgar/data/859737/000085973725000005/holx-20241228.htm"}, {"date": "2024-09-28", "symbol": "HOLX", "reportedCurrency": "USD", "cik": "0000859737", "fillingDate": "2024-11-27", "acceptedDate": "2024-11-27 07:24:17", "calendarYear": "2024", "period": "Q4", "revenue": 987900000, "costOfRevenue": 430300000, "grossProfit": 557600000, "grossProfitRatio": 0.5644295981, "researchAndDevelopmentExpenses": 67300000, "generalAndAdministrativeExpenses": 103200000, "sellingAndMarketingExpenses": 146000000, "sellingGeneralAndAdministrativeExpenses": 249200000, "otherExpenses": 11100000, "operatingExpenses": 327600000, "costAndExpenses": 757800000, "interestIncome": 28400000, "interestExpense": 31900000, "depreciationAndAmortization": 74600000, "ebitda": 328100000, "ebitdaratio": 0.3321186355, "operatingIncome": 230100000, "operatingIncomeRatio": 0.2329183116, "totalOtherIncomeExpensesNet": -8500000, "incomeBeforeTax": 221600000, "incomeBeforeTaxRatio": 0.2243142018, "incomeTaxExpense": 43000000, "netIncome": 178600000, "netIncomeRatio": 0.1807875291, "eps": 0.76, "epsdiluted": 0.76, "weightedAverageShsOut": 233772000, "weightedAverageShsOutDil": 235971000, "link": "https://www.sec.gov/Archives/edgar/data/859737/000085973724000024/0000859737-24-000024-index.htm", "finalLink": "https://www.sec.gov/Archives/edgar/data/859737/000085973724000024/holx-20240928.htm"}, {"date": "2024-06-29", "symbol": "HOLX", "reportedCurrency": "USD", "cik": "0000859737", "fillingDate": "2024-07-30", "acceptedDate": "2024-07-30 16:06:04", "calendarYear": "2024", "period": "Q3", "revenue": 1011400000, "costOfRevenue": 443100000, "grossProfit": 568300000, "grossProfitRatio": 0.5618944038, "researchAndDevelopmentExpenses": 64100000, "generalAndAdministrativeExpenses": 94000000, "sellingAndMarketingExpenses": 146300000, "sellingGeneralAndAdministrativeExpenses": 240300000, "otherExpenses": 200000, "operatingExpenses": 304400000, "costAndExpenses": 747500000, "interestIncome": 28400000, "interestExpense": 31900000, "depreciationAndAmortization": 72300000, "ebitda": 344900000, "ebitdaratio": 0.341012458, "operatingIncome": 263900000, "operatingIncomeRatio": 0.2609254499, "totalOtherIncomeExpensesNet": -23200000, "incomeBeforeTax": 240700000, "incomeBeforeTaxRatio": 0.2379869488, "incomeTaxExpense": 46200000, "netIncome": 194500000, "netIncomeRatio": 0.1923076923, "eps": 0.83, "epsdiluted": 0.82, "weightedAverageShsOut": 234604000, "weightedAverageShsOutDil": 236466000, "link": "https://www.sec.gov/Archives/edgar/data/859737/000085973724000020/0000859737-24-000020-index.htm", "finalLink": "https://www.sec.gov/Archives/edgar/data/859737/000085973724000020/holx-20240629.htm"}, {"date": "2024-03-30", "symbol": "HOLX", "reportedCurrency": "USD", "cik": "0000859737", "fillingDate": "2024-05-03", "acceptedDate": "2024-05-03 07:45:49", "calendarYear": "2024", "period": "Q2", "revenue": 1017800000, "costOfRevenue": 455300000, "grossProfit": 562500000, "grossProfitRatio": 0.5526626056, "researchAndDevelopmentExpenses": 74600000, "generalAndAdministrativeExpenses": 100400000, "sellingAndMarketingExpenses": 144200000, "sellingGeneralAndAdministrativeExpenses": 244600000, "otherExpenses": 0, "operatingExpenses": 319200000, "costAndExpenses": 774500000, "interestIncome": 24000000, "interestExpense": 32300000, "depreciationAndAmortization": 73700000, "ebitda": 317500000, "ebitdaratio": 0.3119473374, "operatingIncome": 243300000, "operatingIncomeRatio": 0.239044999, "totalOtherIncomeExpensesNet": -31800000, "incomeBeforeTax": 211500000, "incomeBeforeTaxRatio": 0.2078011397, "incomeTaxExpense": 41600000, "netIncome": 169900000, "netIncomeRatio": 0.1669286697, "eps": 0.72, "epsdiluted": 0.72, "weightedAverageShsOut": 235890000, "weightedAverageShsOutDil": 237562000, "link": "https://www.sec.gov/Archives/edgar/data/859737/000085973724000014/0000859737-24-000014-index.htm", "finalLink": "https://www.sec.gov/Archives/edgar/data/859737/000085973724000014/holx-20240330.htm"}, {"date": "2023-12-30", "symbol": "HOLX", "reportedCurrency": "USD", "cik": "0000859737", "fillingDate": "2024-02-02", "acceptedDate": "2024-02-02 07:36:20", "calendarYear": "2024", "period": "Q1", "revenue": 1013100000, "costOfRevenue": 445600000, "grossProfit": 567500000, "grossProfitRatio": 0.5601618794, "researchAndDevelopmentExpenses": 66800000, "generalAndAdministrativeExpenses": 111800000, "sellingAndMarketingExpenses": 148900000, "sellingGeneralAndAdministrativeExpenses": 260700000, "otherExpenses": -8800000, "operatingExpenses": 340800000, "costAndExpenses": 786400000, "interestIncome": 27900000, "interestExpense": 26000000, "depreciationAndAmortization": 88400000, "ebitda": 305700000, "ebitdaratio": 0.3017471128, "operatingIncome": 198200000, "operatingIncomeRatio": 0.1956371533, "totalOtherIncomeExpensesNet": -6900000, "incomeBeforeTax": 191300000, "incomeBeforeTaxRatio": 0.1888263745, "incomeTaxExpense": -55200000, "netIncome": 246500000, "netIncomeRatio": 0.2433126049, "eps": 1.03, "epsdiluted": 1.03, "weightedAverageShsOut": 238627000, "weightedAverageShsOutDil": 240214000, "link": "https://www.sec.gov/Archives/edgar/data/859737/000085973724000003/0000859737-24-000003-index.htm", "finalLink": "https://www.sec.gov/Archives/edgar/data/859737/000085973724000003/holx-20231230.htm"}, {"date": "2023-09-30", "symbol": "HOLX", "reportedCurrency": "USD", "cik": "0000859737", "fillingDate": "2023-11-21", "acceptedDate": "2023-11-21 08:17:06", "calendarYear": "2023", "period": "Q4", "revenue": 945300000, "costOfRevenue": 445000000, "grossProfit": 500300000, "grossProfitRatio": 0.5292499736, "researchAndDevelopmentExpenses": 72900000, "generalAndAdministrativeExpenses": 92900000, "sellingAndMarketingExpenses": 139500000, "sellingGeneralAndAdministrativeExpenses": 232400000, "otherExpenses": 5300000, "operatingExpenses": 311500000, "costAndExpenses": 756500000, "interestIncome": 35900000, "interestExpense": 28100000, "depreciationAndAmortization": 75500000, "ebitda": 249200000, "ebitdaratio": 0.2636200148, "operatingIncome": 132500000, "operatingIncomeRatio": 0.1401671427, "totalOtherIncomeExpensesNet": 13100000, "incomeBeforeTax": 145600000, "incomeBeforeTaxRatio": 0.1540251772, "incomeTaxExpense": 55000000, "netIncome": 90600000, "netIncomeRatio": 0.0958425897, "eps": 0.37, "epsdiluted": 0.37, "weightedAverageShsOut": 245130000, "weightedAverageShsOutDil": 247142000, "link": "https://www.sec.gov/Archives/edgar/data/859737/000085973723000023/0000859737-23-000023-index.htm", "finalLink": "https://www.sec.gov/Archives/edgar/data/859737/000085973723000023/holx-20230930.htm"}, {"date": "2023-07-01", "symbol": "HOLX", "reportedCurrency": "USD", "cik": "0000859737", "fillingDate": "2023-08-01", "acceptedDate": "2023-08-01 07:26:12", "calendarYear": "2023", "period": "Q3", "revenue": 984400000, "costOfRevenue": 616900000, "grossProfit": 367500000, "grossProfitRatio": 0.3733238521, "researchAndDevelopmentExpenses": 72600000, "generalAndAdministrativeExpenses": 90200000, "sellingAndMarketingExpenses": 149800000, "sellingGeneralAndAdministrativeExpenses": 240000000, "otherExpenses": 5900000, "operatingExpenses": 319700000, "costAndExpenses": 936600000, "interestIncome": 32500000, "interestExpense": 27700000, "depreciationAndAmortization": 81100000, "ebitda": 120900000, "ebitdaratio": 0.1228159285, "operatingIncome": 1400000, "operatingIncomeRatio": 0.0014221861, "totalOtherIncomeExpensesNet": 10700000, "incomeBeforeTax": 12100000, "incomeBeforeTaxRatio": 0.0122917513, "incomeTaxExpense": 52600000, "netIncome": -40500000, "netIncomeRatio": -0.0411418123, "eps": -0.16, "epsdiluted": -0.16, "weightedAverageShsOut": 246908000, "weightedAverageShsOutDil": 246908000, "link": "https://www.sec.gov/Archives/edgar/data/859737/000085973723000019/0000859737-23-000019-index.htm", "finalLink": "https://www.sec.gov/Archives/edgar/data/859737/000085973723000019/holx-20230701.htm"}, {"date": "2023-04-01", "symbol": "HOLX", "reportedCurrency": "USD", "cik": "0000859737", "fillingDate": "2023-05-02", "acceptedDate": "2023-05-02 07:52:08", "calendarYear": "2023", "period": "Q2", "revenue": 1026500000, "costOfRevenue": 388600000, "grossProfit": 637900000, "grossProfitRatio": 0.6214320507, "researchAndDevelopmentExpenses": 126100000, "generalAndAdministrativeExpenses": 100800000, "sellingAndMarketingExpenses": 142400000, "sellingGeneralAndAdministrativeExpenses": 243200000, "otherExpenses": 0, "operatingExpenses": 362900000, "costAndExpenses": 751500000, "interestIncome": 4300000, "interestExpense": 0, "depreciationAndAmortization": 80800000, "ebitda": 342300000, "ebitdaratio": 0.3334632245, "operatingIncome": 261500000, "operatingIncomeRatio": 0.2547491476, "totalOtherIncomeExpensesNet": 17800000, "incomeBeforeTax": 279300000, "incomeBeforeTaxRatio": 0.2720896249, "incomeTaxExpense": 60800000, "netIncome": 218500000, "netIncomeRatio": 0.2128592304, "eps": 0.87, "epsdiluted": 0.87, "weightedAverageShsOut": 249793000, "weightedAverageShsOutDil": 249793000, "link": "https://www.sec.gov/Archives/edgar/data/859737/000085973723000011/0000859737-23-000011-index.htm", "finalLink": "https://www.sec.gov/Archives/edgar/data/859737/000085973723000011/holx-20230401.htm"}, {"date": "2022-12-31", "symbol": "HOLX", "reportedCurrency": "USD", "cik": "0000859737", "fillingDate": "2023-02-01", "acceptedDate": "2023-02-01 16:04:57", "calendarYear": "2023", "period": "Q1", "revenue": 1074200000, "costOfRevenue": 456300000, "grossProfit": 617900000, "grossProfitRatio": 0.5752187675, "researchAndDevelopmentExpenses": 74800000, "generalAndAdministrativeExpenses": 108500000, "sellingAndMarketingExpenses": 163500000, "sellingGeneralAndAdministrativeExpenses": 272000000, "otherExpenses": -15800000, "operatingExpenses": 354400000, "costAndExpenses": 810700000, "interestIncome": 20600000, "interestExpense": 28100000, "depreciationAndAmortization": 85900000, "ebitda": 353100000, "ebitdaratio": 0.3287097375, "operatingIncome": 262400000, "operatingIncomeRatio": 0.2442748092, "totalOtherIncomeExpensesNet": -23300000, "incomeBeforeTax": 239100000, "incomeBeforeTaxRatio": 0.2225842487, "incomeTaxExpense": 51700000, "netIncome": 187400000, "netIncomeRatio": 0.1744554087, "eps": 0.76, "epsdiluted": 0.75, "weightedAverageShsOut": 247319000, "weightedAverageShsOutDil": 249281000, "link": "https://www.sec.gov/Archives/edgar/data/859737/000085973723000004/0000859737-23-000004-index.htm", "finalLink": "https://www.sec.gov/Archives/edgar/data/859737/000085973723000004/holx-20221231.htm"}, {"date": "2022-09-24", "symbol": "HOLX", "reportedCurrency": "USD", "cik": "0000859737", "fillingDate": "2022-11-15", "acceptedDate": "2022-11-15 08:26:06", "calendarYear": "2022", "period": "Q4", "revenue": 953200000, "costOfRevenue": 438500000, "grossProfit": 514700000, "grossProfitRatio": 0.5399706253, "researchAndDevelopmentExpenses": 76000000, "generalAndAdministrativeExpenses": 97200000, "sellingAndMarketingExpenses": 159300000, "sellingGeneralAndAdministrativeExpenses": 256500000, "otherExpenses": 17300000, "operatingExpenses": 344500000, "costAndExpenses": 783000000, "interestIncome": 9300000, "interestExpense": 24100000, "depreciationAndAmortization": 106600000, "ebitda": 274100000, "ebitdaratio": 0.2875577004, "operatingIncome": 140900000, "operatingIncomeRatio": 0.1478178766, "totalOtherIncomeExpensesNet": -35000000, "incomeBeforeTax": 143400000, "incomeBeforeTaxRatio": 0.1504406211, "incomeTaxExpense": 24700000, "netIncome": 118700000, "netIncomeRatio": 0.124527906, "eps": 0.47, "epsdiluted": 0.47, "weightedAverageShsOut": 250278000, "weightedAverageShsOutDil": 252560000, "link": "https://www.sec.gov/Archives/edgar/data/859737/000085973722000022/0000859737-22-000022-index.htm", "finalLink": "https://www.sec.gov/Archives/edgar/data/859737/000085973722000022/holx-20220924.htm"}, {"date": "2022-06-25", "symbol": "HOLX", "reportedCurrency": "USD", "cik": "0000859737", "fillingDate": "2022-07-27", "acceptedDate": "2022-07-27 16:06:12", "calendarYear": "2022", "period": "Q3", "revenue": 1002700000, "costOfRevenue": 452900000, "grossProfit": 549800000, "grossProfitRatio": 0.5483195372, "researchAndDevelopmentExpenses": 65100000, "generalAndAdministrativeExpenses": 91900000, "sellingAndMarketingExpenses": 152300000, "sellingGeneralAndAdministrativeExpenses": 244200000, "otherExpenses": 4800000, "operatingExpenses": 320500000, "costAndExpenses": 773400000, "interestIncome": 2400000, "interestExpense": 22700000, "depreciationAndAmortization": 109400000, "ebitda": 380500000, "ebitdaratio": 0.3794754164, "operatingIncome": 263900000, "operatingIncomeRatio": 0.2631893887, "totalOtherIncomeExpensesNet": -15500000, "incomeBeforeTax": 248400000, "incomeBeforeTaxRatio": 0.247731126, "incomeTaxExpense": 20000000, "netIncome": 228400000, "netIncomeRatio": 0.2277849806, "eps": 0.91, "epsdiluted": 0.9, "weightedAverageShsOut": 250756000, "weightedAverageShsOutDil": 253093000, "link": "https://www.sec.gov/Archives/edgar/data/859737/000085973722000018/0000859737-22-000018-index.htm", "finalLink": "https://www.sec.gov/Archives/edgar/data/859737/000085973722000018/holx-20220625.htm"}, {"date": "2022-03-26", "symbol": "HOLX", "reportedCurrency": "USD", "cik": "0000859737", "fillingDate": "2022-04-27", "acceptedDate": "2022-04-27 16:08:13", "calendarYear": "2022", "period": "Q2", "revenue": 1435700000, "costOfRevenue": 489100000, "grossProfit": 946600000, "grossProfitRatio": 0.6593299436, "researchAndDevelopmentExpenses": 69500000, "generalAndAdministrativeExpenses": 100500000, "sellingAndMarketingExpenses": 171400000, "sellingGeneralAndAdministrativeExpenses": 271900000, "otherExpenses": 11300000, "operatingExpenses": 352700000, "costAndExpenses": 841800000, "interestIncome": 800000, "interestExpense": 22600000, "depreciationAndAmortization": 106200000, "ebitda": 703200000, "ebitdaratio": 0.4897959184, "operatingIncome": 594100000, "operatingIncomeRatio": 0.4138051125, "totalOtherIncomeExpensesNet": -19700000, "incomeBeforeTax": 574400000, "incomeBeforeTaxRatio": 0.4000835829, "incomeTaxExpense": 118700000, "netIncome": 455700000, "netIncomeRatio": 0.3174061433, "eps": 1.81, "epsdiluted": 1.8, "weightedAverageShsOut": 251574000, "weightedAverageShsOutDil": 253658000, "link": "https://www.sec.gov/Archives/edgar/data/859737/000085973722000011/0000859737-22-000011-index.htm", "finalLink": "https://www.sec.gov/Archives/edgar/data/859737/000085973722000011/holx-20220326.htm"}, {"date": "2021-12-25", "symbol": "HOLX", "reportedCurrency": "USD", "cik": "0000859737", "fillingDate": "2022-02-02", "acceptedDate": "2022-02-02 16:06:24", "calendarYear": "2022", "period": "Q1", "revenue": 1471100000, "costOfRevenue": 484800000, "grossProfit": 986300000, "grossProfitRatio": 0.6704506832, "researchAndDevelopmentExpenses": 72800000, "generalAndAdministrativeExpenses": 117900000, "sellingAndMarketingExpenses": 147400000, "sellingGeneralAndAdministrativeExpenses": 265300000, "otherExpenses": 6500000, "operatingExpenses": 348900000, "costAndExpenses": 833700000, "interestIncome": 500000, "interestExpense": 25700000, "depreciationAndAmortization": 108000000, "ebitda": 755600000, "ebitdaratio": 0.513629257, "operatingIncome": 641300000, "operatingIncomeRatio": 0.4359322956, "totalOtherIncomeExpensesNet": -19400000, "incomeBeforeTax": 621900000, "incomeBeforeTaxRatio": 0.4227448848, "incomeTaxExpense": 122700000, "netIncome": 499200000, "netIncomeRatio": 0.3393379104, "eps": 1.97, "epsdiluted": 1.95, "weightedAverageShsOut": 253499000, "weightedAverageShsOutDil": 256070000, "link": "https://www.sec.gov/Archives/edgar/data/859737/000085973722000004/0000859737-22-000004-index.htm", "finalLink": "https://www.sec.gov/Archives/edgar/data/859737/000085973722000004/holx-20211225.htm"}, {"date": "2021-09-25", "symbol": "HOLX", "reportedCurrency": "USD", "cik": "0000859737", "fillingDate": "2021-11-16", "acceptedDate": "2021-11-16 08:36:50", "calendarYear": "2021", "period": "Q4", "revenue": 1316600000, "costOfRevenue": 488500000, "grossProfit": 828100000, "grossProfitRatio": 0.6289685554, "researchAndDevelopmentExpenses": 76500000, "generalAndAdministrativeExpenses": 135400000, "sellingAndMarketingExpenses": 159100000, "sellingGeneralAndAdministrativeExpenses": 294500000, "otherExpenses": -6400000, "operatingExpenses": 382500000, "costAndExpenses": 871000000, "interestIncome": 200000, "interestExpense": 22700000, "depreciationAndAmortization": 117800000, "ebitda": 551100000, "ebitdaratio": 0.4185781559, "operatingIncome": 439500000, "operatingIncomeRatio": 0.3338143703, "totalOtherIncomeExpensesNet": -28900000, "incomeBeforeTax": 410600000, "incomeBeforeTaxRatio": 0.3118638918, "incomeTaxExpense": 81800000, "netIncome": 328800000, "netIncomeRatio": 0.2497341638, "eps": 1.29, "epsdiluted": 1.28, "weightedAverageShsOut": 254876000, "weightedAverageShsOutDil": 257710000, "link": "https://www.sec.gov/Archives/edgar/data/859737/000085973721000023/0000859737-21-000023-index.htm", "finalLink": "https://www.sec.gov/Archives/edgar/data/859737/000085973721000023/holx-20210925.htm"}, {"date": "2021-06-26", "symbol": "HOLX", "reportedCurrency": "USD", "cik": "0000859737", "fillingDate": "2021-07-28", "acceptedDate": "2021-07-28 16:13:31", "calendarYear": "2021", "period": "Q3", "revenue": 1168300000, "costOfRevenue": 466700000, "grossProfit": 701600000, "grossProfitRatio": 0.6005306856, "researchAndDevelopmentExpenses": 69000000, "generalAndAdministrativeExpenses": 117300000, "sellingAndMarketingExpenses": 142700000, "sellingGeneralAndAdministrativeExpenses": 260000000, "otherExpenses": 100000, "operatingExpenses": 339400000, "costAndExpenses": 806100000, "interestIncome": 400000, "interestExpense": 21600000, "depreciationAndAmortization": 101200000, "ebitda": 460300000, "ebitdaratio": 0.3939912694, "operatingIncome": 358600000, "operatingIncomeRatio": 0.3069417102, "totalOtherIncomeExpensesNet": -21100000, "incomeBeforeTax": 337500000, "incomeBeforeTaxRatio": 0.2888812805, "incomeTaxExpense": 69400000, "netIncome": 268400000, "netIncomeRatio": 0.2297355131, "eps": 1.05, "epsdiluted": 1.04, "weightedAverageShsOut": 256230000, "weightedAverageShsOutDil": 258581000, "link": "https://www.sec.gov/Archives/edgar/data/859737/000085973721000019/0000859737-21-000019-index.htm", "finalLink": "https://www.sec.gov/Archives/edgar/data/859737/000085973721000019/holx-20210626.htm"}, {"date": "2021-03-27", "symbol": "HOLX", "reportedCurrency": "USD", "cik": "0000859737", "fillingDate": "2021-04-28", "acceptedDate": "2021-04-28 16:08:31", "calendarYear": "2021", "period": "Q2", "revenue": 1537600000, "costOfRevenue": 451800000, "grossProfit": 1085800000, "grossProfitRatio": 0.7061654527, "researchAndDevelopmentExpenses": 71500000, "generalAndAdministrativeExpenses": 88900000, "sellingAndMarketingExpenses": 131500000, "sellingGeneralAndAdministrativeExpenses": 220400000, "otherExpenses": 4700000, "operatingExpenses": 302100000, "costAndExpenses": 753900000, "interestIncome": 300000, "interestExpense": 21300000, "depreciationAndAmortization": 95200000, "ebitda": 883900000, "ebitdaratio": 0.5748569199, "operatingIncome": 796800000, "operatingIncomeRatio": 0.5182101977, "totalOtherIncomeExpensesNet": -16300000, "incomeBeforeTax": 780500000, "incomeBeforeTaxRatio": 0.5076092612, "incomeTaxExpense": 161100000, "netIncome": 619900000, "netIncomeRatio": 0.40316077, "eps": 2.4, "epsdiluted": 2.38, "weightedAverageShsOut": 258473000, "weightedAverageShsOutDil": 260749000, "link": "https://www.sec.gov/Archives/edgar/data/859737/000085973721000012/0000859737-21-000012-index.htm", "finalLink": "https://www.sec.gov/Archives/edgar/data/859737/000085973721000012/holx-20210327.htm"}, {"date": "2020-12-26", "symbol": "HOLX", "reportedCurrency": "USD", "cik": "0000859737", "fillingDate": "2021-01-27", "acceptedDate": "2021-01-27 16:11:02", "calendarYear": "2021", "period": "Q1", "revenue": 1609800000, "costOfRevenue": 429400000, "grossProfit": 1180400000, "grossProfitRatio": 0.7332587899, "researchAndDevelopmentExpenses": 59300000, "generalAndAdministrativeExpenses": 91500000, "sellingAndMarketingExpenses": 128000000, "sellingGeneralAndAdministrativeExpenses": 219500000, "otherExpenses": 10100000, "operatingExpenses": 288900000, "costAndExpenses": 718300000, "interestIncome": 400000, "interestExpense": 28100000, "depreciationAndAmortization": 92800000, "ebitda": 953300000, "ebitdaratio": 0.5921853646, "operatingIncome": 885500000, "operatingIncomeRatio": 0.5500683315, "totalOtherIncomeExpensesNet": -53100000, "incomeBeforeTax": 832400000, "incomeBeforeTaxRatio": 0.5170828674, "incomeTaxExpense": 179000000, "netIncome": 654400000, "netIncomeRatio": 0.4065101255, "eps": 2.53, "epsdiluted": 2.5, "weightedAverageShsOut": 258605000, "weightedAverageShsOutDil": 261785000, "link": "https://www.sec.gov/Archives/edgar/data/859737/000085973721000006/0000859737-21-000006-index.htm", "finalLink": "https://www.sec.gov/Archives/edgar/data/859737/000085973721000006/holx-20201226.htm"}, {"date": "2020-09-26", "symbol": "HOLX", "reportedCurrency": "USD", "cik": "0000859737", "fillingDate": "2020-11-17", "acceptedDate": "2020-11-17 08:20:30", "calendarYear": "2020", "period": "Q4", "revenue": 1347000000, "costOfRevenue": 415200000, "grossProfit": 931800000, "grossProfitRatio": 0.6917594655, "researchAndDevelopmentExpenses": 57000000, "generalAndAdministrativeExpenses": 95600000, "sellingAndMarketingExpenses": 125700000, "sellingGeneralAndAdministrativeExpenses": 221300000, "otherExpenses": 9000000, "operatingExpenses": 288500000, "costAndExpenses": 703700000, "interestIncome": 300000, "interestExpense": 25000000, "depreciationAndAmortization": 94300000, "ebitda": 736700000, "ebitdaratio": 0.5469190794, "operatingIncome": 632800000, "operatingIncomeRatio": 0.4697847068, "totalOtherIncomeExpensesNet": -15700000, "incomeBeforeTax": 617100000, "incomeBeforeTaxRatio": 0.4581291759, "incomeTaxExpense": 123500000, "netIncome": 494900000, "netIncomeRatio": 0.3674090572, "eps": 1.9, "epsdiluted": 1.88, "weightedAverageShsOut": 259908000, "weightedAverageShsOutDil": 263179000, "link": "https://www.sec.gov/Archives/edgar/data/859737/000085973720000039/0000859737-20-000039-index.htm", "finalLink": "https://www.sec.gov/Archives/edgar/data/859737/000085973720000039/holx-20200926.htm"}, {"date": "2020-06-27", "symbol": "HOLX", "reportedCurrency": "USD", "cik": "0000859737", "fillingDate": "2020-07-29", "acceptedDate": "2020-07-29 17:10:10", "calendarYear": "2020", "period": "Q3", "revenue": 822900000, "costOfRevenue": 356800000, "grossProfit": 466100000, "grossProfitRatio": 0.5664114716, "researchAndDevelopmentExpenses": 55100000, "generalAndAdministrativeExpenses": 105300000, "sellingAndMarketingExpenses": 103500000, "sellingGeneralAndAdministrativeExpenses": 208800000, "otherExpenses": 4300000, "operatingExpenses": 274100000, "costAndExpenses": 630900000, "interestIncome": 500000, "interestExpense": 27400000, "depreciationAndAmortization": 93600000, "ebitda": 286300000, "ebitdaratio": 0.3479159072, "operatingIncome": 191000000, "operatingIncomeRatio": 0.2321059667, "totalOtherIncomeExpensesNet": -22600000, "incomeBeforeTax": 168400000, "incomeBeforeTaxRatio": 0.2046421193, "incomeTaxExpense": 32000000, "netIncome": 137900000, "netIncomeRatio": 0.1675780775, "eps": 0.53, "epsdiluted": 0.53, "weightedAverageShsOut": 259870000, "weightedAverageShsOutDil": 261047000, "link": "https://www.sec.gov/Archives/edgar/data/859737/000085973720000028/0000859737-20-000028-index.htm", "finalLink": "https://www.sec.gov/Archives/edgar/data/859737/000085973720000028/holx-20200627.htm"}, {"date": "2020-03-28", "symbol": "HOLX", "reportedCurrency": "USD", "cik": "0000859737", "fillingDate": "2020-04-29", "acceptedDate": "2020-04-29 16:11:28", "calendarYear": "2020", "period": "Q2", "revenue": 756100000, "costOfRevenue": 360300000, "grossProfit": 395800000, "grossProfitRatio": 0.5234757307, "researchAndDevelopmentExpenses": 49300000, "generalAndAdministrativeExpenses": 66500000, "sellingAndMarketingExpenses": 110600000, "sellingGeneralAndAdministrativeExpenses": 177100000, "otherExpenses": -7500000, "operatingExpenses": 236500000, "costAndExpenses": 596800000, "interestIncome": 1300000, "interestExpense": 31300000, "depreciationAndAmortization": 93700000, "ebitda": 243900000, "ebitdaratio": 0.3225763788, "operatingIncome": 156400000, "operatingIncomeRatio": 0.2068509456, "totalOtherIncomeExpensesNet": -37500000, "incomeBeforeTax": 118900000, "incomeBeforeTaxRatio": 0.1572543314, "incomeTaxExpense": 24100000, "netIncome": 96300000, "netIncomeRatio": 0.1273641053, "eps": 0.37, "epsdiluted": 0.36, "weightedAverageShsOut": 263238000, "weightedAverageShsOutDil": 264506000, "link": "https://www.sec.gov/Archives/edgar/data/859737/000085973720000018/0000859737-20-000018-index.htm", "finalLink": "https://www.sec.gov/Archives/edgar/data/859737/000085973720000018/holxq2-2020.htm"}, {"date": "2019-12-28", "symbol": "HOLX", "reportedCurrency": "USD", "cik": "0000859737", "fillingDate": "2020-01-29", "acceptedDate": "2020-01-29 16:12:16", "calendarYear": "2020", "period": "Q1", "revenue": 850500000, "costOfRevenue": 416700000, "grossProfit": 433800000, "grossProfitRatio": 0.5100529101, "researchAndDevelopmentExpenses": 61200000, "generalAndAdministrativeExpenses": 88500000, "sellingAndMarketingExpenses": 144900000, "sellingGeneralAndAdministrativeExpenses": 233400000, "otherExpenses": 3300000, "operatingExpenses": 303700000, "costAndExpenses": 720400000, "interestIncome": 2100000, "interestExpense": 32800000, "depreciationAndAmortization": 94400000, "ebitda": 224600000, "ebitdaratio": 0.264079953, "operatingIncome": 124800000, "operatingIncomeRatio": 0.1467372134, "totalOtherIncomeExpensesNet": -27400000, "incomeBeforeTax": 97400000, "incomeBeforeTaxRatio": 0.1145208701, "incomeTaxExpense": -288400000, "netIncome": 386100000, "netIncomeRatio": 0.453968254, "eps": 1.44, "epsdiluted": 1.43, "weightedAverageShsOut": 267893000, "weightedAverageShsOutDil": 269721000, "link": "https://www.sec.gov/Archives/edgar/data/859737/000085973720000007/0000859737-20-000007-index.htm", "finalLink": "https://www.sec.gov/Archives/edgar/data/859737/000085973720000007/holxq1-2020.htm"}, {"date": "2019-09-28", "symbol": "HOLX", "reportedCurrency": "USD", "cik": "0000859737", "fillingDate": "2019-11-27", "acceptedDate": "2019-11-27 07:48:06", "calendarYear": "2019", "period": "Q4", "revenue": 865800000, "costOfRevenue": 479100000, "grossProfit": 386700000, "grossProfitRatio": 0.4466389466, "researchAndDevelopmentExpenses": 60400000, "generalAndAdministrativeExpenses": 83700000, "sellingAndMarketingExpenses": 141800000, "sellingGeneralAndAdministrativeExpenses": 225500000, "otherExpenses": -2800000, "operatingExpenses": 297800000, "costAndExpenses": 776900000, "interestIncome": 1300000, "interestExpense": 34800000, "depreciationAndAmortization": 113400000, "ebitda": 187800000, "ebitdaratio": 0.2169092169, "operatingIncome": 76000000, "operatingIncomeRatio": 0.0877800878, "totalOtherIncomeExpensesNet": -36300000, "incomeBeforeTax": 39700000, "incomeBeforeTaxRatio": 0.0458535459, "incomeTaxExpense": -200000, "netIncome": 39900000, "netIncomeRatio": 0.0460845461, "eps": 0.15, "epsdiluted": 0.15, "weightedAverageShsOut": 268894000, "weightedAverageShsOutDil": 270993000, "link": "https://www.sec.gov/Archives/edgar/data/859737/000085973719000026/0000859737-19-000026-index.htm", "finalLink": "https://www.sec.gov/Archives/edgar/data/859737/000085973719000026/holxq4-2019.htm"}, {"date": "2019-06-29", "symbol": "HOLX", "reportedCurrency": "USD", "cik": "0000859737", "fillingDate": "2019-07-31", "acceptedDate": "2019-07-31 16:21:47", "calendarYear": "2019", "period": "Q3", "revenue": 852400000, "costOfRevenue": 407600000, "grossProfit": 444800000, "grossProfitRatio": 0.5218207414, "researchAndDevelopmentExpenses": 61400000, "generalAndAdministrativeExpenses": 79900000, "sellingAndMarketingExpenses": 143600000, "sellingGeneralAndAdministrativeExpenses": 223500000, "otherExpenses": 2900000, "operatingExpenses": 296800000, "costAndExpenses": 704400000, "interestIncome": 1200000, "interestExpense": 35100000, "depreciationAndAmortization": 113300000, "ebitda": 262700000, "ebitdaratio": 0.3081886438, "operatingIncome": 145300000, "operatingIncomeRatio": 0.170459878, "totalOtherIncomeExpensesNet": -31000000, "incomeBeforeTax": 114300000, "incomeBeforeTaxRatio": 0.1340919756, "incomeTaxExpense": 20400000, "netIncome": 93900000, "netIncomeRatio": 0.1101595495, "eps": 0.35, "epsdiluted": 0.35, "weightedAverageShsOut": 268932000, "weightedAverageShsOutDil": 270789000, "link": "https://www.sec.gov/Archives/edgar/data/859737/000085973719000023/0000859737-19-000023-index.htm", "finalLink": "https://www.sec.gov/Archives/edgar/data/859737/000085973719000023/holxq3-2019.htm"}, {"date": "2019-03-30", "symbol": "HOLX", "reportedCurrency": "USD", "cik": "0000859737", "fillingDate": "2019-05-01", "acceptedDate": "2019-05-01 16:20:18", "calendarYear": "2019", "period": "Q2", "revenue": 818400000, "costOfRevenue": 776000000, "grossProfit": 42400000, "grossProfitRatio": 0.0518084066, "researchAndDevelopmentExpenses": 57300000, "generalAndAdministrativeExpenses": 89900000, "sellingAndMarketingExpenses": 133500000, "sellingGeneralAndAdministrativeExpenses": 223400000, "otherExpenses": 3500000, "operatingExpenses": 294800000, "costAndExpenses": 1070800000, "interestIncome": 800000, "interestExpense": 34800000, "depreciationAndAmortization": 117600000, "ebitda": -201300000, "ebitdaratio": -0.2459677419, "operatingIncome": -323200000, "operatingIncomeRatio": -0.394916911, "totalOtherIncomeExpensesNet": -30500000, "incomeBeforeTax": -353700000, "incomeBeforeTaxRatio": -0.4321847507, "incomeTaxExpense": -81100000, "netIncome": -272600000, "netIncomeRatio": -0.3330889541, "eps": -1.01, "epsdiluted": -1.01, "weightedAverageShsOut": 269235000, "weightedAverageShsOutDil": 269235000, "link": "https://www.sec.gov/Archives/edgar/data/859737/000085973719000013/0000859737-19-000013-index.htm", "finalLink": "https://www.sec.gov/Archives/edgar/data/859737/000085973719000013/holx_q2-2019.htm"}, {"date": "2018-12-29", "symbol": "HOLX", "reportedCurrency": "USD", "cik": "0000859737", "fillingDate": "2019-01-30", "acceptedDate": "2019-01-30 16:12:10", "calendarYear": "2019", "period": "Q1", "revenue": 830700000, "costOfRevenue": 396600000, "grossProfit": 434100000, "grossProfitRatio": 0.5225713254, "researchAndDevelopmentExpenses": 53200000, "generalAndAdministrativeExpenses": 78600000, "sellingAndMarketingExpenses": 146000000, "sellingGeneralAndAdministrativeExpenses": 224600000, "otherExpenses": -600000, "operatingExpenses": 291900000, "costAndExpenses": 688500000, "interestIncome": 1300000, "interestExpense": 36100000, "depreciationAndAmortization": 118800000, "ebitda": 259200000, "ebitdaratio": 0.3120260022, "operatingIncome": 140500000, "operatingIncomeRatio": 0.1691344649, "totalOtherIncomeExpensesNet": -36200000, "incomeBeforeTax": 104300000, "incomeBeforeTaxRatio": 0.1255567594, "incomeTaxExpense": 5700000, "netIncome": 98600000, "netIncomeRatio": 0.1186950764, "eps": 0.36, "epsdiluted": 0.36, "weightedAverageShsOut": 270590000, "weightedAverageShsOutDil": 272372000, "link": "https://www.sec.gov/Archives/edgar/data/859737/000085973719000002/0000859737-19-000002-index.htm", "finalLink": "https://www.sec.gov/Archives/edgar/data/859737/000085973719000002/holx_q1-2019.htm"}, {"date": "2018-09-29", "symbol": "HOLX", "reportedCurrency": "USD", "cik": "0000859737", "fillingDate": "2018-11-20", "acceptedDate": "2018-11-20 08:00:52", "calendarYear": "2018", "period": "Q4", "revenue": 813500000, "costOfRevenue": 392400000, "grossProfit": 421100000, "grossProfitRatio": 0.5176398279, "researchAndDevelopmentExpenses": 52700000, "generalAndAdministrativeExpenses": 118100000, "sellingAndMarketingExpenses": 133500000, "sellingGeneralAndAdministrativeExpenses": 251600000, "otherExpenses": 4500000, "operatingExpenses": 319100000, "costAndExpenses": 711500000, "interestIncome": 1900000, "interestExpense": 34300000, "depreciationAndAmortization": 14800000, "ebitda": 224700000, "ebitdaratio": 0.2762138906, "operatingIncome": 99200000, "operatingIncomeRatio": 0.121942225, "totalOtherIncomeExpensesNet": -27700000, "incomeBeforeTax": 71300000, "incomeBeforeTaxRatio": 0.0876459742, "incomeTaxExpense": 20800000, "netIncome": 50500000, "netIncomeRatio": 0.0620774431, "eps": 0.19, "epsdiluted": 0.18, "weightedAverageShsOut": 272720000, "weightedAverageShsOutDil": 274981000, "link": "https://www.sec.gov/Archives/edgar/data/859737/000085973718000020/0000859737-18-000020-index.htm", "finalLink": "https://www.sec.gov/Archives/edgar/data/859737/000085973718000020/holx_q4-2018.htm"}, {"date": "2018-06-30", "symbol": "HOLX", "reportedCurrency": "USD", "cik": "0000859737", "fillingDate": "2018-07-31", "acceptedDate": "2018-07-31 16:12:45", "calendarYear": "2018", "period": "Q3", "revenue": 824000000, "costOfRevenue": 388000000, "grossProfit": 436000000, "grossProfitRatio": 0.5291262136, "researchAndDevelopmentExpenses": 54400000, "generalAndAdministrativeExpenses": 86300000, "sellingAndMarketingExpenses": 141100000, "sellingGeneralAndAdministrativeExpenses": 227400000, "otherExpenses": 5200000, "operatingExpenses": 297100000, "costAndExpenses": 685100000, "interestIncome": 1500000, "interestExpense": 34500000, "depreciationAndAmortization": 120500000, "ebitda": 260300000, "ebitdaratio": 0.3158980583, "operatingIncome": 133100000, "operatingIncomeRatio": 0.1615291262, "totalOtherIncomeExpensesNet": -27800000, "incomeBeforeTax": 105300000, "incomeBeforeTaxRatio": 0.1277912621, "incomeTaxExpense": -7600000, "netIncome": 112900000, "netIncomeRatio": 0.1370145631, "eps": 0.41, "epsdiluted": 0.41, "weightedAverageShsOut": 273729000, "weightedAverageShsOutDil": 275569000, "link": "https://www.sec.gov/Archives/edgar/data/859737/000085973718000012/0000859737-18-000012-index.htm", "finalLink": "https://www.sec.gov/Archives/edgar/data/859737/000085973718000012/holx_q3-2018.htm"}, {"date": "2018-03-31", "symbol": "HOLX", "reportedCurrency": "USD", "cik": "0000859737", "fillingDate": "2018-05-02", "acceptedDate": "2018-05-02 16:13:12", "calendarYear": "2018", "period": "Q2", "revenue": 789300000, "costOfRevenue": 374200000, "grossProfit": 415100000, "grossProfitRatio": 0.5259090333, "researchAndDevelopmentExpenses": 56800000, "generalAndAdministrativeExpenses": 83800000, "sellingAndMarketingExpenses": 130500000, "sellingGeneralAndAdministrativeExpenses": 214300000, "otherExpenses": -5100000, "operatingExpenses": 285800000, "costAndExpenses": 660000000, "interestIncome": 2100000, "interestExpense": 38900000, "depreciationAndAmortization": 119500000, "ebitda": -532600000, "ebitdaratio": -0.6747751172, "operatingIncome": -604200000, "operatingIncomeRatio": -0.7654884074, "totalOtherIncomeExpensesNet": -86800000, "incomeBeforeTax": -691000000, "incomeBeforeTaxRatio": -0.8754592677, "incomeTaxExpense": -9600000, "netIncome": -681400000, "netIncomeRatio": -0.8632965919, "eps": -2.46, "epsdiluted": -2.46, "weightedAverageShsOut": 276991869, "weightedAverageShsOutDil": 277114000, "link": "https://www.sec.gov/Archives/edgar/data/859737/000085973718000006/0000859737-18-000006-index.htm", "finalLink": "https://www.sec.gov/Archives/edgar/data/859737/000085973718000006/holx_q2-2018.htm"}, {"date": "2017-12-30", "symbol": "HOLX", "reportedCurrency": "USD", "cik": "0000859737", "fillingDate": "2018-02-08", "acceptedDate": "2018-02-08 16:23:00", "calendarYear": "2018", "period": "Q1", "revenue": 791100000, "costOfRevenue": 366600000, "grossProfit": 424500000, "grossProfitRatio": 0.5365946151, "researchAndDevelopmentExpenses": 54800000, "generalAndAdministrativeExpenses": 77900000, "sellingAndMarketingExpenses": 139500000, "sellingGeneralAndAdministrativeExpenses": 217400000, "otherExpenses": 2900000, "operatingExpenses": 286600000, "costAndExpenses": 653200000, "interestIncome": 800000, "interestExpense": 41000000, "depreciationAndAmortization": 121200000, "ebitda": 255700000, "ebitdaratio": 0.3232208318, "operatingIncome": 134100000, "operatingIncomeRatio": 0.1695108077, "totalOtherIncomeExpensesNet": -38300000, "incomeBeforeTax": 95800000, "incomeBeforeTaxRatio": 0.1210972064, "incomeTaxExpense": -310900000, "netIncome": 406700000, "netIncomeRatio": 0.5140942991, "eps": 1.47, "epsdiluted": 1.45, "weightedAverageShsOut": 276856000, "weightedAverageShsOutDil": 280802000, "link": "https://www.sec.gov/Archives/edgar/data/859737/000085973718000002/0000859737-18-000002-index.htm", "finalLink": "https://www.sec.gov/Archives/edgar/data/859737/000085973718000002/holx_q1-2018.htm"}, {"date": "2017-09-30", "symbol": "HOLX", "reportedCurrency": "USD", "cik": "0000859737", "fillingDate": "2017-11-21", "acceptedDate": "2017-11-21 08:54:05", "calendarYear": "2017", "period": "Q4", "revenue": 802900000, "costOfRevenue": 385000000, "grossProfit": 417900000, "grossProfitRatio": 0.5204882302, "researchAndDevelopmentExpenses": 60500000, "generalAndAdministrativeExpenses": 90600000, "sellingAndMarketingExpenses": 139700000, "sellingGeneralAndAdministrativeExpenses": 230300000, "otherExpenses": -800000, "operatingExpenses": 306000000, "costAndExpenses": 691000000, "interestIncome": 500000, "interestExpense": 36100000, "depreciationAndAmortization": 15200000, "ebitda": 229000000, "ebitdaratio": 0.2852160917, "operatingIncome": 109400000, "operatingIncomeRatio": 0.1362560717, "totalOtherIncomeExpensesNet": -37100000, "incomeBeforeTax": 72400000, "incomeBeforeTaxRatio": 0.0901731224, "incomeTaxExpense": -10300000, "netIncome": 82700000, "netIncomeRatio": 0.1030016191, "eps": 0.3, "epsdiluted": 0.29, "weightedAverageShsOut": 279543000, "weightedAverageShsOutDil": 284741000, "link": "https://www.sec.gov/Archives/edgar/data/859737/000085973717000023/0000859737-17-000023-index.htm", "finalLink": "https://www.sec.gov/Archives/edgar/data/859737/000085973717000023/holx_q4-2017.htm"}, {"date": "2017-07-01", "symbol": "HOLX", "reportedCurrency": "USD", "cik": "0000859737", "fillingDate": "2017-08-02", "acceptedDate": "2017-08-02 16:10:59", "calendarYear": "2017", "period": "Q3", "revenue": 806100000, "costOfRevenue": 396500000, "grossProfit": 409600000, "grossProfitRatio": 0.5081255427, "researchAndDevelopmentExpenses": 62500000, "generalAndAdministrativeExpenses": 65500000, "sellingAndMarketingExpenses": 145400000, "sellingGeneralAndAdministrativeExpenses": 210900000, "otherExpenses": 100000, "operatingExpenses": 288600000, "costAndExpenses": 685100000, "interestIncome": 1100000, "interestExpense": 39100000, "depreciationAndAmortization": 118300000, "ebitda": 230300000, "ebitdaratio": 0.2856965637, "operatingIncome": 115000000, "operatingIncomeRatio": 0.1426622007, "totalOtherIncomeExpensesNet": -40500000, "incomeBeforeTax": 74500000, "incomeBeforeTaxRatio": 0.0924202952, "incomeTaxExpense": 15000000, "netIncome": 59500000, "netIncomeRatio": 0.0738121821, "eps": 0.21, "epsdiluted": 0.21, "weightedAverageShsOut": 280824000, "weightedAverageShsOutDil": 287638000, "link": "https://www.sec.gov/Archives/edgar/data/859737/000085973717000020/0000859737-17-000020-index.htm", "finalLink": "https://www.sec.gov/Archives/edgar/data/859737/000085973717000020/holx_q3-2017.htm"}, {"date": "2017-04-01", "symbol": "HOLX", "reportedCurrency": "USD", "cik": "0000859737", "fillingDate": "2017-05-10", "acceptedDate": "2017-05-10 16:36:46", "calendarYear": "2017", "period": "Q2", "revenue": 715400000, "costOfRevenue": 326700000, "grossProfit": 388700000, "grossProfitRatio": 0.5433324015, "researchAndDevelopmentExpenses": 55400000, "generalAndAdministrativeExpenses": 117400000, "sellingAndMarketingExpenses": 103400000, "sellingGeneralAndAdministrativeExpenses": 220800000, "otherExpenses": 3400000, "operatingExpenses": 287000000, "costAndExpenses": 613700000, "interestIncome": 1900000, "interestExpense": 37500000, "depreciationAndAmortization": 95100000, "ebitda": 1100200000, "ebitdaratio": 1.5378809058, "operatingIncome": 999800000, "operatingIncomeRatio": 1.3975398379, "totalOtherIncomeExpensesNet": -32200000, "incomeBeforeTax": 967600000, "incomeBeforeTaxRatio": 1.3525300531, "incomeTaxExpense": 440800000, "netIncome": 526800000, "netIncomeRatio": 0.7363712608, "eps": 1.88, "epsdiluted": 1.84, "weightedAverageShsOut": 280215000, "weightedAverageShsOutDil": 286010000, "link": "https://www.sec.gov/Archives/edgar/data/859737/000085973717000013/0000859737-17-000013-index.htm", "finalLink": "https://www.sec.gov/Archives/edgar/data/859737/000085973717000013/holx_q2-2017.htm"}, {"date": "2016-12-31", "symbol": "HOLX", "reportedCurrency": "USD", "cik": "0000859737", "fillingDate": "2017-02-03", "acceptedDate": "2017-02-03 07:01:21", "calendarYear": "2017", "period": "Q1", "revenue": 734400000, "costOfRevenue": 329600000, "grossProfit": 404800000, "grossProfitRatio": 0.5511982571, "researchAndDevelopmentExpenses": 54400000, "generalAndAdministrativeExpenses": 69800000, "sellingAndMarketingExpenses": 110000000, "sellingGeneralAndAdministrativeExpenses": 179800000, "otherExpenses": 10200000, "operatingExpenses": 255600000, "costAndExpenses": 585200000, "interestIncome": 300000, "interestExpense": 40400000, "depreciationAndAmortization": 115300000, "ebitda": 271800000, "ebitdaratio": 0.3700980392, "operatingIncome": 146000000, "operatingIncomeRatio": 0.1988017429, "totalOtherIncomeExpensesNet": -29900000, "incomeBeforeTax": 116100000, "incomeBeforeTaxRatio": 0.1580882353, "incomeTaxExpense": 29600000, "netIncome": 86500000, "netIncomeRatio": 0.1177832244, "eps": 0.31, "epsdiluted": 0.3, "weightedAverageShsOut": 278663000, "weightedAverageShsOutDil": 284224000, "link": "https://www.sec.gov/Archives/edgar/data/859737/000085973717000004/0000859737-17-000004-index.htm", "finalLink": "https://www.sec.gov/Archives/edgar/data/859737/000085973717000004/holx_q1-2017.htm"}, {"date": "2016-09-24", "symbol": "HOLX", "reportedCurrency": "USD", "cik": "0000859737", "fillingDate": "2016-11-17", "acceptedDate": "2016-11-17 06:23:23", "calendarYear": "2016", "period": "Q4", "revenue": 726800000, "costOfRevenue": 320700000, "grossProfit": 406100000, "grossProfitRatio": 0.5587506879, "researchAndDevelopmentExpenses": 62500000, "generalAndAdministrativeExpenses": 65400000, "sellingAndMarketingExpenses": 105800000, "sellingGeneralAndAdministrativeExpenses": 171200000, "otherExpenses": -900000, "operatingExpenses": 256100000, "costAndExpenses": 576800000, "interestIncome": 100000, "interestExpense": 37900000, "depreciationAndAmortization": 22400000, "ebitda": 260100000, "ebitdaratio": 0.3578701156, "operatingIncome": 147100000, "operatingIncomeRatio": 0.2023940561, "totalOtherIncomeExpensesNet": -39400000, "incomeBeforeTax": 107600000, "incomeBeforeTaxRatio": 0.14804623, "incomeTaxExpense": 15400000, "netIncome": 92100000, "netIncomeRatio": 0.1267198679, "eps": 0.33, "epsdiluted": 0.33, "weightedAverageShsOut": 277549000, "weightedAverageShsOutDil": 282494000, "link": "https://www.sec.gov/Archives/edgar/data/859737/000085973716000071/0000859737-16-000071-index.htm", "finalLink": "https://www.sec.gov/Archives/edgar/data/859737/000085973716000071/holx_q4-2016.htm"}, {"date": "2016-06-25", "symbol": "HOLX", "reportedCurrency": "USD", "cik": "0000859737", "fillingDate": "2016-07-27", "acceptedDate": "2016-07-27 16:05:58", "calendarYear": "2016", "period": "Q3", "revenue": 717400000, "costOfRevenue": 324300000, "grossProfit": 393100000, "grossProfitRatio": 0.5479509339, "researchAndDevelopmentExpenses": 58800000, "generalAndAdministrativeExpenses": 62500000, "sellingAndMarketingExpenses": 109000000, "sellingGeneralAndAdministrativeExpenses": 171500000, "otherExpenses": 600000, "operatingExpenses": 252200000, "costAndExpenses": 576500000, "interestIncome": 200000, "interestExpense": 39100000, "depreciationAndAmortization": 120900000, "ebitda": 261100000, "ebitdaratio": 0.3639531642, "operatingIncome": 139400000, "operatingIncomeRatio": 0.1943127962, "totalOtherIncomeExpensesNet": -38300000, "incomeBeforeTax": 101100000, "incomeBeforeTaxRatio": 0.1409255645, "incomeTaxExpense": 16300000, "netIncome": 84800000, "netIncomeRatio": 0.1182046278, "eps": 0.31, "epsdiluted": 0.3, "weightedAverageShsOut": 277853000, "weightedAverageShsOutDil": 282302000, "link": "https://www.sec.gov/Archives/edgar/data/859737/000085973716000061/0000859737-16-000061-index.htm", "finalLink": "https://www.sec.gov/Archives/edgar/data/859737/000085973716000061/holx_q3-2016.htm"}, {"date": "2016-03-26", "symbol": "HOLX", "reportedCurrency": "USD", "cik": "0000859737", "fillingDate": "2016-04-27", "acceptedDate": "2016-04-27 16:07:56", "calendarYear": "2016", "period": "Q2", "revenue": 693300000, "costOfRevenue": 308300000, "grossProfit": 385000000, "grossProfitRatio": 0.5553151594, "researchAndDevelopmentExpenses": 59100000, "generalAndAdministrativeExpenses": 62400000, "sellingAndMarketingExpenses": 100800000, "sellingGeneralAndAdministrativeExpenses": 163200000, "otherExpenses": -800000, "operatingExpenses": 245100000, "costAndExpenses": 553400000, "interestIncome": 200000, "interestExpense": 39100000, "depreciationAndAmortization": 114000000, "ebitda": 253300000, "ebitdaratio": 0.3653541036, "operatingIncome": 136100000, "operatingIncomeRatio": 0.1963075148, "totalOtherIncomeExpensesNet": -44200000, "incomeBeforeTax": 91900000, "incomeBeforeTaxRatio": 0.1325544497, "incomeTaxExpense": 23000000, "netIncome": 68900000, "netIncomeRatio": 0.0993797779, "eps": 0.24, "epsdiluted": 0.24, "weightedAverageShsOut": 282474000, "weightedAverageShsOutDil": 287857000, "link": "https://www.sec.gov/Archives/edgar/data/859737/000085973716000052/0000859737-16-000052-index.htm", "finalLink": "https://www.sec.gov/Archives/edgar/data/859737/000085973716000052/holx_q2-2016.htm"}, {"date": "2015-12-26", "symbol": "HOLX", "reportedCurrency": "USD", "cik": "0000859737", "fillingDate": "2016-01-27", "acceptedDate": "2016-01-27 16:06:33", "calendarYear": "2016", "period": "Q1", "revenue": 695200000, "costOfRevenue": 316100000, "grossProfit": 379100000, "grossProfitRatio": 0.545310702, "researchAndDevelopmentExpenses": 51700000, "generalAndAdministrativeExpenses": 77000000, "sellingAndMarketingExpenses": 99400000, "sellingGeneralAndAdministrativeExpenses": 176400000, "otherExpenses": 27600000, "operatingExpenses": 250700000, "costAndExpenses": 566800000, "interestIncome": 200000, "interestExpense": 39200000, "depreciationAndAmortization": 115900000, "ebitda": 269800000, "ebitdaratio": 0.3880897583, "operatingIncome": 126100000, "operatingIncomeRatio": 0.1813866513, "totalOtherIncomeExpensesNet": -11400000, "incomeBeforeTax": 114700000, "incomeBeforeTaxRatio": 0.1649884925, "incomeTaxExpense": 29800000, "netIncome": 84900000, "netIncomeRatio": 0.12212313, "eps": 0.3, "epsdiluted": 0.29, "weightedAverageShsOut": 282976000, "weightedAverageShsOutDil": 291971000, "link": "https://www.sec.gov/Archives/edgar/data/859737/000085973716000042/0000859737-16-000042-index.htm", "finalLink": "https://www.sec.gov/Archives/edgar/data/859737/000085973716000042/holx_q1-2016.htm"}, {"date": "2015-09-26", "symbol": "HOLX", "reportedCurrency": "USD", "cik": "0000859737", "fillingDate": "2015-11-19", "acceptedDate": "2015-11-19 06:31:19", "calendarYear": "2015", "period": "Q4", "revenue": 702800000, "costOfRevenue": 323400000, "grossProfit": 379400000, "grossProfitRatio": 0.5398406375, "researchAndDevelopmentExpenses": 53800000, "generalAndAdministrativeExpenses": 66200000, "sellingAndMarketingExpenses": 99700000, "sellingGeneralAndAdministrativeExpenses": 165900000, "otherExpenses": -11500000, "operatingExpenses": 247200000, "costAndExpenses": 570600000, "interestIncome": 300000, "interestExpense": 51200000, "depreciationAndAmortization": 122300000, "ebitda": 243300000, "ebitdaratio": 0.3461866818, "operatingIncome": 125700000, "operatingIncomeRatio": 0.1788560046, "totalOtherIncomeExpensesNet": -100300000, "incomeBeforeTax": 25500000, "incomeBeforeTaxRatio": 0.0362834377, "incomeTaxExpense": 300000, "netIncome": 25100000, "netIncomeRatio": 0.0357142857, "eps": 0.09, "epsdiluted": 0.09, "weightedAverageShsOut": 282072000, "weightedAverageShsOutDil": 294778000, "link": "https://www.sec.gov/Archives/edgar/data/859737/000085973715000034/0000859737-15-000034-index.htm", "finalLink": "https://www.sec.gov/Archives/edgar/data/859737/000085973715000034/holx_q4-2015.htm"}, {"date": "2015-06-27", "symbol": "HOLX", "reportedCurrency": "USD", "cik": "0000859737", "fillingDate": "2015-07-29", "acceptedDate": "2015-07-29 16:09:19", "calendarYear": "2015", "period": "Q3", "revenue": 693900000, "costOfRevenue": 315200000, "grossProfit": 378700000, "grossProfitRatio": 0.5457558726, "researchAndDevelopmentExpenses": 56000000, "generalAndAdministrativeExpenses": 73100000, "sellingAndMarketingExpenses": 94300000, "sellingGeneralAndAdministrativeExpenses": 167400000, "otherExpenses": 1300000, "operatingExpenses": 250800000, "costAndExpenses": 566000000, "interestIncome": 300000, "interestExpense": 52400000, "depreciationAndAmortization": 120500000, "ebitda": 249700000, "ebitdaratio": 0.3598501225, "operatingIncome": 116000000, "operatingIncomeRatio": 0.1671710621, "totalOtherIncomeExpensesNet": -69300000, "incomeBeforeTax": 46700000, "incomeBeforeTaxRatio": 0.0673007638, "incomeTaxExpense": 17300000, "netIncome": 29400000, "netIncomeRatio": 0.0423692175, "eps": 0.1, "epsdiluted": 0.1, "weightedAverageShsOut": 281184000, "weightedAverageShsOutDil": 292612000, "link": "https://www.sec.gov/Archives/edgar/data/859737/000085973715000018/0000859737-15-000018-index.htm", "finalLink": "https://www.sec.gov/Archives/edgar/data/859737/000085973715000018/holx_q3-2015.htm"}, {"date": "2015-03-28", "symbol": "HOLX", "reportedCurrency": "USD", "cik": "0000859737", "fillingDate": "2015-04-30", "acceptedDate": "2015-04-30 08:06:54", "calendarYear": "2015", "period": "Q2", "revenue": 655500000, "costOfRevenue": 319500000, "grossProfit": 336000000, "grossProfitRatio": 0.5125858124, "researchAndDevelopmentExpenses": 53300000, "generalAndAdministrativeExpenses": 60300000, "sellingAndMarketingExpenses": 83000000, "sellingGeneralAndAdministrativeExpenses": 143300000, "otherExpenses": 400000, "operatingExpenses": 224200000, "costAndExpenses": 543700000, "interestIncome": 300000, "interestExpense": 49400000, "depreciationAndAmortization": 126600000, "ebitda": 236800000, "ebitdaratio": 0.3612509535, "operatingIncome": 109800000, "operatingIncomeRatio": 0.1675057208, "totalOtherIncomeExpensesNet": -49000000, "incomeBeforeTax": 60800000, "incomeBeforeTaxRatio": 0.0927536232, "incomeTaxExpense": 13000000, "netIncome": 47800000, "netIncomeRatio": 0.072921434, "eps": 0.17, "epsdiluted": 0.17, "weightedAverageShsOut": 280338000, "weightedAverageShsOutDil": 287580000, "link": "https://www.sec.gov/Archives/edgar/data/859737/000085973715000010/0000859737-15-000010-index.htm", "finalLink": "https://www.sec.gov/Archives/edgar/data/859737/000085973715000010/holx_q2-2015.htm"}, {"date": "2014-12-27", "symbol": "HOLX", "reportedCurrency": "USD", "cik": "0000859737", "fillingDate": "2015-01-29", "acceptedDate": "2015-01-29 07:57:46", "calendarYear": "2015", "period": "Q1", "revenue": 652800000, "costOfRevenue": 314200000, "grossProfit": 338600000, "grossProfitRatio": 0.5186887255, "researchAndDevelopmentExpenses": 52000000, "generalAndAdministrativeExpenses": 61300000, "sellingAndMarketingExpenses": 86000000, "sellingGeneralAndAdministrativeExpenses": 147300000, "otherExpenses": -200000, "operatingExpenses": 227100000, "costAndExpenses": 541300000, "interestIncome": 400000, "interestExpense": 52500000, "depreciationAndAmortization": 122000000, "ebitda": 233300000, "ebitdaratio": 0.3573835784, "operatingIncome": 103500000, "operatingIncomeRatio": 0.1585477941, "totalOtherIncomeExpensesNet": -59400000, "incomeBeforeTax": 44100000, "incomeBeforeTaxRatio": 0.0675551471, "incomeTaxExpense": 14900000, "netIncome": 29200000, "netIncomeRatio": 0.0447303922, "eps": 0.1, "epsdiluted": 0.1, "weightedAverageShsOut": 278671000, "weightedAverageShsOutDil": 283176000, "link": "https://www.sec.gov/Archives/edgar/data/859737/000085973715000005/0000859737-15-000005-index.htm", "finalLink": "https://www.sec.gov/Archives/edgar/data/859737/000085973715000005/holx_q1-2015.htm"}, {"date": "2014-09-27", "symbol": "HOLX", "reportedCurrency": "USD", "cik": "0000859737", "fillingDate": "2014-11-20", "acceptedDate": "2014-11-20 07:00:54", "calendarYear": "2014", "period": "Q4", "revenue": 660600000, "costOfRevenue": 315600000, "grossProfit": 345000000, "grossProfitRatio": 0.5222524977, "researchAndDevelopmentExpenses": 52100000, "generalAndAdministrativeExpenses": 65200000, "sellingAndMarketingExpenses": 86800000, "sellingGeneralAndAdministrativeExpenses": 152000000, "otherExpenses": -800000, "operatingExpenses": 232900000, "costAndExpenses": 548500000, "interestIncome": 500000, "interestExpense": 52400000, "depreciationAndAmortization": 28800000, "ebitda": 140100000, "ebitdaratio": 0.2120799273, "operatingIncome": 91900000, "operatingIncomeRatio": 0.1391159552, "totalOtherIncomeExpensesNet": -53400000, "incomeBeforeTax": 38700000, "incomeBeforeTaxRatio": 0.0585831063, "incomeTaxExpense": 10500000, "netIncome": 28100000, "netIncomeRatio": 0.0425370875, "eps": 0.1, "epsdiluted": 0.1, "weightedAverageShsOut": 277855000, "weightedAverageShsOutDil": 282217000, "link": "https://www.sec.gov/Archives/edgar/data/859737/000085973714000008/0000859737-14-000008-index.htm", "finalLink": "https://www.sec.gov/Archives/edgar/data/859737/000085973714000008/holx_q4-2014.htm"}, {"date": "2014-06-28", "symbol": "HOLX", "reportedCurrency": "USD", "cik": "0000859737", "fillingDate": "2014-07-31", "acceptedDate": "2014-07-31 07:16:07", "calendarYear": "2014", "period": "Q3", "revenue": 632600000, "costOfRevenue": 319800000, "grossProfit": 312800000, "grossProfitRatio": 0.4944672779, "researchAndDevelopmentExpenses": 52500000, "generalAndAdministrativeExpenses": 64700000, "sellingAndMarketingExpenses": 83000000, "sellingGeneralAndAdministrativeExpenses": 147700000, "otherExpenses": -1200000, "operatingExpenses": 229900000, "costAndExpenses": 549700000, "interestIncome": 300000, "interestExpense": 52400000, "depreciationAndAmortization": 29700000, "ebitda": 208900000, "ebitdaratio": 0.3302244704, "operatingIncome": 76200000, "operatingIncomeRatio": 0.120455264, "totalOtherIncomeExpensesNet": -53600000, "incomeBeforeTax": 22600000, "incomeBeforeTaxRatio": 0.035725577, "incomeTaxExpense": 11300000, "netIncome": 11300000, "netIncomeRatio": 0.0178627885, "eps": 0.04, "epsdiluted": 0.04, "weightedAverageShsOut": 276843000, "weightedAverageShsOutDil": 279205000, "link": "https://www.sec.gov/Archives/edgar/data/859737/000085973714000003/0000859737-14-000003-index.htm", "finalLink": "https://www.sec.gov/Archives/edgar/data/859737/000085973714000003/holx_q3-2014.htm"}, {"date": "2014-03-29", "symbol": "HOLX", "reportedCurrency": "USD", "cik": "0000859737", "fillingDate": "2014-05-02", "acceptedDate": "2014-05-02 06:31:35", "calendarYear": "2014", "period": "Q2", "revenue": 625008000, "costOfRevenue": 342896000, "grossProfit": 282112000, "grossProfitRatio": 0.4513734224, "researchAndDevelopmentExpenses": 49915000, "generalAndAdministrativeExpenses": 62109000, "sellingAndMarketingExpenses": 78657000, "sellingGeneralAndAdministrativeExpenses": 140766000, "otherExpenses": -7551000, "operatingExpenses": 219781000, "costAndExpenses": 562677000, "interestIncome": 149000, "interestExpense": 54449000, "depreciationAndAmortization": 29100000, "ebitda": 172700000, "ebitdaratio": 0.2763164631, "operatingIncome": 50250000, "operatingIncomeRatio": 0.0803989709, "totalOtherIncomeExpensesNet": -62050000, "incomeBeforeTax": -11750000, "incomeBeforeTaxRatio": -0.0187997594, "incomeTaxExpense": 5015000, "netIncome": -16765000, "netIncomeRatio": -0.0268236567, "eps": -0.0611, "epsdiluted": -0.0611, "weightedAverageShsOut": 274589000, "weightedAverageShsOutDil": 274589000, "link": "https://www.sec.gov/Archives/edgar/data/859737/000119312514178371/0001193125-14-178371-index.htm", "finalLink": "https://www.sec.gov/Archives/edgar/data/859737/000119312514178371/d707953d10q.htm"}, {"date": "2013-12-28", "symbol": "HOLX", "reportedCurrency": "USD", "cik": "0000859737", "fillingDate": "2014-02-06", "acceptedDate": "2014-02-06 07:01:08", "calendarYear": "2014", "period": "Q1", "revenue": 612448000, "costOfRevenue": 306852000, "grossProfit": 305596000, "grossProfitRatio": 0.4989746068, "researchAndDevelopmentExpenses": 48669000, "generalAndAdministrativeExpenses": 67819000, "sellingAndMarketingExpenses": 83257000, "sellingGeneralAndAdministrativeExpenses": 151076000, "otherExpenses": 1526000, "operatingExpenses": 225961000, "costAndExpenses": 532813000, "interestIncome": 356000, "interestExpense": 61290000, "depreciationAndAmortization": 26216000, "ebitda": 187700000, "ebitdaratio": 0.3064749987, "operatingIncome": 61285000, "operatingIncomeRatio": 0.1000656382, "totalOtherIncomeExpensesNet": -62685000, "incomeBeforeTax": -1419000, "incomeBeforeTaxRatio": -0.0023169314, "incomeTaxExpense": 3932000, "netIncome": -5351000, "netIncomeRatio": -0.0087370683, "eps": -0.0202, "epsdiluted": -0.0196, "weightedAverageShsOut": 265000000, "weightedAverageShsOutDil": 272708000, "link": "https://www.sec.gov/Archives/edgar/data/859737/000119312514037832/0001193125-14-037832-index.htm", "finalLink": "https://www.sec.gov/Archives/edgar/data/859737/000119312514037832/d635391d10q.htm"}, {"date": "2013-09-28", "symbol": "HOLX", "reportedCurrency": "USD", "cik": "0000859737", "fillingDate": "2013-11-26", "acceptedDate": "2013-11-26 06:43:20", "calendarYear": "2013", "period": "Q4", "revenue": 622118000, "costOfRevenue": 331487000, "grossProfit": 290631000, "grossProfitRatio": 0.4671637856, "researchAndDevelopmentExpenses": 48737000, "generalAndAdministrativeExpenses": 47991000, "sellingAndMarketingExpenses": 76758000, "sellingGeneralAndAdministrativeExpenses": 124749000, "otherExpenses": 2482000, "operatingExpenses": 200212000, "costAndExpenses": 531699000, "interestIncome": 531000, "interestExpense": 65783000, "depreciationAndAmortization": 132624000, "ebitda": -906530000, "ebitdaratio": -1.4571672898, "operatingIncome": -1036205000, "operatingIncomeRatio": -1.6656084537, "totalOtherIncomeExpensesNet": -1192837000, "incomeBeforeTax": -1104937000, "incomeBeforeTaxRatio": -1.7760891021, "incomeTaxExpense": 8965000, "netIncome": -1113902000, "netIncomeRatio": -1.7904995515, "eps": -4.11, "epsdiluted": -4.11, "weightedAverageShsOut": 270867000, "weightedAverageShsOutDil": 270900000, "link": "https://www.sec.gov/Archives/edgar/data/859737/000119312513453681/0001193125-13-453681-index.htm", "finalLink": "https://www.sec.gov/Archives/edgar/data/859737/000119312513453681/d592931d10k.htm"}, {"date": "2013-06-29", "symbol": "HOLX", "reportedCurrency": "USD", "cik": "0000859737", "fillingDate": "2013-08-07", "acceptedDate": "2013-08-07 08:57:36", "calendarYear": "2013", "period": "Q3", "revenue": 626136000, "costOfRevenue": 316378000, "grossProfit": 309758000, "grossProfitRatio": 0.4947136085, "researchAndDevelopmentExpenses": 47779000, "generalAndAdministrativeExpenses": 60476000, "sellingAndMarketingExpenses": 82911000, "sellingGeneralAndAdministrativeExpenses": 143387000, "otherExpenses": -913000, "operatingExpenses": 219844000, "costAndExpenses": 536222000, "interestIncome": 304000, "interestExpense": 67162000, "depreciationAndAmortization": 28678000, "ebitda": 117679000, "ebitdaratio": 0.1879447915, "operatingIncome": 61152000, "operatingIncomeRatio": 0.0976656829, "totalOtherIncomeExpensesNet": -68152000, "incomeBeforeTax": -6923000, "incomeBeforeTaxRatio": -0.0110567033, "incomeTaxExpense": 4027000, "netIncome": -10950000, "netIncomeRatio": -0.0174882134, "eps": -0.0406, "epsdiluted": -0.0406, "weightedAverageShsOut": 269430000, "weightedAverageShsOutDil": 269430000, "link": "https://www.sec.gov/Archives/edgar/data/859737/000119312513323125/0001193125-13-323125-index.htm", "finalLink": "https://www.sec.gov/Archives/edgar/data/859737/000119312513323125/d550107d10q.htm"}, {"date": "2013-03-30", "symbol": "HOLX", "reportedCurrency": "USD", "cik": "0000859737", "fillingDate": "2013-05-09", "acceptedDate": "2013-05-09 07:01:44", "calendarYear": "2013", "period": "Q2", "revenue": 612663000, "costOfRevenue": 333337000, "grossProfit": 279326000, "grossProfitRatio": 0.4559211181, "researchAndDevelopmentExpenses": 49621000, "generalAndAdministrativeExpenses": 64233000, "sellingAndMarketingExpenses": 88614000, "sellingGeneralAndAdministrativeExpenses": 152847000, "otherExpenses": 6000, "operatingExpenses": 231135000, "costAndExpenses": 564472000, "interestIncome": 207000, "interestExpense": 76049000, "depreciationAndAmortization": 28667000, "ebitda": 128577000, "ebitdaratio": 0.2098657827, "operatingIncome": 5542000, "operatingIncomeRatio": 0.009045756, "totalOtherIncomeExpensesNet": -79290000, "incomeBeforeTax": -73748000, "incomeBeforeTaxRatio": -0.120372864, "incomeTaxExpense": -22644000, "netIncome": -51104000, "netIncomeRatio": -0.083412904, "eps": -0.19, "epsdiluted": -0.19, "weightedAverageShsOut": 268175000, "weightedAverageShsOutDil": 268175000, "link": "https://www.sec.gov/Archives/edgar/data/859737/000119312513209018/0001193125-13-209018-index.htm", "finalLink": "https://www.sec.gov/Archives/edgar/data/859737/000119312513209018/d505396d10q.htm"}, {"date": "2012-12-29", "symbol": "HOLX", "reportedCurrency": "USD", "cik": "0000859737", "fillingDate": "2013-02-07", "acceptedDate": "2013-02-07 08:03:36", "calendarYear": "2013", "period": "Q1", "revenue": 631362000, "costOfRevenue": 349689000, "grossProfit": 281673000, "grossProfitRatio": 0.4461354975, "researchAndDevelopmentExpenses": 51509000, "generalAndAdministrativeExpenses": 54391000, "sellingAndMarketingExpenses": 94443000, "sellingGeneralAndAdministrativeExpenses": 148834000, "otherExpenses": 1499000, "operatingExpenses": 228869000, "costAndExpenses": 578558000, "interestIncome": 260000, "interestExpense": 72081000, "depreciationAndAmortization": 28526000, "ebitda": 192883000, "ebitdaratio": 0.3055030236, "operatingIncome": 63229000, "operatingIncomeRatio": 0.1001469838, "totalOtherIncomeExpensesNet": -70582000, "incomeBeforeTax": -7353000, "incomeBeforeTaxRatio": -0.0116462505, "incomeTaxExpense": -10471000, "netIncome": 3118000, "netIncomeRatio": 0.0049385297, "eps": 0.01, "epsdiluted": 0.01, "weightedAverageShsOut": 266344000, "weightedAverageShsOutDil": 269379000, "link": "https://www.sec.gov/Archives/edgar/data/859737/000119312513042321/0001193125-13-042321-index.htm", "finalLink": "https://www.sec.gov/Archives/edgar/data/859737/000119312513042321/d440412d10q.htm"}, {"date": "2012-09-29", "symbol": "HOLX", "reportedCurrency": "USD", "cik": "0000859737", "fillingDate": "2012-11-28", "acceptedDate": "2012-11-28 07:31:27", "calendarYear": "2012", "period": "Q4", "revenue": 588548000, "costOfRevenue": 314231000, "grossProfit": 274317000, "grossProfitRatio": 0.466091126, "researchAndDevelopmentExpenses": 47094000, "generalAndAdministrativeExpenses": 88723000, "sellingAndMarketingExpenses": 89947000, "sellingGeneralAndAdministrativeExpenses": 178670000, "otherExpenses": 2412000, "operatingExpenses": 250608000, "costAndExpenses": 564839000, "interestIncome": 393000, "interestExpense": 56673000, "depreciationAndAmortization": 24832000, "ebitda": 73357000, "ebitdaratio": 0.124640641, "operatingIncome": -43703000, "operatingIncomeRatio": -0.0742556257, "totalOtherIncomeExpensesNet": -54261000, "incomeBeforeTax": -97964000, "incomeBeforeTaxRatio": -0.166450315, "incomeTaxExpense": -20197000, "netIncome": -77767000, "netIncomeRatio": -0.1321336577, "eps": -0.3, "epsdiluted": -0.29, "weightedAverageShsOut": 259952065, "weightedAverageShsOutDil": 264938000, "link": "https://www.sec.gov/Archives/edgar/data/859737/000119312512482840/0001193125-12-482840-index.htm", "finalLink": "https://www.sec.gov/Archives/edgar/data/859737/000119312512482840/d393079d10k.htm"}, {"date": "2012-06-23", "symbol": "HOLX", "reportedCurrency": "USD", "cik": "0000859737", "fillingDate": "2012-08-02", "acceptedDate": "2012-08-02 16:06:16", "calendarYear": "2012", "period": "Q3", "revenue": 470228000, "costOfRevenue": 225588000, "grossProfit": 244640000, "grossProfitRatio": 0.5202582577, "researchAndDevelopmentExpenses": 26229000, "generalAndAdministrativeExpenses": 43421000, "sellingAndMarketingExpenses": 76368000, "sellingGeneralAndAdministrativeExpenses": 119789000, "otherExpenses": 15869000, "operatingExpenses": 161887000, "costAndExpenses": 387475000, "interestIncome": 695000, "interestExpense": 25593000, "depreciationAndAmortization": 15733000, "ebitda": 157539000, "ebitdaratio": 0.335026838, "operatingIncome": 80527000, "operatingIncomeRatio": 0.1712509676, "totalOtherIncomeExpensesNet": -25520000, "incomeBeforeTax": 55007000, "incomeBeforeTaxRatio": 0.1169794227, "incomeTaxExpense": 31413000, "netIncome": 23594000, "netIncomeRatio": 0.0501756595, "eps": 0.09, "epsdiluted": 0.09, "weightedAverageShsOut": 264609000, "weightedAverageShsOutDil": 267294000, "link": "https://www.sec.gov/Archives/edgar/data/859737/000119312512331820/0001193125-12-331820-index.htm", "finalLink": "https://www.sec.gov/Archives/edgar/data/859737/000119312512331820/d351031d10q.htm"}, {"date": "2012-03-24", "symbol": "HOLX", "reportedCurrency": "USD", "cik": "0000859737", "fillingDate": "2012-05-03", "acceptedDate": "2012-05-03 16:05:40", "calendarYear": "2012", "period": "Q2", "revenue": 471165000, "costOfRevenue": 245055000, "grossProfit": 226110000, "grossProfitRatio": 0.479895578, "researchAndDevelopmentExpenses": 29297000, "generalAndAdministrativeExpenses": 41403000, "sellingAndMarketingExpenses": 78539000, "sellingGeneralAndAdministrativeExpenses": 119942000, "otherExpenses": 17852000, "operatingExpenses": 167091000, "costAndExpenses": 412146000, "interestIncome": 590000, "interestExpense": 28512000, "depreciationAndAmortization": 16629000, "ebitda": 10134000, "ebitdaratio": 0.0215083888, "operatingIncome": 10134000, "operatingIncomeRatio": 0.0215083888, "totalOtherIncomeExpensesNet": -68742000, "incomeBeforeTax": -58608000, "incomeBeforeTaxRatio": -0.1243895451, "incomeTaxExpense": -18335000, "netIncome": -40273000, "netIncomeRatio": -0.0854753643, "eps": -0.15, "epsdiluted": -0.15, "weightedAverageShsOut": 263900000, "weightedAverageShsOutDil": 263900000, "link": "https://www.sec.gov/Archives/edgar/data/859737/000119312512208410/0001193125-12-208410-index.htm", "finalLink": "https://www.sec.gov/Archives/edgar/data/859737/000119312512208410/d302882d10q.htm"}, {"date": "2011-12-24", "symbol": "HOLX", "reportedCurrency": "USD", "cik": "0000859737", "fillingDate": "2012-02-02", "acceptedDate": "2012-02-02 08:14:48", "calendarYear": "2012", "period": "Q1", "revenue": 472711000, "costOfRevenue": 223341000, "grossProfit": 249370000, "grossProfitRatio": 0.5275316208, "researchAndDevelopmentExpenses": 28342000, "generalAndAdministrativeExpenses": 46495000, "sellingAndMarketingExpenses": 77460000, "sellingGeneralAndAdministrativeExpenses": 123955000, "otherExpenses": 14751000, "operatingExpenses": 167048000, "costAndExpenses": 390389000, "interestIncome": 662000, "interestExpense": 29509000, "depreciationAndAmortization": 14842000, "ebitda": 110073000, "ebitdaratio": 0.2328547463, "operatingIncome": 66759000, "operatingIncomeRatio": 0.141225823, "totalOtherIncomeExpensesNet": -26855000, "incomeBeforeTax": 39904000, "incomeBeforeTaxRatio": 0.0844152135, "incomeTaxExpense": 19092000, "netIncome": 20812000, "netIncomeRatio": 0.0440269002, "eps": 0.08, "epsdiluted": 0.08, "weightedAverageShsOut": 262717000, "weightedAverageShsOutDil": 264958000, "link": "https://www.sec.gov/Archives/edgar/data/859737/000119312512035624/0001193125-12-035624-index.htm", "finalLink": "https://www.sec.gov/Archives/edgar/data/859737/000119312512035624/d263722d10q.htm"}, {"date": "2011-09-24", "symbol": "HOLX", "reportedCurrency": "USD", "cik": "0000859737", "fillingDate": "2011-11-23", "acceptedDate": "2011-11-23 09:21:44", "calendarYear": "2011", "period": "Q4", "revenue": 467045000, "costOfRevenue": 223288000, "grossProfit": 243757000, "grossProfitRatio": 0.521913306, "researchAndDevelopmentExpenses": 28081000, "generalAndAdministrativeExpenses": 59621000, "sellingAndMarketingExpenses": 74477000, "sellingGeneralAndAdministrativeExpenses": 134098000, "otherExpenses": 7908000, "operatingExpenses": 170087000, "costAndExpenses": 393375000, "interestIncome": 508000, "interestExpense": 29079000, "depreciationAndAmortization": 78378000, "ebitda": 149063000, "ebitdaratio": 0.3191619651, "operatingIncome": 73421000, "operatingIncomeRatio": 0.1572032674, "totalOtherIncomeExpensesNet": -31815000, "incomeBeforeTax": 41606000, "incomeBeforeTaxRatio": 0.089083493, "incomeTaxExpense": 14037000, "netIncome": 27569000, "netIncomeRatio": 0.0590285733, "eps": 0.1, "epsdiluted": 0.1, "weightedAverageShsOut": 262164000, "weightedAverageShsOutDil": 264900000, "link": "https://www.sec.gov/Archives/edgar/data/859737/000119312511320641/0001193125-11-320641-index.htm", "finalLink": "https://www.sec.gov/Archives/edgar/data/859737/000119312511320641/d229330d10k.htm"}, {"date": "2011-06-25", "symbol": "HOLX", "reportedCurrency": "USD", "cik": "0000859737", "fillingDate": "2011-08-04", "acceptedDate": "2011-08-04 16:38:28", "calendarYear": "2011", "period": "Q3", "revenue": 451082000, "costOfRevenue": 216800000, "grossProfit": 234282000, "grossProfitRatio": 0.5193778515, "researchAndDevelopmentExpenses": 29725000, "generalAndAdministrativeExpenses": 39811000, "sellingAndMarketingExpenses": 73293000, "sellingGeneralAndAdministrativeExpenses": 113104000, "otherExpenses": 14794000, "operatingExpenses": 157623000, "costAndExpenses": 374423000, "interestIncome": 485000, "interestExpense": 28673000, "depreciationAndAmortization": 14794000, "ebitda": 150250000, "ebitdaratio": 0.3330879973, "operatingIncome": 73916000, "operatingIncomeRatio": 0.1638637764, "totalOtherIncomeExpensesNet": -29492000, "incomeBeforeTax": 44424000, "incomeBeforeTaxRatio": 0.0984832026, "incomeTaxExpense": 8228000, "netIncome": 36196000, "netIncomeRatio": 0.0802426166, "eps": 0.14, "epsdiluted": 0.14, "weightedAverageShsOut": 261784000, "weightedAverageShsOutDil": 265167000, "link": "https://www.sec.gov/Archives/edgar/data/859737/000119312511210440/0001193125-11-210440-index.htm", "finalLink": "https://www.sec.gov/Archives/edgar/data/859737/000119312511210440/d10q.htm"}, {"date": "2011-03-26", "symbol": "HOLX", "reportedCurrency": "USD", "cik": "0000859737", "fillingDate": "2011-05-05", "acceptedDate": "2011-05-05 08:00:37", "calendarYear": "2011", "period": "Q2", "revenue": 438651000, "costOfRevenue": 218243000, "grossProfit": 220408000, "grossProfitRatio": 0.5024677933, "researchAndDevelopmentExpenses": 30333000, "generalAndAdministrativeExpenses": 38859000, "sellingAndMarketingExpenses": 71049000, "sellingGeneralAndAdministrativeExpenses": 109908000, "otherExpenses": -75221000, "operatingExpenses": 65020000, "costAndExpenses": 283263000, "interestIncome": 460000, "interestExpense": 28185000, "depreciationAndAmortization": -39914000, "ebitda": 170400000, "ebitdaratio": 0.3884637217, "operatingIncome": 155388000, "operatingIncomeRatio": 0.354240615, "totalOtherIncomeExpensesNet": -26561000, "incomeBeforeTax": 128827000, "incomeBeforeTaxRatio": 0.2936890603, "incomeTaxExpense": 46382000, "netIncome": 82445000, "netIncomeRatio": 0.1879512414, "eps": 0.32, "epsdiluted": 0.31, "weightedAverageShsOut": 260825000, "weightedAverageShsOutDil": 264030000, "link": "https://www.sec.gov/Archives/edgar/data/859737/000119312511127369/0001193125-11-127369-index.htm", "finalLink": "https://www.sec.gov/Archives/edgar/data/859737/000119312511127369/d10q.htm"}, {"date": "2010-12-25", "symbol": "HOLX", "reportedCurrency": "USD", "cik": "0000859737", "fillingDate": "2011-02-03", "acceptedDate": "2011-02-03 08:00:23", "calendarYear": "2011", "period": "Q1", "revenue": 432571000, "costOfRevenue": 207837000, "grossProfit": 224734000, "grossProfitRatio": 0.5195308978, "researchAndDevelopmentExpenses": 28557000, "generalAndAdministrativeExpenses": 41549000, "sellingAndMarketingExpenses": 67911000, "sellingGeneralAndAdministrativeExpenses": 109460000, "otherExpenses": 14496000, "operatingExpenses": 152513000, "costAndExpenses": 360350000, "interestIncome": 407000, "interestExpense": 28909000, "depreciationAndAmortization": 14496000, "ebitda": 114908000, "ebitdaratio": 0.2656396291, "operatingIncome": 71720000, "operatingIncomeRatio": 0.1657993717, "totalOtherIncomeExpensesNet": -59191000, "incomeBeforeTax": 12529000, "incomeBeforeTaxRatio": 0.0289640313, "incomeTaxExpense": 1589000, "netIncome": 10940000, "netIncomeRatio": 0.0252906459, "eps": 0.04, "epsdiluted": 0.04, "weightedAverageShsOut": 259624000, "weightedAverageShsOutDil": 263146000, "link": "https://www.sec.gov/Archives/edgar/data/859737/000119312511022569/0001193125-11-022569-index.htm", "finalLink": "https://www.sec.gov/Archives/edgar/data/859737/000119312511022569/d10q.htm"}, {"date": "2010-09-25", "symbol": "HOLX", "reportedCurrency": "USD", "cik": "0000859737", "fillingDate": "2010-11-24", "acceptedDate": "2010-11-24 07:30:49", "calendarYear": "2010", "period": "Q4", "revenue": 428299000, "costOfRevenue": 331634000, "grossProfit": 96665000, "grossProfitRatio": 0.2256951335, "researchAndDevelopmentExpenses": 31591000, "generalAndAdministrativeExpenses": 32036000, "sellingAndMarketingExpenses": 61891000, "sellingGeneralAndAdministrativeExpenses": 93927000, "otherExpenses": 14129000, "operatingExpenses": 139647000, "costAndExpenses": 471281000, "interestIncome": 371000, "interestExpense": 29329000, "depreciationAndAmortization": 72443000, "ebitda": -70817000, "ebitdaratio": -0.1653447708, "operatingIncome": -142707000, "operatingIncomeRatio": -0.3331948008, "totalOtherIncomeExpensesNet": -29882000, "incomeBeforeTax": -172589000, "incomeBeforeTaxRatio": -0.4029638173, "incomeTaxExpense": -35615000, "netIncome": -136974000, "netIncomeRatio": -0.3198092921, "eps": -0.53, "epsdiluted": -0.53, "weightedAverageShsOut": 259187000, "weightedAverageShsOutDil": 259200000, "link": "https://www.sec.gov/Archives/edgar/data/859737/000119312510268147/0001193125-10-268147-index.htm", "finalLink": "https://www.sec.gov/Archives/edgar/data/859737/000119312510268147/d10k.htm"}]