[{"date": "2025-06-30", "symbol": "CROX", "reportedCurrency": "USD", "cik": "0001334036", "fillingDate": "2025-08-07", "acceptedDate": "2025-08-07 16:35:48", "calendarYear": "2025", "period": "Q2", "revenue": 1149373000, "costOfRevenue": 440537000, "grossProfit": 708836000, "grossProfitRatio": 0.6167153744, "researchAndDevelopmentExpenses": 0, "generalAndAdministrativeExpenses": 0, "sellingAndMarketingExpenses": 0, "sellingGeneralAndAdministrativeExpenses": 1136352000, "otherExpenses": 0, "operatingExpenses": 1136352000, "costAndExpenses": 1576889000, "interestIncome": 371000, "interestExpense": 22523000, "depreciationAndAmortization": 19474000, "ebitda": -406610000, "ebitdaratio": -0.3537667929, "operatingIncome": -427516000, "operatingIncomeRatio": -0.3719558403, "totalOtherIncomeExpensesNet": -21091000, "incomeBeforeTax": -448607000, "incomeBeforeTaxRatio": -0.390305845, "incomeTaxExpense": 43675000, "netIncome": -492282000, "netIncomeRatio": -0.4283048236, "eps": -8.79, "epsdiluted": -8.82, "weightedAverageShsOut": 55946000, "weightedAverageShsOutDil": 55946000, "link": "https://www.sec.gov/Archives/edgar/data/1334036/000133403625000085/0001334036-25-000085-index.htm", "finalLink": "https://www.sec.gov/Archives/edgar/data/1334036/000133403625000085/crox-20250630.htm"}, {"date": "2025-03-31", "symbol": "CROX", "reportedCurrency": "USD", "cik": "0001334036", "fillingDate": "2025-05-08", "acceptedDate": "2025-05-08 14:51:53", "calendarYear": "2025", "period": "Q1", "revenue": 937333000, "costOfRevenue": 395784000, "grossProfit": 541549000, "grossProfitRatio": 0.5777551841, "researchAndDevelopmentExpenses": 0, "generalAndAdministrativeExpenses": 0, "sellingAndMarketingExpenses": 0, "sellingGeneralAndAdministrativeExpenses": 318575000, "otherExpenses": 0, "operatingExpenses": 318575000, "costAndExpenses": 714359000, "interestIncome": 333000, "interestExpense": 22766000, "depreciationAndAmortization": 18537000, "ebitda": 246242000, "ebitdaratio": 0.2627049298, "operatingIncome": 222974000, "operatingIncomeRatio": 0.2378813079, "totalOtherIncomeExpensesNet": -18035000, "incomeBeforeTax": 204939000, "incomeBeforeTaxRatio": 0.2186405472, "incomeTaxExpense": 44836000, "netIncome": 160103000, "netIncomeRatio": 0.1708069597, "eps": 2.85, "epsdiluted": 2.83, "weightedAverageShsOut": 56110000, "weightedAverageShsOutDil": 56502000, "link": "https://www.sec.gov/Archives/edgar/data/1334036/000133403625000054/0001334036-25-000054-index.htm", "finalLink": "https://www.sec.gov/Archives/edgar/data/1334036/000133403625000054/crox-20250331.htm"}, {"date": "2024-12-31", "symbol": "CROX", "reportedCurrency": "USD", "cik": "0001334036", "fillingDate": "2025-02-13", "acceptedDate": "2025-02-13 15:29:00", "calendarYear": "2024", "period": "Q4", "revenue": 989773000, "costOfRevenue": 416847000, "grossProfit": 572926000, "grossProfitRatio": 0.5788458566, "researchAndDevelopmentExpenses": 25600000, "generalAndAdministrativeExpenses": 0, "sellingAndMarketingExpenses": 377500000, "sellingGeneralAndAdministrativeExpenses": 373011000, "otherExpenses": -25600000, "operatingExpenses": 373011000, "costAndExpenses": 789858000, "interestIncome": 576000, "interestExpense": 23337000, "depreciationAndAmortization": 17950000, "ebitda": 216521000, "ebitdaratio": 0.2187582405, "operatingIncome": 199915000, "operatingIncomeRatio": 0.2019806562, "totalOtherIncomeExpensesNet": -24681000, "incomeBeforeTax": 175234000, "incomeBeforeTaxRatio": 0.1770446355, "incomeTaxExpense": -193675000, "netIncome": 368909000, "netIncomeRatio": 0.3727208158, "eps": 6.4, "epsdiluted": 6.36, "weightedAverageShsOut": 57615000, "weightedAverageShsOutDil": 58027000, "link": "https://www.sec.gov/Archives/edgar/data/1334036/000133403625000009/0001334036-25-000009-index.htm", "finalLink": "https://www.sec.gov/Archives/edgar/data/1334036/000133403625000009/crox-20241231.htm"}, {"date": "2024-09-30", "symbol": "CROX", "reportedCurrency": "USD", "cik": "0001334036", "fillingDate": "2024-10-29", "acceptedDate": "2024-10-29 14:08:36", "calendarYear": "2024", "period": "Q3", "revenue": 1062200000, "costOfRevenue": 428861000, "grossProfit": 633339000, "grossProfitRatio": 0.5962521182, "researchAndDevelopmentExpenses": 0, "generalAndAdministrativeExpenses": 0, "sellingAndMarketingExpenses": 0, "sellingGeneralAndAdministrativeExpenses": 363510000, "otherExpenses": 0, "operatingExpenses": 363510000, "costAndExpenses": 792371000, "interestIncome": 1366000, "interestExpense": 26203000, "depreciationAndAmortization": 18185000, "ebitda": 289285000, "ebitdaratio": 0.2723451327, "operatingIncome": 269829000, "operatingIncomeRatio": 0.2540284316, "totalOtherIncomeExpensesNet": -24932000, "incomeBeforeTax": 244897000, "incomeBeforeTaxRatio": 0.2305563924, "incomeTaxExpense": 45096000, "netIncome": 199801000, "netIncomeRatio": 0.1881011109, "eps": 3.38, "epsdiluted": 3.36, "weightedAverageShsOut": 59046000, "weightedAverageShsOutDil": 59501000, "link": "https://www.sec.gov/Archives/edgar/data/1334036/000133403624000159/0001334036-24-000159-index.htm", "finalLink": "https://www.sec.gov/Archives/edgar/data/1334036/000133403624000159/crox-20240930.htm"}, {"date": "2024-06-30", "symbol": "CROX", "reportedCurrency": "USD", "cik": "0001334036", "fillingDate": "2024-08-01", "acceptedDate": "2024-08-01 11:02:08", "calendarYear": "2024", "period": "Q2", "revenue": 1111502000, "costOfRevenue": 429586000, "grossProfit": 681916000, "grossProfitRatio": 0.6135085677, "researchAndDevelopmentExpenses": 0, "generalAndAdministrativeExpenses": 0, "sellingAndMarketingExpenses": 0, "sellingGeneralAndAdministrativeExpenses": 356178000, "otherExpenses": 0, "operatingExpenses": 356178000, "costAndExpenses": 785764000, "interestIncome": 1126000, "interestExpense": 29161000, "depreciationAndAmortization": 17544000, "ebitda": 343130000, "ebitdaratio": 0.3087083964, "operatingIncome": 325738000, "operatingIncomeRatio": 0.2930611011, "totalOtherIncomeExpensesNet": -29313000, "incomeBeforeTax": 296425000, "incomeBeforeTaxRatio": 0.2666886789, "incomeTaxExpense": 67518000, "netIncome": 228907000, "netIncomeRatio": 0.205943849, "eps": 3.79, "epsdiluted": 3.77, "weightedAverageShsOut": 60320000, "weightedAverageShsOutDil": 60766000, "link": "https://www.sec.gov/Archives/edgar/data/1334036/000133403624000140/0001334036-24-000140-index.htm", "finalLink": "https://www.sec.gov/Archives/edgar/data/1334036/000133403624000140/crox-20240630.htm"}, {"date": "2024-03-31", "symbol": "CROX", "reportedCurrency": "USD", "cik": "0001334036", "fillingDate": "2024-05-07", "acceptedDate": "2024-05-07 12:14:25", "calendarYear": "2024", "period": "Q1", "revenue": 938633000, "costOfRevenue": 416556000, "grossProfit": 522077000, "grossProfitRatio": 0.5562099351, "researchAndDevelopmentExpenses": 0, "generalAndAdministrativeExpenses": 0, "sellingAndMarketingExpenses": 0, "sellingGeneralAndAdministrativeExpenses": 295648000, "otherExpenses": 0, "operatingExpenses": 295648000, "costAndExpenses": 712204000, "interestIncome": 416000, "interestExpense": 30563000, "depreciationAndAmortization": 16161000, "ebitda": 240753000, "ebitdaratio": 0.2564932194, "operatingIncome": 226429000, "operatingIncomeRatio": 0.2412327289, "totalOtherIncomeExpensesNet": -32400000, "incomeBeforeTax": 194029000, "incomeBeforeTaxRatio": 0.2067144454, "incomeTaxExpense": 41575000, "netIncome": 152454000, "netIncomeRatio": 0.1624213084, "eps": 2.52, "epsdiluted": 2.5, "weightedAverageShsOut": 60564000, "weightedAverageShsOutDil": 61054000, "link": "https://www.sec.gov/Archives/edgar/data/1334036/000133403624000096/0001334036-24-000096-index.htm", "finalLink": "https://www.sec.gov/Archives/edgar/data/1334036/000133403624000096/crox-20240331.htm"}, {"date": "2023-12-31", "symbol": "CROX", "reportedCurrency": "USD", "cik": "0001334036", "fillingDate": "2024-02-15", "acceptedDate": "2024-02-15 15:51:10", "calendarYear": "2023", "period": "Q4", "revenue": 960097000, "costOfRevenue": 429400000, "grossProfit": 530697000, "grossProfitRatio": 0.5527535239, "researchAndDevelopmentExpenses": 21400000, "generalAndAdministrativeExpenses": -59719000, "sellingAndMarketingExpenses": 317400000, "sellingGeneralAndAdministrativeExpenses": 311896000, "otherExpenses": -12113000, "operatingExpenses": 321183000, "costAndExpenses": 750583000, "interestIncome": 1181000, "interestExpense": 36444000, "depreciationAndAmortization": 13773000, "ebitda": 224076000, "ebitdaratio": 0.233388918, "operatingIncome": 209514000, "operatingIncomeRatio": 0.2182217005, "totalOtherIncomeExpensesNet": -35655000, "incomeBeforeTax": 173859000, "incomeBeforeTaxRatio": 0.1810848279, "incomeTaxExpense": -79727000, "netIncome": 253586000, "netIncomeRatio": 0.2641253957, "eps": 4.19, "epsdiluted": 4.16, "weightedAverageShsOut": 60543000, "weightedAverageShsOutDil": 60977000, "link": "https://www.sec.gov/Archives/edgar/data/1334036/000133403624000025/0001334036-24-000025-index.htm", "finalLink": "https://www.sec.gov/Archives/edgar/data/1334036/000133403624000025/crox-20231231.htm"}, {"date": "2023-09-30", "symbol": "CROX", "reportedCurrency": "USD", "cik": "0001334036", "fillingDate": "2023-11-02", "acceptedDate": "2023-11-02 16:08:58", "calendarYear": "2023", "period": "Q3", "revenue": 1045717000, "costOfRevenue": 464081000, "grossProfit": 581636000, "grossProfitRatio": 0.5562078459, "researchAndDevelopmentExpenses": 0, "generalAndAdministrativeExpenses": 0, "sellingAndMarketingExpenses": 0, "sellingGeneralAndAdministrativeExpenses": 307784000, "otherExpenses": 0, "operatingExpenses": 307784000, "costAndExpenses": 771865000, "interestIncome": 506000, "interestExpense": 39207000, "depreciationAndAmortization": 14751000, "ebitda": 287363000, "ebitdaratio": 0.2747999698, "operatingIncome": 273852000, "operatingIncomeRatio": 0.2618796481, "totalOtherIncomeExpensesNet": -40447000, "incomeBeforeTax": 233405000, "incomeBeforeTaxRatio": 0.2232009234, "incomeTaxExpense": 56380000, "netIncome": 177025000, "netIncomeRatio": 0.1692857628, "eps": 2.9, "epsdiluted": 2.87, "weightedAverageShsOut": 61143000, "weightedAverageShsOutDil": 61615000, "link": "https://www.sec.gov/Archives/edgar/data/1334036/000133403623000170/0001334036-23-000170-index.htm", "finalLink": "https://www.sec.gov/Archives/edgar/data/1334036/000133403623000170/crox-20230930.htm"}, {"date": "2023-06-30", "symbol": "CROX", "reportedCurrency": "USD", "cik": "0001334036", "fillingDate": "2023-07-27", "acceptedDate": "2023-07-27 13:18:20", "calendarYear": "2023", "period": "Q2", "revenue": 1072367000, "costOfRevenue": 451060000, "grossProfit": 621307000, "grossProfitRatio": 0.5793790745, "researchAndDevelopmentExpenses": 0, "generalAndAdministrativeExpenses": 0, "sellingAndMarketingExpenses": 0, "sellingGeneralAndAdministrativeExpenses": 302818000, "otherExpenses": 717000, "operatingExpenses": 302818000, "costAndExpenses": 753878000, "interestIncome": 548000, "interestExpense": 43063000, "depreciationAndAmortization": 12644000, "ebitda": 332949000, "ebitdaratio": 0.3104804605, "operatingIncome": 318489000, "operatingIncomeRatio": 0.2969962709, "totalOtherIncomeExpensesNet": -41247000, "incomeBeforeTax": 277242000, "incomeBeforeTaxRatio": 0.2585327598, "incomeTaxExpense": 64830000, "netIncome": 212412000, "netIncomeRatio": 0.1980777103, "eps": 3.42, "epsdiluted": 3.39, "weightedAverageShsOut": 62037000, "weightedAverageShsOutDil": 62603000, "link": "https://www.sec.gov/Archives/edgar/data/1334036/000133403623000125/0001334036-23-000125-index.htm", "finalLink": "https://www.sec.gov/Archives/edgar/data/1334036/000133403623000125/crox-20230630.htm"}, {"date": "2023-03-31", "symbol": "CROX", "reportedCurrency": "USD", "cik": "0001334036", "fillingDate": "2023-04-27", "acceptedDate": "2023-04-27 13:32:13", "calendarYear": "2023", "period": "Q1", "revenue": 884166000, "costOfRevenue": 407796000, "grossProfit": 476370000, "grossProfitRatio": 0.5387789171, "researchAndDevelopmentExpenses": 0, "generalAndAdministrativeExpenses": 0, "sellingAndMarketingExpenses": 0, "sellingGeneralAndAdministrativeExpenses": 241442000, "otherExpenses": 0, "operatingExpenses": 241442000, "costAndExpenses": 649238000, "interestIncome": 171000, "interestExpense": 42637000, "depreciationAndAmortization": 13136000, "ebitda": 247539000, "ebitdaratio": 0.2799689199, "operatingIncome": 234928000, "operatingIncomeRatio": 0.2657057611, "totalOtherIncomeExpensesNet": -43162000, "incomeBeforeTax": 191766000, "incomeBeforeTaxRatio": 0.2168891362, "incomeTaxExpense": 42223000, "netIncome": 149543000, "netIncomeRatio": 0.169134529, "eps": 2.42, "epsdiluted": 2.39, "weightedAverageShsOut": 61836000, "weightedAverageShsOutDil": 62629000, "link": "https://www.sec.gov/Archives/edgar/data/1334036/000133403623000059/0001334036-23-000059-index.htm", "finalLink": "https://www.sec.gov/Archives/edgar/data/1334036/000133403623000059/crox-20230331.htm"}, {"date": "2022-12-31", "symbol": "CROX", "reportedCurrency": "USD", "cik": "0001334036", "fillingDate": "2023-02-16", "acceptedDate": "2023-02-16 14:31:26", "calendarYear": "2022", "period": "Q4", "revenue": 945162000, "costOfRevenue": 448839000, "grossProfit": 496323000, "grossProfitRatio": 0.5251195033, "researchAndDevelopmentExpenses": 0, "generalAndAdministrativeExpenses": -25597000, "sellingAndMarketingExpenses": 260800000, "sellingGeneralAndAdministrativeExpenses": 235203000, "otherExpenses": 174000, "operatingExpenses": 276271000, "costAndExpenses": 725110000, "interestIncome": 801000, "interestExpense": 49801000, "depreciationAndAmortization": 12731000, "ebitda": 238101000, "ebitdaratio": 0.2519155446, "operatingIncome": 220052000, "operatingIncomeRatio": 0.2328193474, "totalOtherIncomeExpensesNet": -44483000, "incomeBeforeTax": 175569000, "incomeBeforeTaxRatio": 0.1857554578, "incomeTaxExpense": 37834000, "netIncome": 137735000, "netIncomeRatio": 0.1457263411, "eps": 2.23, "epsdiluted": 2.2, "weightedAverageShsOut": 61747000, "weightedAverageShsOutDil": 62501000, "link": "https://www.sec.gov/Archives/edgar/data/1334036/000133403623000015/0001334036-23-000015-index.htm", "finalLink": "https://www.sec.gov/Archives/edgar/data/1334036/000133403623000015/crox-20221231.htm"}, {"date": "2022-09-30", "symbol": "CROX", "reportedCurrency": "USD", "cik": "0001334036", "fillingDate": "2022-11-03", "acceptedDate": "2022-11-03 10:53:23", "calendarYear": "2022", "period": "Q3", "revenue": 985094000, "costOfRevenue": 443792000, "grossProfit": 541302000, "grossProfitRatio": 0.5494927388, "researchAndDevelopmentExpenses": 0, "generalAndAdministrativeExpenses": 0, "sellingAndMarketingExpenses": 0, "sellingGeneralAndAdministrativeExpenses": 277239000, "otherExpenses": 16000, "operatingExpenses": 277239000, "costAndExpenses": 721031000, "interestIncome": 31000, "interestExpense": 34142000, "depreciationAndAmortization": 9744000, "ebitda": 273461000, "ebitdaratio": 0.277598889, "operatingIncome": 264063000, "operatingIncomeRatio": 0.2680586827, "totalOtherIncomeExpensesNet": -34488000, "incomeBeforeTax": 229575000, "incomeBeforeTaxRatio": 0.2330488258, "incomeTaxExpense": 60226000, "netIncome": 169349000, "netIncomeRatio": 0.171911513, "eps": 2.75, "epsdiluted": 2.72, "weightedAverageShsOut": 61693000, "weightedAverageShsOutDil": 62367000, "link": "https://www.sec.gov/Archives/edgar/data/1334036/000133403622000169/0001334036-22-000169-index.htm", "finalLink": "https://www.sec.gov/Archives/edgar/data/1334036/000133403622000169/crox-20220930.htm"}, {"date": "2022-06-30", "symbol": "CROX", "reportedCurrency": "USD", "cik": "0001334036", "fillingDate": "2022-08-04", "acceptedDate": "2022-08-04 10:16:07", "calendarYear": "2022", "period": "Q2", "revenue": 964581000, "costOfRevenue": 466848000, "grossProfit": 497733000, "grossProfitRatio": 0.516009542, "researchAndDevelopmentExpenses": 0, "generalAndAdministrativeExpenses": 0, "sellingAndMarketingExpenses": 0, "sellingGeneralAndAdministrativeExpenses": 249769000, "otherExpenses": 419000, "operatingExpenses": 249769000, "costAndExpenses": 716617000, "interestIncome": 86000, "interestExpense": 32963000, "depreciationAndAmortization": 8859000, "ebitda": 256126000, "ebitdaratio": 0.2655308367, "operatingIncome": 247964000, "operatingIncomeRatio": 0.2570691316, "totalOtherIncomeExpensesNet": -33660000, "incomeBeforeTax": 214304000, "incomeBeforeTaxRatio": 0.2221731508, "incomeTaxExpense": 53989000, "netIncome": 160315000, "netIncomeRatio": 0.1662016979, "eps": 2.6, "epsdiluted": 2.58, "weightedAverageShsOut": 61590000, "weightedAverageShsOutDil": 62236000, "link": "https://www.sec.gov/Archives/edgar/data/1334036/000133403622000117/0001334036-22-000117-index.htm", "finalLink": "https://www.sec.gov/Archives/edgar/data/1334036/000133403622000117/crox-20220630.htm"}, {"date": "2022-03-31", "symbol": "CROX", "reportedCurrency": "USD", "cik": "0001334036", "fillingDate": "2022-05-05", "acceptedDate": "2022-05-05 14:15:56", "calendarYear": "2022", "period": "Q1", "revenue": 660148000, "costOfRevenue": 335224000, "grossProfit": 324924000, "grossProfitRatio": 0.4921987191, "researchAndDevelopmentExpenses": 0, "generalAndAdministrativeExpenses": 0, "sellingAndMarketingExpenses": 0, "sellingGeneralAndAdministrativeExpenses": 206247000, "otherExpenses": -947000, "operatingExpenses": 206247000, "costAndExpenses": 541471000, "interestIncome": 102000, "interestExpense": 19252000, "depreciationAndAmortization": 7895000, "ebitda": 126207000, "ebitdaratio": 0.1911798566, "operatingIncome": 118677000, "operatingIncomeRatio": 0.1797733236, "totalOtherIncomeExpensesNet": -19617000, "incomeBeforeTax": 99060000, "incomeBeforeTaxRatio": 0.1500572599, "incomeTaxExpense": 26300000, "netIncome": 72760000, "netIncomeRatio": 0.1102177088, "eps": 1.22, "epsdiluted": 1.19, "weightedAverageShsOut": 59823000, "weightedAverageShsOutDil": 60896000, "link": "https://www.sec.gov/Archives/edgar/data/1334036/000133403622000054/0001334036-22-000054-index.htm", "finalLink": "https://www.sec.gov/Archives/edgar/data/1334036/000133403622000054/crox-20220331.htm"}, {"date": "2021-12-31", "symbol": "CROX", "reportedCurrency": "USD", "cik": "0001334036", "fillingDate": "2022-02-16", "acceptedDate": "2022-02-16 12:45:12", "calendarYear": "2021", "period": "Q4", "revenue": 586626000, "costOfRevenue": 214602000, "grossProfit": 372024000, "grossProfitRatio": 0.6341757781, "researchAndDevelopmentExpenses": 0, "generalAndAdministrativeExpenses": 212014000, "sellingAndMarketingExpenses": 22270, "sellingGeneralAndAdministrativeExpenses": 212036000, "otherExpenses": 1782000, "operatingExpenses": 212036000, "costAndExpenses": 426638000, "interestIncome": 62000, "interestExpense": 8817000, "depreciationAndAmortization": 8144000, "ebitda": 169920000, "ebitdaratio": 0.2896564421, "operatingIncome": 159988000, "operatingIncomeRatio": 0.272725723, "totalOtherIncomeExpensesNet": -7029000, "incomeBeforeTax": 152959000, "incomeBeforeTaxRatio": 0.2607436425, "incomeTaxExpense": -1894000, "netIncome": 154853000, "netIncomeRatio": 0.2639722754, "eps": 2.63, "epsdiluted": 2.57, "weightedAverageShsOut": 58847000, "weightedAverageShsOutDil": 60138000, "link": "https://www.sec.gov/Archives/edgar/data/1334036/000133403622000011/0001334036-22-000011-index.htm", "finalLink": "https://www.sec.gov/Archives/edgar/data/1334036/000133403622000011/crox-20211231.htm"}, {"date": "2021-09-30", "symbol": "CROX", "reportedCurrency": "USD", "cik": "0001334036", "fillingDate": "2021-10-21", "acceptedDate": "2021-10-21 13:18:35", "calendarYear": "2021", "period": "Q3", "revenue": 625919000, "costOfRevenue": 226123000, "grossProfit": 399796000, "grossProfitRatio": 0.6387344049, "researchAndDevelopmentExpenses": 0, "generalAndAdministrativeExpenses": 196704000, "sellingAndMarketingExpenses": 24420, "sellingGeneralAndAdministrativeExpenses": 196728000, "otherExpenses": 2000, "operatingExpenses": 196728000, "costAndExpenses": 422851000, "interestIncome": 615000, "interestExpense": 6486000, "depreciationAndAmortization": 8083000, "ebitda": 212305000, "ebitdaratio": 0.3391892561, "operatingIncome": 203068000, "operatingIncomeRatio": 0.3244317555, "totalOtherIncomeExpensesNet": -5332000, "incomeBeforeTax": 197736000, "incomeBeforeTaxRatio": 0.3159130814, "incomeTaxExpense": 44247000, "netIncome": 153489000, "netIncomeRatio": 0.2452218258, "eps": 2.47, "epsdiluted": 2.42, "weightedAverageShsOut": 62033000, "weightedAverageShsOutDil": 63324000, "link": "https://www.sec.gov/Archives/edgar/data/1334036/000133403621000189/0001334036-21-000189-index.htm", "finalLink": "https://www.sec.gov/Archives/edgar/data/1334036/000133403621000189/crox-20210930.htm"}, {"date": "2021-06-30", "symbol": "CROX", "reportedCurrency": "USD", "cik": "0001334036", "fillingDate": "2021-07-22", "acceptedDate": "2021-07-22 13:46:12", "calendarYear": "2021", "period": "Q2", "revenue": 640773000, "costOfRevenue": 245592000, "grossProfit": 395181000, "grossProfitRatio": 0.6167254238, "researchAndDevelopmentExpenses": 0, "generalAndAdministrativeExpenses": 199837000, "sellingAndMarketingExpenses": 21840, "sellingGeneralAndAdministrativeExpenses": 199859000, "otherExpenses": 2000, "operatingExpenses": 199859000, "costAndExpenses": 445451000, "interestIncome": 71000, "interestExpense": 4712000, "depreciationAndAmortization": 7695000, "ebitda": 202973000, "ebitdaratio": 0.3167627225, "operatingIncome": 195322000, "operatingIncomeRatio": 0.3048224566, "totalOtherIncomeExpensesNet": -4756000, "incomeBeforeTax": 190566000, "incomeBeforeTaxRatio": 0.2974001714, "incomeTaxExpense": -128388000, "netIncome": 318954000, "netIncomeRatio": 0.4977644189, "eps": 5.02, "epsdiluted": 4.93, "weightedAverageShsOut": 63595000, "weightedAverageShsOutDil": 64640000, "link": "https://www.sec.gov/Archives/edgar/data/1334036/000133403621000129/0001334036-21-000129-index.htm", "finalLink": "https://www.sec.gov/Archives/edgar/data/1334036/000133403621000129/crox-20210630.htm"}, {"date": "2021-03-31", "symbol": "CROX", "reportedCurrency": "USD", "cik": "0001334036", "fillingDate": "2021-04-27", "acceptedDate": "2021-04-27 14:40:32", "calendarYear": "2021", "period": "Q1", "revenue": 460098000, "costOfRevenue": 206879000, "grossProfit": 253219000, "grossProfitRatio": 0.5503588366, "researchAndDevelopmentExpenses": 0, "generalAndAdministrativeExpenses": 128515000, "sellingAndMarketingExpenses": 17640, "sellingGeneralAndAdministrativeExpenses": 128533000, "otherExpenses": 11000, "operatingExpenses": 128533000, "costAndExpenses": 335412000, "interestIncome": 27000, "interestExpense": 1632000, "depreciationAndAmortization": 8054000, "ebitda": 132274000, "ebitdaratio": 0.2874909258, "operatingIncome": 124686000, "operatingIncomeRatio": 0.2709987872, "totalOtherIncomeExpensesNet": -2098000, "incomeBeforeTax": 122588000, "incomeBeforeTaxRatio": 0.2664388891, "incomeTaxExpense": 24190000, "netIncome": 98398000, "netIncomeRatio": 0.2138631335, "eps": 1.5, "epsdiluted": 1.47, "weightedAverageShsOut": 65458000, "weightedAverageShsOutDil": 66848000, "link": "https://www.sec.gov/Archives/edgar/data/1334036/000133403621000072/0001334036-21-000072-index.htm", "finalLink": "https://www.sec.gov/Archives/edgar/data/1334036/000133403621000072/crox-20210331.htm"}, {"date": "2020-12-31", "symbol": "CROX", "reportedCurrency": "USD", "cik": "0001334036", "fillingDate": "2021-02-23", "acceptedDate": "2021-02-23 12:12:29", "calendarYear": "2020", "period": "Q4", "revenue": 411506000, "costOfRevenue": 182422000, "grossProfit": 229084000, "grossProfitRatio": 0.5566966217, "researchAndDevelopmentExpenses": 0, "generalAndAdministrativeExpenses": 113350000, "sellingAndMarketingExpenses": 19910, "sellingGeneralAndAdministrativeExpenses": 143382000, "otherExpenses": 21071000, "operatingExpenses": 164453000, "costAndExpenses": 346875000, "interestIncome": 26000, "interestExpense": 1149000, "depreciationAndAmortization": 7368000, "ebitda": 71940000, "ebitdaratio": 0.1748212663, "operatingIncome": 64631000, "operatingIncomeRatio": 0.1570596784, "totalOtherIncomeExpensesNet": -1208000, "incomeBeforeTax": 63423000, "incomeBeforeTaxRatio": 0.1541241197, "incomeTaxExpense": -119907000, "netIncome": 183330000, "netIncomeRatio": 0.4455099075, "eps": 2.75, "epsdiluted": 2.69, "weightedAverageShsOut": 66729000, "weightedAverageShsOutDil": 68054000, "link": "https://www.sec.gov/Archives/edgar/data/1334036/000133403621000035/0001334036-21-000035-index.htm", "finalLink": "https://www.sec.gov/Archives/edgar/data/1334036/000133403621000035/crox-20201231.htm"}, {"date": "2020-09-30", "symbol": "CROX", "reportedCurrency": "USD", "cik": "0001334036", "fillingDate": "2020-10-27", "acceptedDate": "2020-10-27 12:50:40", "calendarYear": "2020", "period": "Q3", "revenue": 361736000, "costOfRevenue": 154967000, "grossProfit": 206769000, "grossProfitRatio": 0.5716019417, "researchAndDevelopmentExpenses": 0, "generalAndAdministrativeExpenses": 134662000, "sellingAndMarketingExpenses": 21360, "sellingGeneralAndAdministrativeExpenses": 134683000, "otherExpenses": -27000, "operatingExpenses": 134683000, "costAndExpenses": 289650000, "interestIncome": 43000, "interestExpense": 1502000, "depreciationAndAmortization": 6752000, "ebitda": 78338000, "ebitdaratio": 0.2165612491, "operatingIncome": 72086000, "operatingIncomeRatio": 0.1992779264, "totalOtherIncomeExpensesNet": -2002000, "incomeBeforeTax": 70084000, "incomeBeforeTaxRatio": 0.1937435035, "incomeTaxExpense": 8195000, "netIncome": 61889000, "netIncomeRatio": 0.1710888604, "eps": 0.92, "epsdiluted": 0.91, "weightedAverageShsOut": 67473000, "weightedAverageShsOutDil": 68385000, "link": "https://www.sec.gov/Archives/edgar/data/1334036/000133403620000112/0001334036-20-000112-index.htm", "finalLink": "https://www.sec.gov/Archives/edgar/data/1334036/000133403620000112/crox-20200930.htm"}, {"date": "2020-06-30", "symbol": "CROX", "reportedCurrency": "USD", "cik": "0001334036", "fillingDate": "2020-07-30", "acceptedDate": "2020-07-30 13:22:41", "calendarYear": "2020", "period": "Q2", "revenue": 331549000, "costOfRevenue": 151616000, "grossProfit": 179933000, "grossProfitRatio": 0.542704095, "researchAndDevelopmentExpenses": 0, "generalAndAdministrativeExpenses": 123318000, "sellingAndMarketingExpenses": 20290, "sellingGeneralAndAdministrativeExpenses": 123338000, "otherExpenses": 907000, "operatingExpenses": 123338000, "costAndExpenses": 274954000, "interestIncome": 49000, "interestExpense": 2170000, "depreciationAndAmortization": 6592000, "ebitda": 63456000, "ebitdaratio": 0.1913925242, "operatingIncome": 56595000, "operatingIncomeRatio": 0.1706987504, "totalOtherIncomeExpensesNet": -1901000, "incomeBeforeTax": 54694000, "incomeBeforeTaxRatio": 0.164965058, "incomeTaxExpense": -1857000, "netIncome": 56551000, "netIncomeRatio": 0.17056604, "eps": 0.84, "epsdiluted": 0.83, "weightedAverageShsOut": 67416000, "weightedAverageShsOutDil": 68038000, "link": "https://www.sec.gov/Archives/edgar/data/1334036/000133403620000066/0001334036-20-000066-index.htm", "finalLink": "https://www.sec.gov/Archives/edgar/data/1334036/000133403620000066/crox-20200630.htm"}, {"date": "2020-03-31", "symbol": "CROX", "reportedCurrency": "USD", "cik": "0001334036", "fillingDate": "2020-04-23", "acceptedDate": "2020-04-23 12:37:00", "calendarYear": "2020", "period": "Q1", "revenue": 281160000, "costOfRevenue": 146998000, "grossProfit": 134162000, "grossProfitRatio": 0.4771731398, "researchAndDevelopmentExpenses": 0, "generalAndAdministrativeExpenses": 113350000, "sellingAndMarketingExpenses": 0, "sellingGeneralAndAdministrativeExpenses": 113350000, "otherExpenses": 21000, "operatingExpenses": 113350000, "costAndExpenses": 260348000, "interestIncome": 97000, "interestExpense": 1921000, "depreciationAndAmortization": 6907000, "ebitda": 27606000, "ebitdaratio": 0.0981860862, "operatingIncome": 20812000, "operatingIncomeRatio": 0.0740219092, "totalOtherIncomeExpensesNet": -2034000, "incomeBeforeTax": 18778000, "incomeBeforeTaxRatio": 0.0667875943, "incomeTaxExpense": 7687000, "netIncome": 11091000, "netIncomeRatio": 0.0394472898, "eps": 0.16, "epsdiluted": 0.16, "weightedAverageShsOut": 67931000, "weightedAverageShsOutDil": 69218000, "link": "https://www.sec.gov/Archives/edgar/data/1334036/000133403620000024/0001334036-20-000024-index.htm", "finalLink": "https://www.sec.gov/Archives/edgar/data/1334036/000133403620000024/crox-20200331.htm"}, {"date": "2019-12-31", "symbol": "CROX", "reportedCurrency": "USD", "cik": "0001334036", "fillingDate": "2020-02-27", "acceptedDate": "2020-02-27 12:34:05", "calendarYear": "2019", "period": "Q4", "revenue": 262979000, "costOfRevenue": 136741000, "grossProfit": 126238000, "grossProfitRatio": 0.4800307249, "researchAndDevelopmentExpenses": 0, "generalAndAdministrativeExpenses": 117882000, "sellingAndMarketingExpenses": 0, "sellingGeneralAndAdministrativeExpenses": 117882000, "otherExpenses": 0, "operatingExpenses": 117882000, "costAndExpenses": 254623000, "interestIncome": 108000, "interestExpense": 1893000, "depreciationAndAmortization": 6705000, "ebitda": 14818000, "ebitdaratio": 0.0563467045, "operatingIncome": 8356000, "operatingIncomeRatio": 0.0317744002, "totalOtherIncomeExpensesNet": -2136000, "incomeBeforeTax": 6220000, "incomeBeforeTaxRatio": 0.0236520787, "incomeTaxExpense": -13693000, "netIncome": 19913000, "netIncomeRatio": 0.0757208751, "eps": 0.29, "epsdiluted": 0.29, "weightedAverageShsOut": 68441000, "weightedAverageShsOutDil": 69843000, "link": "https://www.sec.gov/Archives/edgar/data/1334036/000133403620000010/0001334036-20-000010-index.htm", "finalLink": "https://www.sec.gov/Archives/edgar/data/1334036/000133403620000010/crox-20191231.htm"}, {"date": "2019-09-30", "symbol": "CROX", "reportedCurrency": "USD", "cik": "0001334036", "fillingDate": "2019-10-30", "acceptedDate": "2019-10-30 12:14:32", "calendarYear": "2019", "period": "Q3", "revenue": 312766000, "costOfRevenue": 148942000, "grossProfit": 163824000, "grossProfitRatio": 0.5237909491, "researchAndDevelopmentExpenses": 0, "generalAndAdministrativeExpenses": 123940000, "sellingAndMarketingExpenses": 0, "sellingGeneralAndAdministrativeExpenses": 123940000, "otherExpenses": -34000, "operatingExpenses": 123940000, "costAndExpenses": 272882000, "interestIncome": 167000, "interestExpense": 2505000, "depreciationAndAmortization": 5643000, "ebitda": 46245000, "ebitdaratio": 0.1478581431, "operatingIncome": 39884000, "operatingIncomeRatio": 0.1275202548, "totalOtherIncomeExpensesNet": -1787000, "incomeBeforeTax": 38097000, "incomeBeforeTaxRatio": 0.1218067181, "incomeTaxExpense": 2421000, "netIncome": 35676000, "netIncomeRatio": 0.1140661069, "eps": 0.52, "epsdiluted": 0.51, "weightedAverageShsOut": 69097000, "weightedAverageShsOutDil": 70176000, "link": "https://www.sec.gov/Archives/edgar/data/1334036/000133403619000038/0001334036-19-000038-index.htm", "finalLink": "https://www.sec.gov/Archives/edgar/data/1334036/000133403619000038/croxq3-201910q.htm"}, {"date": "2019-06-30", "symbol": "CROX", "reportedCurrency": "USD", "cik": "0001334036", "fillingDate": "2019-08-01", "acceptedDate": "2019-08-01 11:20:20", "calendarYear": "2019", "period": "Q2", "revenue": 358899000, "costOfRevenue": 169520000, "grossProfit": 189379000, "grossProfitRatio": 0.527666558, "researchAndDevelopmentExpenses": 0, "generalAndAdministrativeExpenses": 141548000, "sellingAndMarketingExpenses": 0, "sellingGeneralAndAdministrativeExpenses": 141548000, "otherExpenses": -604000, "operatingExpenses": 141548000, "costAndExpenses": 311068000, "interestIncome": 131000, "interestExpense": 2421000, "depreciationAndAmortization": 5729000, "ebitda": 52826000, "ebitdaratio": 0.147189042, "operatingIncome": 47831000, "operatingIncomeRatio": 0.1332714775, "totalOtherIncomeExpensesNet": -3155000, "incomeBeforeTax": 44676000, "incomeBeforeTaxRatio": 0.1244807035, "incomeTaxExpense": 5478000, "netIncome": 39198000, "netIncomeRatio": 0.1092173564, "eps": 0.55, "epsdiluted": 0.55, "weightedAverageShsOut": 70936000, "weightedAverageShsOutDil": 71915000, "link": "https://www.sec.gov/Archives/edgar/data/1334036/000133403619000032/0001334036-19-000032-index.htm", "finalLink": "https://www.sec.gov/Archives/edgar/data/1334036/000133403619000032/croxq2-201910q.htm"}, {"date": "2019-03-31", "symbol": "CROX", "reportedCurrency": "USD", "cik": "0001334036", "fillingDate": "2019-05-07", "acceptedDate": "2019-05-07 12:28:54", "calendarYear": "2019", "period": "Q1", "revenue": 295949000, "costOfRevenue": 158334000, "grossProfit": 137615000, "grossProfitRatio": 0.464995658, "researchAndDevelopmentExpenses": 0, "generalAndAdministrativeExpenses": 105037000, "sellingAndMarketingExpenses": 0, "sellingGeneralAndAdministrativeExpenses": 105037000, "otherExpenses": 590000, "operatingExpenses": 105037000, "costAndExpenses": 263371000, "interestIncome": 195000, "interestExpense": 1817000, "depreciationAndAmortization": 6136000, "ebitda": 38282000, "ebitdaratio": 0.1293533683, "operatingIncome": 32578000, "operatingIncomeRatio": 0.1100797773, "totalOtherIncomeExpensesNet": -2249000, "incomeBeforeTax": 30329000, "incomeBeforeTaxRatio": 0.102480495, "incomeTaxExpense": 5619000, "netIncome": 24710000, "netIncomeRatio": 0.0834941155, "eps": 0.34, "epsdiluted": 0.33, "weightedAverageShsOut": 73009000, "weightedAverageShsOutDil": 74875000, "link": "https://www.sec.gov/Archives/edgar/data/1334036/000133403619000020/0001334036-19-000020-index.htm", "finalLink": "https://www.sec.gov/Archives/edgar/data/1334036/000133403619000020/croxq1-201910q.htm"}, {"date": "2018-12-31", "symbol": "CROX", "reportedCurrency": "USD", "cik": "0001334036", "fillingDate": "2019-02-28", "acceptedDate": "2019-02-28 13:08:57", "calendarYear": "2018", "period": "Q4", "revenue": 215989000, "costOfRevenue": 116167000, "grossProfit": 99822000, "grossProfitRatio": 0.4621624249, "researchAndDevelopmentExpenses": 0, "generalAndAdministrativeExpenses": 111577000, "sellingAndMarketingExpenses": 0, "sellingGeneralAndAdministrativeExpenses": 111577000, "otherExpenses": 2182000, "operatingExpenses": 113759000, "costAndExpenses": 229926000, "interestIncome": 434000, "interestExpense": 584000, "depreciationAndAmortization": 7715000, "ebitda": -5717000, "ebitdaratio": -0.0264689405, "operatingIncome": -13937000, "operatingIncomeRatio": -0.0645264342, "totalOtherIncomeExpensesNet": -79000, "incomeBeforeTax": -14016000, "incomeBeforeTaxRatio": -0.0648921936, "incomeTaxExpense": -3130000, "netIncome": -10886000, "netIncomeRatio": -0.0504007149, "eps": -1.72, "epsdiluted": -1.72, "weightedAverageShsOut": 69010000, "weightedAverageShsOutDil": 69010000, "link": "https://www.sec.gov/Archives/edgar/data/1334036/000133403619000012/0001334036-19-000012-index.htm", "finalLink": "https://www.sec.gov/Archives/edgar/data/1334036/000133403619000012/crox12311810-k.htm"}, {"date": "2018-09-30", "symbol": "CROX", "reportedCurrency": "USD", "cik": "0001334036", "fillingDate": "2018-11-08", "acceptedDate": "2018-11-08 11:03:39", "calendarYear": "2018", "period": "Q3", "revenue": 261064000, "costOfRevenue": 122005000, "grossProfit": 139059000, "grossProfitRatio": 0.5326624889, "researchAndDevelopmentExpenses": 0, "generalAndAdministrativeExpenses": 125164000, "sellingAndMarketingExpenses": 0, "sellingGeneralAndAdministrativeExpenses": 125164000, "otherExpenses": 160000, "operatingExpenses": 125164000, "costAndExpenses": 247169000, "interestIncome": 422000, "interestExpense": 126000, "depreciationAndAmortization": 6661000, "ebitda": 21371000, "ebitdaratio": 0.0818611528, "operatingIncome": 13895000, "operatingIncomeRatio": 0.0532244967, "totalOtherIncomeExpensesNet": 689000, "incomeBeforeTax": 14584000, "incomeBeforeTaxRatio": 0.0558636963, "incomeTaxExpense": 4092000, "netIncome": 10492000, "netIncomeRatio": 0.0401893788, "eps": 0.08, "epsdiluted": 0.07, "weightedAverageShsOut": 67821000, "weightedAverageShsOutDil": 72774000, "link": "https://www.sec.gov/Archives/edgar/data/1334036/000162828018013946/0001628280-18-013946-index.htm", "finalLink": "https://www.sec.gov/Archives/edgar/data/1334036/000162828018013946/croxq3-201810q.htm"}, {"date": "2018-06-30", "symbol": "CROX", "reportedCurrency": "USD", "cik": "0001334036", "fillingDate": "2018-08-07", "acceptedDate": "2018-08-07 11:01:39", "calendarYear": "2018", "period": "Q2", "revenue": 328004000, "costOfRevenue": 146604000, "grossProfit": 181400000, "grossProfitRatio": 0.5530420361, "researchAndDevelopmentExpenses": 0, "generalAndAdministrativeExpenses": 144336000, "sellingAndMarketingExpenses": 0, "sellingGeneralAndAdministrativeExpenses": 144336000, "otherExpenses": 16000, "operatingExpenses": 144336000, "costAndExpenses": 290940000, "interestIncome": 146000, "interestExpense": 132000, "depreciationAndAmortization": 7231000, "ebitda": 44740000, "ebitdaratio": 0.1364007756, "operatingIncome": 37064000, "operatingIncomeRatio": 0.112998622, "totalOtherIncomeExpensesNet": 313000, "incomeBeforeTax": 37377000, "incomeBeforeTaxRatio": 0.1139528786, "incomeTaxExpense": 3000000, "netIncome": 34377000, "netIncomeRatio": 0.1048066487, "eps": 0.37, "epsdiluted": 0.35, "weightedAverageShsOut": 68153000, "weightedAverageShsOutDil": 71467000, "link": "https://www.sec.gov/Archives/edgar/data/1334036/000162828018010605/0001628280-18-010605-index.htm", "finalLink": "https://www.sec.gov/Archives/edgar/data/1334036/000162828018010605/croxq2-20180630x10q.htm"}, {"date": "2018-03-31", "symbol": "CROX", "reportedCurrency": "USD", "cik": "0001334036", "fillingDate": "2018-05-08", "acceptedDate": "2018-05-08 08:11:21", "calendarYear": "2018", "period": "Q1", "revenue": 283148000, "costOfRevenue": 143275000, "grossProfit": 139873000, "grossProfitRatio": 0.493992541, "researchAndDevelopmentExpenses": 0, "generalAndAdministrativeExpenses": 113951000, "sellingAndMarketingExpenses": 0, "sellingGeneralAndAdministrativeExpenses": 113951000, "otherExpenses": 53000, "operatingExpenses": 113951000, "costAndExpenses": 257226000, "interestIncome": 279000, "interestExpense": 113000, "depreciationAndAmortization": 7643000, "ebitda": 34968000, "ebitdaratio": 0.1234972523, "operatingIncome": 25922000, "operatingIncomeRatio": 0.0915492958, "totalOtherIncomeExpensesNet": 1290000, "incomeBeforeTax": 27212000, "incomeBeforeTaxRatio": 0.0961052171, "incomeTaxExpense": 10758000, "netIncome": 16454000, "netIncomeRatio": 0.0581109526, "eps": 0.15, "epsdiluted": 0.15, "weightedAverageShsOut": 68705000, "weightedAverageShsOutDil": 71668000, "link": "https://www.sec.gov/Archives/edgar/data/1334036/000162828018006136/0001628280-18-006136-index.htm", "finalLink": "https://www.sec.gov/Archives/edgar/data/1334036/000162828018006136/crox2018331-10q.htm"}, {"date": "2017-12-31", "symbol": "CROX", "reportedCurrency": "USD", "cik": "0001334036", "fillingDate": "2018-02-28", "acceptedDate": "2018-02-28 12:21:54", "calendarYear": "2017", "period": "Q4", "revenue": 199112000, "costOfRevenue": 108745000, "grossProfit": 90367000, "grossProfitRatio": 0.4538500944, "researchAndDevelopmentExpenses": 0, "generalAndAdministrativeExpenses": 57858000, "sellingAndMarketingExpenses": 9500000, "sellingGeneralAndAdministrativeExpenses": 67358000, "otherExpenses": 5284000, "operatingExpenses": 120744000, "costAndExpenses": 229489000, "interestIncome": 294000, "interestExpense": 330000, "depreciationAndAmortization": 8429000, "ebitda": -21179000, "ebitdaratio": -0.1063672707, "operatingIncome": -30377000, "operatingIncomeRatio": -0.152562377, "totalOtherIncomeExpensesNet": 439000, "incomeBeforeTax": -29938000, "incomeBeforeTaxRatio": -0.1503575877, "incomeTaxExpense": -5577000, "netIncome": -24361000, "netIncomeRatio": -0.1223482261, "eps": -0.41, "epsdiluted": -0.41, "weightedAverageShsOut": 69470000, "weightedAverageShsOutDil": 69470000, "link": "https://www.sec.gov/Archives/edgar/data/1334036/000162828018002437/0001628280-18-002437-index.htm", "finalLink": "https://www.sec.gov/Archives/edgar/data/1334036/000162828018002437/crox201712311710-k.htm"}, {"date": "2017-09-30", "symbol": "CROX", "reportedCurrency": "USD", "cik": "0001334036", "fillingDate": "2017-11-07", "acceptedDate": "2017-11-07 12:06:13", "calendarYear": "2017", "period": "Q3", "revenue": 243273000, "costOfRevenue": 119810000, "grossProfit": 123463000, "grossProfitRatio": 0.507508026, "researchAndDevelopmentExpenses": 0, "generalAndAdministrativeExpenses": 107078000, "sellingAndMarketingExpenses": 9900000, "sellingGeneralAndAdministrativeExpenses": 116978000, "otherExpenses": 54000, "operatingExpenses": 120778000, "costAndExpenses": 240588000, "interestIncome": 269000, "interestExpense": 167000, "depreciationAndAmortization": 7886000, "ebitda": 10637000, "ebitdaratio": 0.0437245399, "operatingIncome": 2685000, "operatingIncomeRatio": 0.0110369831, "totalOtherIncomeExpensesNet": -101000, "incomeBeforeTax": 2584000, "incomeBeforeTaxRatio": 0.0106218117, "incomeTaxExpense": 955000, "netIncome": 1629000, "netIncomeRatio": 0.0066961808, "eps": -0.03, "epsdiluted": -0.03, "weightedAverageShsOut": 71895000, "weightedAverageShsOutDil": 71895000, "link": "https://www.sec.gov/Archives/edgar/data/1334036/000162828017011037/0001628280-17-011037-index.htm", "finalLink": "https://www.sec.gov/Archives/edgar/data/1334036/000162828017011037/crox2017930-10q.htm"}, {"date": "2017-06-30", "symbol": "CROX", "reportedCurrency": "USD", "cik": "0001334036", "fillingDate": "2017-08-09", "acceptedDate": "2017-08-09 15:12:13", "calendarYear": "2017", "period": "Q2", "revenue": 313221000, "costOfRevenue": 143414000, "grossProfit": 169807000, "grossProfitRatio": 0.542131594, "researchAndDevelopmentExpenses": 0, "generalAndAdministrativeExpenses": 110861000, "sellingAndMarketingExpenses": 27700000, "sellingGeneralAndAdministrativeExpenses": 138561000, "otherExpenses": 9000, "operatingExpenses": 140361000, "costAndExpenses": 283775000, "interestIncome": 157000, "interestExpense": 188000, "depreciationAndAmortization": 8369000, "ebitda": 38143000, "ebitdaratio": 0.1217766369, "operatingIncome": 29446000, "operatingIncomeRatio": 0.0940102994, "totalOtherIncomeExpensesNet": 140000, "incomeBeforeTax": 29586000, "incomeBeforeTaxRatio": 0.0944572682, "incomeTaxExpense": 7627000, "netIncome": 21959000, "netIncomeRatio": 0.070107049, "eps": 0.21, "epsdiluted": 0.2, "weightedAverageShsOut": 73953000, "weightedAverageShsOutDil": 74572000, "link": "https://www.sec.gov/Archives/edgar/data/1334036/000162828017008449/0001628280-17-008449-index.htm", "finalLink": "https://www.sec.gov/Archives/edgar/data/1334036/000162828017008449/crox2017630-10q.htm"}, {"date": "2017-03-31", "symbol": "CROX", "reportedCurrency": "USD", "cik": "0001334036", "fillingDate": "2017-05-10", "acceptedDate": "2017-05-10 13:52:48", "calendarYear": "2017", "period": "Q1", "revenue": 267907000, "costOfRevenue": 134323000, "grossProfit": 133584000, "grossProfitRatio": 0.4986207901, "researchAndDevelopmentExpenses": 0, "generalAndAdministrativeExpenses": 118002000, "sellingAndMarketingExpenses": 0, "sellingGeneralAndAdministrativeExpenses": 118002000, "otherExpenses": 124000, "operatingExpenses": 118002000, "costAndExpenses": 252325000, "interestIncome": 150000, "interestExpense": 184000, "depreciationAndAmortization": 8446000, "ebitda": 24578000, "ebitdaratio": 0.0917407906, "operatingIncome": 15582000, "operatingIncomeRatio": 0.0581619741, "totalOtherIncomeExpensesNet": 366000, "incomeBeforeTax": 15948000, "incomeBeforeTaxRatio": 0.0595281198, "incomeTaxExpense": 4938000, "netIncome": 11010000, "netIncomeRatio": 0.0410963506, "eps": 0.08, "epsdiluted": 0.08, "weightedAverageShsOut": 73810000, "weightedAverageShsOutDil": 74561000, "link": "https://www.sec.gov/Archives/edgar/data/1334036/000162828017005321/0001628280-17-005321-index.htm", "finalLink": "https://www.sec.gov/Archives/edgar/data/1334036/000162828017005321/crox2017331-10q.htm"}, {"date": "2016-12-31", "symbol": "CROX", "reportedCurrency": "USD", "cik": "0001334036", "fillingDate": "2017-03-01", "acceptedDate": "2017-03-01 17:07:16", "calendarYear": "2016", "period": "Q4", "revenue": 187417000, "costOfRevenue": 108693000, "grossProfit": 78724000, "grossProfitRatio": 0.4200472743, "researchAndDevelopmentExpenses": 0, "generalAndAdministrativeExpenses": 117062000, "sellingAndMarketingExpenses": 18530, "sellingGeneralAndAdministrativeExpenses": 117061000, "otherExpenses": 0, "operatingExpenses": 118511000, "costAndExpenses": 225754000, "interestIncome": 134000, "interestExpense": 175000, "depreciationAndAmortization": 8570000, "ebitda": -30323000, "ebitdaratio": -0.1617942876, "operatingIncome": -39787000, "operatingIncomeRatio": -0.2122913076, "totalOtherIncomeExpensesNet": 720000, "incomeBeforeTax": -39067000, "incomeBeforeTaxRatio": -0.208449607, "incomeTaxExpense": 1577000, "netIncome": -40644000, "netIncomeRatio": -0.2168639985, "eps": -0.6, "epsdiluted": -0.6, "weightedAverageShsOut": 74136666, "weightedAverageShsOutDil": 74136667, "link": "https://www.sec.gov/Archives/edgar/data/1334036/000162828017002068/0001628280-17-002068-index.htm", "finalLink": "https://www.sec.gov/Archives/edgar/data/1334036/000162828017002068/crox-20161231x10k.htm"}, {"date": "2016-09-30", "symbol": "CROX", "reportedCurrency": "USD", "cik": "0001334036", "fillingDate": "2016-11-09", "acceptedDate": "2016-11-09 13:37:32", "calendarYear": "2016", "period": "Q3", "revenue": 245888000, "costOfRevenue": 123454000, "grossProfit": 122434000, "grossProfitRatio": 0.497925885, "researchAndDevelopmentExpenses": 0, "generalAndAdministrativeExpenses": 101137000, "sellingAndMarketingExpenses": 11066000, "sellingGeneralAndAdministrativeExpenses": 112203000, "otherExpenses": 0, "operatingExpenses": 122719000, "costAndExpenses": 246173000, "interestIncome": 178000, "interestExpense": 184000, "depreciationAndAmortization": 8442000, "ebitda": 8783000, "ebitdaratio": 0.0357195146, "operatingIncome": -1215000, "operatingIncomeRatio": -0.0049412741, "totalOtherIncomeExpensesNet": 1372000, "incomeBeforeTax": 157000, "incomeBeforeTaxRatio": 0.0006385021, "incomeTaxExpense": 1690000, "netIncome": -1533000, "netIncomeRatio": -0.0062345458, "eps": -0.07, "epsdiluted": -0.07, "weightedAverageShsOut": 73493000, "weightedAverageShsOutDil": 73493000, "link": "https://www.sec.gov/Archives/edgar/data/1334036/000110465916155805/0001104659-16-155805-index.htm", "finalLink": "https://www.sec.gov/Archives/edgar/data/1334036/000110465916155805/a16-17152_110q.htm"}, {"date": "2016-06-30", "symbol": "CROX", "reportedCurrency": "USD", "cik": "0001334036", "fillingDate": "2016-08-05", "acceptedDate": "2016-08-05 16:47:06", "calendarYear": "2016", "period": "Q2", "revenue": 323828000, "costOfRevenue": 154188000, "grossProfit": 169640000, "grossProfitRatio": 0.5238583446, "researchAndDevelopmentExpenses": 2900000, "generalAndAdministrativeExpenses": 148463000, "sellingAndMarketingExpenses": 0, "sellingGeneralAndAdministrativeExpenses": 148463000, "otherExpenses": -189000, "operatingExpenses": 148463000, "costAndExpenses": 302651000, "interestIncome": 164000, "interestExpense": 234000, "depreciationAndAmortization": 8436000, "ebitda": 27316000, "ebitdaratio": 0.0843534222, "operatingIncome": 20605000, "operatingIncomeRatio": 0.0636294576, "totalOtherIncomeExpensesNet": -1959000, "incomeBeforeTax": 18646000, "incomeBeforeTaxRatio": 0.0575799498, "incomeTaxExpense": 3109000, "netIncome": 15537000, "netIncomeRatio": 0.0479791741, "eps": 0.13, "epsdiluted": 0.13, "weightedAverageShsOut": 90269231, "weightedAverageShsOutDil": 74243000, "link": "https://www.sec.gov/Archives/edgar/data/1334036/000110465916137631/0001104659-16-137631-index.htm", "finalLink": "https://www.sec.gov/Archives/edgar/data/1334036/000110465916137631/a16-11540_110q.htm"}, {"date": "2016-03-31", "symbol": "CROX", "reportedCurrency": "USD", "cik": "0001334036", "fillingDate": "2016-05-10", "acceptedDate": "2016-05-10 17:04:50", "calendarYear": "2016", "period": "Q1", "revenue": 279140000, "costOfRevenue": 149774000, "grossProfit": 129366000, "grossProfitRatio": 0.4634448664, "researchAndDevelopmentExpenses": 0, "generalAndAdministrativeExpenses": 114930000, "sellingAndMarketingExpenses": 0, "sellingGeneralAndAdministrativeExpenses": 114930000, "otherExpenses": 0, "operatingExpenses": 114930000, "costAndExpenses": 264704000, "interestIncome": 216000, "interestExpense": 243000, "depreciationAndAmortization": 8595000, "ebitda": 21889000, "ebitdaratio": 0.0784158487, "operatingIncome": 14243000, "operatingIncomeRatio": 0.0510245755, "totalOtherIncomeExpensesNet": -1192000, "incomeBeforeTax": 13051000, "incomeBeforeTaxRatio": 0.0467543168, "incomeTaxExpense": 2905000, "netIncome": 10146000, "netIncomeRatio": 0.0363473526, "eps": 0.07, "epsdiluted": 0.07, "weightedAverageShsOut": 73087000, "weightedAverageShsOutDil": 74033000, "link": "https://www.sec.gov/Archives/edgar/data/1334036/000110465916119786/0001104659-16-119786-index.htm", "finalLink": "https://www.sec.gov/Archives/edgar/data/1334036/000110465916119786/a16-6620_110q.htm"}, {"date": "2015-12-31", "symbol": "CROX", "reportedCurrency": "USD", "cik": "0001334036", "fillingDate": "2016-02-29", "acceptedDate": "2016-02-29 17:51:52", "calendarYear": "2015", "period": "Q4", "revenue": 208678000, "costOfRevenue": 135934000, "grossProfit": 72744000, "grossProfitRatio": 0.3485944853, "researchAndDevelopmentExpenses": 0, "generalAndAdministrativeExpenses": 129280000, "sellingAndMarketingExpenses": 0, "sellingGeneralAndAdministrativeExpenses": 129280000, "otherExpenses": 9045000, "operatingExpenses": 138325000, "costAndExpenses": 265214000, "interestIncome": 215000, "interestExpense": 319000, "depreciationAndAmortization": 7974000, "ebitda": -57173000, "ebitdaratio": -0.2739771322, "operatingIncome": -65581000, "operatingIncomeRatio": -0.3142688736, "totalOtherIncomeExpensesNet": 115000, "incomeBeforeTax": -65466000, "incomeBeforeTaxRatio": -0.3137177853, "incomeTaxExpense": 4707000, "netIncome": -70173000, "netIncomeRatio": -0.3362740682, "eps": -1.01, "epsdiluted": -1.01, "weightedAverageShsOut": 73209901, "weightedAverageShsOutDil": 73209901, "link": "https://www.sec.gov/Archives/edgar/data/1334036/000104746916010591/0001047469-16-010591-index.htm", "finalLink": "https://www.sec.gov/Archives/edgar/data/1334036/000104746916010591/a2227543z10-k.htm"}, {"date": "2015-09-30", "symbol": "CROX", "reportedCurrency": "USD", "cik": "0001334036", "fillingDate": "2015-11-09", "acceptedDate": "2015-11-06 21:14:07", "calendarYear": "2015", "period": "Q3", "revenue": 274088000, "costOfRevenue": 153267000, "grossProfit": 120821000, "grossProfitRatio": 0.4408109804, "researchAndDevelopmentExpenses": 0, "generalAndAdministrativeExpenses": 135110000, "sellingAndMarketingExpenses": 0, "sellingGeneralAndAdministrativeExpenses": 135110000, "otherExpenses": 405000, "operatingExpenses": 135110000, "costAndExpenses": 288377000, "interestIncome": 268000, "interestExpense": 171000, "depreciationAndAmortization": 8911000, "ebitda": -14054000, "ebitdaratio": -0.0512755028, "operatingIncome": -20730000, "operatingIncomeRatio": -0.0756326435, "totalOtherIncomeExpensesNet": -2406000, "incomeBeforeTax": -23136000, "incomeBeforeTaxRatio": -0.0844108462, "incomeTaxExpense": 888000, "netIncome": -24024000, "netIncomeRatio": -0.0876506815, "eps": -0.37, "epsdiluted": -0.37, "weightedAverageShsOut": 74300000, "weightedAverageShsOutDil": 74300000, "link": "https://www.sec.gov/Archives/edgar/data/1334036/000110465915076806/0001104659-15-076806-index.htm", "finalLink": "https://www.sec.gov/Archives/edgar/data/1334036/000110465915076806/a15-18010_110q.htm"}, {"date": "2015-06-30", "symbol": "CROX", "reportedCurrency": "USD", "cik": "0001334036", "fillingDate": "2015-08-07", "acceptedDate": "2015-08-06 18:17:35", "calendarYear": "2015", "period": "Q2", "revenue": 345671000, "costOfRevenue": 155801000, "grossProfit": 189870000, "grossProfitRatio": 0.5492795172, "researchAndDevelopmentExpenses": 0, "generalAndAdministrativeExpenses": 168636000, "sellingAndMarketingExpenses": 0, "sellingGeneralAndAdministrativeExpenses": 168636000, "otherExpenses": -80000, "operatingExpenses": 168636000, "costAndExpenses": 324437000, "interestIncome": 196000, "interestExpense": 260000, "depreciationAndAmortization": 9389000, "ebitda": 25637000, "ebitdaratio": 0.0741658976, "operatingIncome": 16349000, "operatingIncomeRatio": 0.0472964177, "totalOtherIncomeExpensesNet": -361000, "incomeBeforeTax": 15988000, "incomeBeforeTaxRatio": 0.0462520721, "incomeTaxExpense": 2562000, "netIncome": 13426000, "netIncomeRatio": 0.0388404003, "eps": 0.11, "epsdiluted": 0.11, "weightedAverageShsOut": 88090909, "weightedAverageShsOutDil": 78202000, "link": "https://www.sec.gov/Archives/edgar/data/1334036/000110465915057304/0001104659-15-057304-index.htm", "finalLink": "https://www.sec.gov/Archives/edgar/data/1334036/000110465915057304/a15-12117_110q.htm"}, {"date": "2015-03-31", "symbol": "CROX", "reportedCurrency": "USD", "cik": "0001334036", "fillingDate": "2015-05-08", "acceptedDate": "2015-05-08 14:28:14", "calendarYear": "2015", "period": "Q1", "revenue": 262193000, "costOfRevenue": 134823000, "grossProfit": 127370000, "grossProfitRatio": 0.4857871873, "researchAndDevelopmentExpenses": 0, "generalAndAdministrativeExpenses": 126069000, "sellingAndMarketingExpenses": 0, "sellingGeneralAndAdministrativeExpenses": 126069000, "otherExpenses": -331000, "operatingExpenses": 126069000, "costAndExpenses": 260892000, "interestIncome": 288000, "interestExpense": 219000, "depreciationAndAmortization": 9719000, "ebitda": 7808000, "ebitdaratio": 0.0297795898, "operatingIncome": -2362000, "operatingIncomeRatio": -0.009008631, "totalOtherIncomeExpensesNet": 232000, "incomeBeforeTax": -2130000, "incomeBeforeTaxRatio": -0.0081237867, "incomeTaxExpense": 295000, "netIncome": -2425000, "netIncomeRatio": -0.0092489121, "eps": -0.08, "epsdiluted": -0.08, "weightedAverageShsOut": 77825000, "weightedAverageShsOutDil": 77825000, "link": "https://www.sec.gov/Archives/edgar/data/1334036/000110465915036173/0001104659-15-036173-index.htm", "finalLink": "https://www.sec.gov/Archives/edgar/data/1334036/000110465915036173/a15-7898_110q.htm"}, {"date": "2014-12-31", "symbol": "CROX", "reportedCurrency": "USD", "cik": "0001334036", "fillingDate": "2015-03-02", "acceptedDate": "2015-03-02 17:25:35", "calendarYear": "2014", "period": "Q4", "revenue": 206473000, "costOfRevenue": 129943000, "grossProfit": 76530000, "grossProfitRatio": 0.3706537901, "researchAndDevelopmentExpenses": 0, "generalAndAdministrativeExpenses": 131468000, "sellingAndMarketingExpenses": 0, "sellingGeneralAndAdministrativeExpenses": 131468000, "otherExpenses": 11425000, "operatingExpenses": 141102000, "costAndExpenses": 261411000, "interestIncome": 360000, "interestExpense": 121000, "depreciationAndAmortization": 6069000, "ebitda": -58934000, "ebitdaratio": -0.2854319935, "operatingIncome": -64572000, "operatingIncomeRatio": -0.3127382273, "totalOtherIncomeExpensesNet": -552000, "incomeBeforeTax": -65124000, "incomeBeforeTaxRatio": -0.3154117003, "incomeTaxExpense": -12030000, "netIncome": -53094000, "netIncomeRatio": -0.2571474236, "eps": -0.66, "epsdiluted": -0.65, "weightedAverageShsOut": 80900000, "weightedAverageShsOutDil": 81239000, "link": "https://www.sec.gov/Archives/edgar/data/1334036/000104746915001519/0001047469-15-001519-index.htm", "finalLink": "https://www.sec.gov/Archives/edgar/data/1334036/000104746915001519/a2223339z10-k.htm"}, {"date": "2014-09-30", "symbol": "CROX", "reportedCurrency": "USD", "cik": "0001334036", "fillingDate": "2014-10-29", "acceptedDate": "2014-10-28 21:01:50", "calendarYear": "2014", "period": "Q3", "revenue": 302401000, "costOfRevenue": 147384000, "grossProfit": 155017000, "grossProfitRatio": 0.5126206593, "researchAndDevelopmentExpenses": 0, "generalAndAdministrativeExpenses": 143719000, "sellingAndMarketingExpenses": 0, "sellingGeneralAndAdministrativeExpenses": 143719000, "otherExpenses": 217000, "operatingExpenses": 143719000, "costAndExpenses": 291103000, "interestIncome": 424000, "interestExpense": 366000, "depreciationAndAmortization": 10593000, "ebitda": 11057000, "ebitdaratio": 0.0365640325, "operatingIncome": 1113000, "operatingIncomeRatio": 0.0036805434, "totalOtherIncomeExpensesNet": -1015000, "incomeBeforeTax": 98000, "incomeBeforeTaxRatio": 0.000324073, "incomeTaxExpense": -15669000, "netIncome": 15767000, "netIncomeRatio": 0.0521393778, "eps": 0.12, "epsdiluted": 0.12, "weightedAverageShsOut": 100075000, "weightedAverageShsOutDil": 85437000, "link": "https://www.sec.gov/Archives/edgar/data/1334036/000110465914074524/0001104659-14-074524-index.htm", "finalLink": "https://www.sec.gov/Archives/edgar/data/1334036/000110465914074524/a14-19877_110q.htm"}, {"date": "2014-06-30", "symbol": "CROX", "reportedCurrency": "USD", "cik": "0001334036", "fillingDate": "2014-07-30", "acceptedDate": "2014-07-29 20:06:16", "calendarYear": "2014", "period": "Q2", "revenue": 376920000, "costOfRevenue": 174349000, "grossProfit": 202571000, "grossProfitRatio": 0.5374376526, "researchAndDevelopmentExpenses": 0, "generalAndAdministrativeExpenses": 153370000, "sellingAndMarketingExpenses": 0, "sellingGeneralAndAdministrativeExpenses": 153370000, "otherExpenses": 30000, "operatingExpenses": 153370000, "costAndExpenses": 327719000, "interestIncome": 403000, "interestExpense": 128000, "depreciationAndAmortization": 11378000, "ebitda": 53502000, "ebitdaratio": 0.1419452404, "operatingIncome": 41911000, "operatingIncomeRatio": 0.1111933567, "totalOtherIncomeExpensesNet": 85000, "incomeBeforeTax": 41996000, "incomeBeforeTaxRatio": 0.1114188687, "incomeTaxExpense": 18719000, "netIncome": 23277000, "netIncomeRatio": 0.0617558103, "eps": 0.19, "epsdiluted": 0.19, "weightedAverageShsOut": 102753000, "weightedAverageShsOutDil": 87799000, "link": "https://www.sec.gov/Archives/edgar/data/1334036/000110465914054580/0001104659-14-054580-index.htm", "finalLink": "https://www.sec.gov/Archives/edgar/data/1334036/000110465914054580/a14-14171_110q.htm"}, {"date": "2014-03-31", "symbol": "CROX", "reportedCurrency": "USD", "cik": "0001334036", "fillingDate": "2014-05-01", "acceptedDate": "2014-04-30 21:10:20", "calendarYear": "2014", "period": "Q1", "revenue": 312429000, "costOfRevenue": 156202000, "grossProfit": 156227000, "grossProfitRatio": 0.5000400091, "researchAndDevelopmentExpenses": 0, "generalAndAdministrativeExpenses": 139405000, "sellingAndMarketingExpenses": 0, "sellingGeneralAndAdministrativeExpenses": 139405000, "otherExpenses": 141000, "operatingExpenses": 139405000, "costAndExpenses": 295607000, "interestIncome": 477000, "interestExpense": 191000, "depreciationAndAmortization": 9373000, "ebitda": 24045000, "ebitdaratio": 0.0769614856, "operatingIncome": 16822000, "operatingIncomeRatio": 0.053842633, "totalOtherIncomeExpensesNet": -2341000, "incomeBeforeTax": 14481000, "incomeBeforeTaxRatio": 0.0463497307, "incomeTaxExpense": 5357000, "netIncome": 9124000, "netIncomeRatio": 0.029203435, "eps": 0.06, "epsdiluted": 0.06, "weightedAverageShsOut": 91750000, "weightedAverageShsOutDil": 89539000, "link": "https://www.sec.gov/Archives/edgar/data/1334036/000110465914032919/0001104659-14-032919-index.htm", "finalLink": "https://www.sec.gov/Archives/edgar/data/1334036/000110465914032919/a14-9783_110q.htm"}, {"date": "2013-12-31", "symbol": "CROX", "reportedCurrency": "USD", "cik": "0001334036", "fillingDate": "2014-02-25", "acceptedDate": "2014-02-25 17:17:35", "calendarYear": "2013", "period": "Q4", "revenue": 228673000, "costOfRevenue": 125772000, "grossProfit": 102901000, "grossProfitRatio": 0.4499919098, "researchAndDevelopmentExpenses": 0, "generalAndAdministrativeExpenses": 87435000, "sellingAndMarketingExpenses": 47600000, "sellingGeneralAndAdministrativeExpenses": 135035000, "otherExpenses": 0, "operatingExpenses": 135035000, "costAndExpenses": 260807000, "interestIncome": 756000, "interestExpense": 497000, "depreciationAndAmortization": 10339000, "ebitda": -31701000, "ebitdaratio": -0.1386302712, "operatingIncome": -42881000, "operatingIncomeRatio": -0.1875210453, "totalOtherIncomeExpensesNet": 344000, "incomeBeforeTax": -42537000, "incomeBeforeTaxRatio": -0.1860167138, "incomeTaxExpense": 24396000, "netIncome": -66933000, "netIncomeRatio": -0.2927018056, "eps": -0.76, "epsdiluted": -0.76, "weightedAverageShsOut": 88070000, "weightedAverageShsOutDil": 88070000, "link": "https://www.sec.gov/Archives/edgar/data/1334036/000104746914001323/0001047469-14-001323-index.htm", "finalLink": "https://www.sec.gov/Archives/edgar/data/1334036/000104746914001323/a2218528z10-k.htm"}, {"date": "2013-09-30", "symbol": "CROX", "reportedCurrency": "USD", "cik": "0001334036", "fillingDate": "2013-10-30", "acceptedDate": "2013-10-30 16:37:50", "calendarYear": "2013", "period": "Q3", "revenue": 288524000, "costOfRevenue": 134943000, "grossProfit": 153581000, "grossProfitRatio": 0.5322988729, "researchAndDevelopmentExpenses": 0, "generalAndAdministrativeExpenses": 135674000, "sellingAndMarketingExpenses": 0, "sellingGeneralAndAdministrativeExpenses": 135674000, "otherExpenses": -13000, "operatingExpenses": 135674000, "costAndExpenses": 270617000, "interestIncome": 853000, "interestExpense": 44000, "depreciationAndAmortization": 10645000, "ebitda": 28349000, "ebitdaratio": 0.0982552578, "operatingIncome": 17907000, "operatingIncomeRatio": 0.062064161, "totalOtherIncomeExpensesNet": -247000, "incomeBeforeTax": 17660000, "incomeBeforeTaxRatio": 0.0612080797, "incomeTaxExpense": 4624000, "netIncome": 13036000, "netIncomeRatio": 0.0451816833, "eps": 0.15, "epsdiluted": 0.15, "weightedAverageShsOut": 88109000, "weightedAverageShsOutDil": 88908000, "link": "https://www.sec.gov/Archives/edgar/data/1334036/000110465913079272/0001104659-13-079272-index.htm", "finalLink": "https://www.sec.gov/Archives/edgar/data/1334036/000110465913079272/a13-19869_110q.htm"}, {"date": "2013-06-30", "symbol": "CROX", "reportedCurrency": "USD", "cik": "0001334036", "fillingDate": "2013-07-30", "acceptedDate": "2013-07-29 17:58:20", "calendarYear": "2013", "period": "Q2", "revenue": 363827000, "costOfRevenue": 162960000, "grossProfit": 200867000, "grossProfitRatio": 0.5520948143, "researchAndDevelopmentExpenses": 0, "generalAndAdministrativeExpenses": 150246000, "sellingAndMarketingExpenses": 0, "sellingGeneralAndAdministrativeExpenses": 150246000, "otherExpenses": -195000, "operatingExpenses": 150246000, "costAndExpenses": 313206000, "interestIncome": 517000, "interestExpense": 266000, "depreciationAndAmortization": 10258000, "ebitda": 60185000, "ebitdaratio": 0.1654220275, "operatingIncome": 50419000, "operatingIncomeRatio": 0.1385795996, "totalOtherIncomeExpensesNet": -758000, "incomeBeforeTax": 49661000, "incomeBeforeTaxRatio": 0.1364961919, "incomeTaxExpense": 14305000, "netIncome": 35356000, "netIncomeRatio": 0.0971780544, "eps": 0.4, "epsdiluted": 0.4, "weightedAverageShsOut": 88072500, "weightedAverageShsOutDil": 88390000, "link": "https://www.sec.gov/Archives/edgar/data/1334036/000110465913057404/0001104659-13-057404-index.htm", "finalLink": "https://www.sec.gov/Archives/edgar/data/1334036/000110465913057404/a13-17436_110q.htm"}, {"date": "2013-03-31", "symbol": "CROX", "reportedCurrency": "USD", "cik": "0001334036", "fillingDate": "2013-04-29", "acceptedDate": "2013-04-29 16:31:18", "calendarYear": "2013", "period": "Q1", "revenue": 311656000, "costOfRevenue": 145807000, "grossProfit": 165849000, "grossProfitRatio": 0.5321540416, "researchAndDevelopmentExpenses": 0, "generalAndAdministrativeExpenses": 128199000, "sellingAndMarketingExpenses": 0, "sellingGeneralAndAdministrativeExpenses": 128199000, "otherExpenses": 334000, "operatingExpenses": 128199000, "costAndExpenses": 274006000, "interestIncome": 306000, "interestExpense": 209000, "depreciationAndAmortization": 10264000, "ebitda": 45648000, "ebitdaratio": 0.146469184, "operatingIncome": 37650000, "operatingIncomeRatio": 0.1208062736, "totalOtherIncomeExpensesNet": -2475000, "incomeBeforeTax": 35175000, "incomeBeforeTaxRatio": 0.1128648253, "incomeTaxExpense": 6214000, "netIncome": 28961000, "netIncomeRatio": 0.092926175, "eps": 0.33, "epsdiluted": 0.33, "weightedAverageShsOut": 87760606, "weightedAverageShsOutDil": 87760606, "link": "https://www.sec.gov/Archives/edgar/data/1334036/000119312513182167/0001193125-13-182167-index.htm", "finalLink": "https://www.sec.gov/Archives/edgar/data/1334036/000119312513182167/d496865d10q.htm"}, {"date": "2012-12-31", "symbol": "CROX", "reportedCurrency": "USD", "cik": "0001334036", "fillingDate": "2013-02-25", "acceptedDate": "2013-02-25 08:34:44", "calendarYear": "2012", "period": "Q4", "revenue": 224992000, "costOfRevenue": 118642000, "grossProfit": 106350000, "grossProfitRatio": 0.4726834732, "researchAndDevelopmentExpenses": 0, "generalAndAdministrativeExpenses": 70856000, "sellingAndMarketingExpenses": 39800000, "sellingGeneralAndAdministrativeExpenses": 110656000, "otherExpenses": 0, "operatingExpenses": 110656000, "costAndExpenses": 229298000, "interestIncome": 0, "interestExpense": 281000, "depreciationAndAmortization": 9879000, "ebitda": 6116000, "ebitdaratio": 0.0271831887, "operatingIncome": -4897000, "operatingIncomeRatio": -0.0217652183, "totalOtherIncomeExpensesNet": 853000, "incomeBeforeTax": -4044000, "incomeBeforeTaxRatio": -0.0179739724, "incomeTaxExpense": -437000, "netIncome": -3607000, "netIncomeRatio": -0.0160316811, "eps": -0.04, "epsdiluted": -0.04, "weightedAverageShsOut": 90175000, "weightedAverageShsOutDil": 90175000, "link": "https://www.sec.gov/Archives/edgar/data/1334036/000119312513072829/0001193125-13-072829-index.htm", "finalLink": "https://www.sec.gov/Archives/edgar/data/1334036/000119312513072829/d445683d10k.htm"}, {"date": "2012-09-30", "symbol": "CROX", "reportedCurrency": "USD", "cik": "0001334036", "fillingDate": "2012-10-30", "acceptedDate": "2012-10-30 16:52:06", "calendarYear": "2012", "period": "Q3", "revenue": 295569000, "costOfRevenue": 134826000, "grossProfit": 160743000, "grossProfitRatio": 0.5438425545, "researchAndDevelopmentExpenses": 0, "generalAndAdministrativeExpenses": 120729000, "sellingAndMarketingExpenses": 0, "sellingGeneralAndAdministrativeExpenses": 120729000, "otherExpenses": -71000, "operatingExpenses": 120729000, "costAndExpenses": 255555000, "interestIncome": 151000, "interestExpense": 377000, "depreciationAndAmortization": 9558000, "ebitda": 49631000, "ebitdaratio": 0.1679167978, "operatingIncome": 40014000, "operatingIncomeRatio": 0.135379556, "totalOtherIncomeExpensesNet": -318000, "incomeBeforeTax": 39696000, "incomeBeforeTaxRatio": 0.1343036651, "incomeTaxExpense": -5384000, "netIncome": 45080000, "netIncomeRatio": 0.1525193779, "eps": 0.5, "epsdiluted": 0.49, "weightedAverageShsOut": 90160000, "weightedAverageShsOutDil": 92000000, "link": "https://www.sec.gov/Archives/edgar/data/1334036/000119312512441638/0001193125-12-441638-index.htm", "finalLink": "https://www.sec.gov/Archives/edgar/data/1334036/000119312512441638/d404043d10q.htm"}, {"date": "2012-06-30", "symbol": "CROX", "reportedCurrency": "USD", "cik": "0001334036", "fillingDate": "2012-07-31", "acceptedDate": "2012-07-31 16:02:36", "calendarYear": "2012", "period": "Q2", "revenue": 330942000, "costOfRevenue": 134857000, "grossProfit": 196085000, "grossProfitRatio": 0.5925056354, "researchAndDevelopmentExpenses": 0, "generalAndAdministrativeExpenses": 124718000, "sellingAndMarketingExpenses": 0, "sellingGeneralAndAdministrativeExpenses": 124718000, "otherExpenses": 520000, "operatingExpenses": 124718000, "costAndExpenses": 259575000, "interestIncome": 549000, "interestExpense": 132000, "depreciationAndAmortization": 8904000, "ebitda": 82861000, "ebitdaratio": 0.2503792205, "operatingIncome": 71261000, "operatingIncomeRatio": 0.2153277614, "totalOtherIncomeExpensesNet": 2564000, "incomeBeforeTax": 73825000, "incomeBeforeTaxRatio": 0.2230753425, "incomeTaxExpense": 12301000, "netIncome": 61524000, "netIncomeRatio": 0.1859056874, "eps": 0.68, "epsdiluted": 0.68, "weightedAverageShsOut": 90476471, "weightedAverageShsOutDil": 90476471, "link": "https://www.sec.gov/Archives/edgar/data/1334036/000119312512325789/0001193125-12-325789-index.htm", "finalLink": "https://www.sec.gov/Archives/edgar/data/1334036/000119312512325789/d365435d10q.htm"}, {"date": "2012-03-31", "symbol": "CROX", "reportedCurrency": "USD", "cik": "0001334036", "fillingDate": "2012-05-01", "acceptedDate": "2012-05-01 16:06:14", "calendarYear": "2012", "period": "Q1", "revenue": 271798000, "costOfRevenue": 126999000, "grossProfit": 144799000, "grossProfitRatio": 0.5327449061, "researchAndDevelopmentExpenses": 0, "generalAndAdministrativeExpenses": 104290000, "sellingAndMarketingExpenses": 0, "sellingGeneralAndAdministrativeExpenses": 104290000, "otherExpenses": 598000, "operatingExpenses": 104290000, "costAndExpenses": 231289000, "interestIncome": 0, "interestExpense": 47000, "depreciationAndAmortization": 8353000, "ebitda": 44471000, "ebitdaratio": 0.1636178338, "operatingIncome": 39796000, "operatingIncomeRatio": 0.1464175601, "totalOtherIncomeExpensesNet": -3725000, "incomeBeforeTax": 36071000, "incomeBeforeTaxRatio": 0.1327125292, "incomeTaxExpense": 7725000, "netIncome": 28346000, "netIncomeRatio": 0.1042906865, "eps": 0.32, "epsdiluted": 0.31, "weightedAverageShsOut": 88581250, "weightedAverageShsOutDil": 91438710, "link": "https://www.sec.gov/Archives/edgar/data/1334036/000119312512200709/0001193125-12-200709-index.htm", "finalLink": "https://www.sec.gov/Archives/edgar/data/1334036/000119312512200709/d329105d10q.htm"}, {"date": "2011-12-31", "symbol": "CROX", "reportedCurrency": "USD", "cik": "0001334036", "fillingDate": "2012-02-23", "acceptedDate": "2012-02-23 16:46:11", "calendarYear": "2011", "period": "Q4", "revenue": 203714000, "costOfRevenue": 103902000, "grossProfit": 99812000, "grossProfitRatio": 0.4899614165, "researchAndDevelopmentExpenses": 0, "generalAndAdministrativeExpenses": 95034000, "sellingAndMarketingExpenses": 0, "sellingGeneralAndAdministrativeExpenses": 91685000, "otherExpenses": -1638000, "operatingExpenses": 93396000, "costAndExpenses": 193510000, "interestIncome": 0, "interestExpense": 221000, "depreciationAndAmortization": 8474000, "ebitda": 15791000, "ebitdaratio": 0.0775155365, "operatingIncome": 6416000, "operatingIncomeRatio": 0.0314951353, "totalOtherIncomeExpensesNet": 681000, "incomeBeforeTax": 7096000, "incomeBeforeTaxRatio": 0.0348331484, "incomeTaxExpense": 1525000, "netIncome": 5571000, "netIncomeRatio": 0.0273471632, "eps": 0.0629, "epsdiluted": 0.0629, "weightedAverageShsOut": 88581250, "weightedAverageShsOutDil": 88581250, "link": "https://www.sec.gov/Archives/edgar/data/1334036/000119312512075455/0001193125-12-075455-index.htm", "finalLink": "https://www.sec.gov/Archives/edgar/data/1334036/000119312512075455/d280890d10k.htm"}, {"date": "2011-09-30", "symbol": "CROX", "reportedCurrency": "USD", "cik": "0001334036", "fillingDate": "2011-10-31", "acceptedDate": "2011-10-31 16:05:03", "calendarYear": "2011", "period": "Q3", "revenue": 274897000, "costOfRevenue": 127722000, "grossProfit": 147175000, "grossProfitRatio": 0.5353823432, "researchAndDevelopmentExpenses": 0, "generalAndAdministrativeExpenses": 111672000, "sellingAndMarketingExpenses": 0, "sellingGeneralAndAdministrativeExpenses": 111672000, "otherExpenses": 0, "operatingExpenses": 111672000, "costAndExpenses": 239394000, "interestIncome": 0, "interestExpense": 204000, "depreciationAndAmortization": 9382000, "ebitda": 46413000, "ebitdaratio": 0.1688377829, "operatingIncome": 35008000, "operatingIncomeRatio": 0.1273495164, "totalOtherIncomeExpensesNet": 1819000, "incomeBeforeTax": 36827000, "incomeBeforeTaxRatio": 0.1339665402, "incomeTaxExpense": 6620000, "netIncome": 30207000, "netIncomeRatio": 0.1098847932, "eps": 0.34, "epsdiluted": 0.33, "weightedAverageShsOut": 88844000, "weightedAverageShsOutDil": 91536000, "link": "https://www.sec.gov/Archives/edgar/data/1334036/000119312511288669/0001193125-11-288669-index.htm", "finalLink": "https://www.sec.gov/Archives/edgar/data/1334036/000119312511288669/d232829d10q.htm"}, {"date": "2011-06-30", "symbol": "CROX", "reportedCurrency": "USD", "cik": "0001334036", "fillingDate": "2011-08-03", "acceptedDate": "2011-08-03 16:02:02", "calendarYear": "2011", "period": "Q2", "revenue": 295585000, "costOfRevenue": 125367000, "grossProfit": 170218000, "grossProfitRatio": 0.5758681936, "researchAndDevelopmentExpenses": 0, "generalAndAdministrativeExpenses": 108486000, "sellingAndMarketingExpenses": 0, "sellingGeneralAndAdministrativeExpenses": 108486000, "otherExpenses": 0, "operatingExpenses": 108486000, "costAndExpenses": 233853000, "interestIncome": 0, "interestExpense": 241000, "depreciationAndAmortization": 9564000, "ebitda": 74583000, "ebitdaratio": 0.2523233588, "operatingIncome": 61732000, "operatingIncomeRatio": 0.208846863, "totalOtherIncomeExpensesNet": 3046000, "incomeBeforeTax": 64778000, "incomeBeforeTaxRatio": 0.2191518514, "incomeTaxExpense": 9272000, "netIncome": 55506000, "netIncomeRatio": 0.1877835479, "eps": 0.62, "epsdiluted": 0.61, "weightedAverageShsOut": 89526000, "weightedAverageShsOutDil": 90993000, "link": "https://www.sec.gov/Archives/edgar/data/1334036/000110465911043145/0001104659-11-043145-index.htm", "finalLink": "https://www.sec.gov/Archives/edgar/data/1334036/000110465911043145/a11-13831_110q.htm"}, {"date": "2011-03-31", "symbol": "CROX", "reportedCurrency": "USD", "cik": "0001334036", "fillingDate": "2011-05-04", "acceptedDate": "2011-05-04 16:01:41", "calendarYear": "2011", "period": "Q1", "revenue": 226708000, "costOfRevenue": 107502000, "grossProfit": 119206000, "grossProfitRatio": 0.52581294, "researchAndDevelopmentExpenses": 0, "generalAndAdministrativeExpenses": 0, "sellingAndMarketingExpenses": 0, "sellingGeneralAndAdministrativeExpenses": 88614000, "otherExpenses": 0, "operatingExpenses": 90926000, "costAndExpenses": 198428000, "interestIncome": 0, "interestExpense": 188000, "depreciationAndAmortization": 9843000, "ebitda": 38020000, "ebitdaratio": 0.1677047127, "operatingIncome": 29563000, "operatingIncomeRatio": 0.130401221, "totalOtherIncomeExpensesNet": -1574000, "incomeBeforeTax": 27989000, "incomeBeforeTaxRatio": 0.1234583694, "incomeTaxExpense": 6485000, "netIncome": 21504000, "netIncomeRatio": 0.0948532915, "eps": 0.24, "epsdiluted": 0.24, "weightedAverageShsOut": 89600000, "weightedAverageShsOutDil": 89600000, "link": "https://www.sec.gov/Archives/edgar/data/1334036/000110465911025735/0001104659-11-025735-index.htm", "finalLink": "https://www.sec.gov/Archives/edgar/data/1334036/000110465911025735/a11-8682_110q.htm"}, {"date": "2010-12-31", "symbol": "CROX", "reportedCurrency": "USD", "cik": "0001334036", "fillingDate": "2011-02-25", "acceptedDate": "2011-02-25 16:05:35", "calendarYear": "2010", "period": "Q4", "revenue": 179192000, "costOfRevenue": 91559000, "grossProfit": 87633000, "grossProfitRatio": 0.4890452699, "researchAndDevelopmentExpenses": 0, "generalAndAdministrativeExpenses": 81104000, "sellingAndMarketingExpenses": 0, "sellingGeneralAndAdministrativeExpenses": 81104000, "otherExpenses": 0, "operatingExpenses": 80865000, "costAndExpenses": 172424000, "interestIncome": 0, "interestExpense": 212000, "depreciationAndAmortization": 10355000, "ebitda": 16189000, "ebitdaratio": 0.090344435, "operatingIncome": 5468000, "operatingIncomeRatio": 0.0305147551, "totalOtherIncomeExpensesNet": 154000, "incomeBeforeTax": 5622000, "incomeBeforeTaxRatio": 0.0313741685, "incomeTaxExpense": 893000, "netIncome": 4729000, "netIncomeRatio": 0.0263906871, "eps": 0.0528, "epsdiluted": 0.0528, "weightedAverageShsOut": 86460427, "weightedAverageShsOutDil": 89600000, "link": "https://www.sec.gov/Archives/edgar/data/1334036/000104746911001395/0001047469-11-001395-index.htm", "finalLink": "https://www.sec.gov/Archives/edgar/data/1334036/000104746911001395/a2202205z10-k.htm"}, {"date": "2010-09-30", "symbol": "CROX", "reportedCurrency": "USD", "cik": "0001334036", "fillingDate": "2010-11-04", "acceptedDate": "2010-11-04 16:22:12", "calendarYear": "2010", "period": "Q3", "revenue": 215605000, "costOfRevenue": 96797000, "grossProfit": 118808000, "grossProfitRatio": 0.5510447346, "researchAndDevelopmentExpenses": 0, "generalAndAdministrativeExpenses": 92192000, "sellingAndMarketingExpenses": 0, "sellingGeneralAndAdministrativeExpenses": 92192000, "otherExpenses": 0, "operatingExpenses": 91362000, "costAndExpenses": 188159000, "interestIncome": 0, "interestExpense": 153000, "depreciationAndAmortization": 9094000, "ebitda": 36422000, "ebitdaratio": 0.168929292, "operatingIncome": 27446000, "operatingIncomeRatio": 0.1272976044, "totalOtherIncomeExpensesNet": -271000, "incomeBeforeTax": 27175000, "incomeBeforeTaxRatio": 0.1260406762, "incomeTaxExpense": 2179000, "netIncome": 24996000, "netIncomeRatio": 0.1159342316, "eps": 0.29, "epsdiluted": 0.28, "weightedAverageShsOut": 85788000, "weightedAverageShsOutDil": 87342000, "link": "https://www.sec.gov/Archives/edgar/data/1334036/000110465910056077/0001104659-10-056077-index.htm", "finalLink": "https://www.sec.gov/Archives/edgar/data/1334036/000110465910056077/a10-17420_110q.htm"}]