[{"date": "2025-06-30", "symbol": "CDNS", "reportedCurrency": "USD", "cik": "0000813672", "fillingDate": "2025-07-28", "acceptedDate": "2025-07-28 16:03:12", "calendarYear": "2025", "period": "Q2", "revenue": 1275441000, "costOfRevenue": 193371000, "grossProfit": 1082070000, "grossProfitRatio": 0.8483889102, "researchAndDevelopmentExpenses": 442057000, "generalAndAdministrativeExpenses": 69029000, "sellingAndMarketingExpenses": 200595000, "sellingGeneralAndAdministrativeExpenses": 269624000, "otherExpenses": 0, "operatingExpenses": 711681000, "costAndExpenses": 905052000, "interestIncome": 0, "interestExpense": 28948000, "depreciationAndAmortization": 9204000, "ebitda": 318759000, "ebitdaratio": 0.2499206157, "operatingIncome": 370389000, "operatingIncomeRatio": 0.290400732, "totalOtherIncomeExpensesNet": -89782000, "incomeBeforeTax": 280607000, "incomeBeforeTaxRatio": 0.2200078247, "incomeTaxExpense": 120556000, "netIncome": 160051000, "netIncomeRatio": 0.1254867924, "eps": 0.59, "epsdiluted": 0.59, "weightedAverageShsOut": 271633000, "weightedAverageShsOutDil": 273264000, "link": "https://www.sec.gov/Archives/edgar/data/813672/000081367225000108/0000813672-25-000108-index.htm", "finalLink": "https://www.sec.gov/Archives/edgar/data/813672/000081367225000108/cdns7282025ex9901.htm"}, {"date": "2025-03-31", "symbol": "CDNS", "reportedCurrency": "USD", "cik": "0000813672", "fillingDate": "2025-04-30", "acceptedDate": "2025-04-29 17:44:53", "calendarYear": "2025", "period": "Q1", "revenue": 1242366000, "costOfRevenue": 167133000, "grossProfit": 1075233000, "grossProfitRatio": 0.8654720107, "researchAndDevelopmentExpenses": 439102000, "generalAndAdministrativeExpenses": 63098000, "sellingAndMarketingExpenses": 202700000, "sellingGeneralAndAdministrativeExpenses": 265798000, "otherExpenses": 8813000, "operatingExpenses": 713713000, "costAndExpenses": 880846000, "interestIncome": 26222000, "interestExpense": 29118000, "depreciationAndAmortization": 51470000, "ebitda": 436280000, "ebitdaratio": 0.3511686572, "operatingIncome": 361520000, "operatingIncomeRatio": 0.2909931534, "totalOtherIncomeExpensesNet": -5828000, "incomeBeforeTax": 355692000, "incomeBeforeTaxRatio": 0.2863021042, "incomeTaxExpense": 82113000, "netIncome": 273579000, "netIncomeRatio": 0.2202080546, "eps": 1.01, "epsdiluted": 1, "weightedAverageShsOut": 271973000, "weightedAverageShsOutDil": 273631000, "link": "https://www.sec.gov/Archives/edgar/data/813672/000081367225000051/0000813672-25-000051-index.htm", "finalLink": "https://www.sec.gov/Archives/edgar/data/813672/000081367225000051/cdns-20250331.htm"}, {"date": "2024-12-31", "symbol": "CDNS", "reportedCurrency": "USD", "cik": "0000813672", "fillingDate": "2025-02-21", "acceptedDate": "2025-02-20 17:44:49", "calendarYear": "2024", "period": "Q4", "revenue": 1355981000, "costOfRevenue": 219991000, "grossProfit": 1135990000, "grossProfitRatio": 0.837762476, "researchAndDevelopmentExpenses": 392026000, "generalAndAdministrativeExpenses": 78550000, "sellingAndMarketingExpenses": 200406000, "sellingGeneralAndAdministrativeExpenses": 278956000, "otherExpenses": 8133000, "operatingExpenses": 679115000, "costAndExpenses": 899106000, "interestIncome": 27154000, "interestExpense": 29907000, "depreciationAndAmortization": 53863000, "ebitda": 520422000, "ebitdaratio": 0.3837974131, "operatingIncome": 456875000, "operatingIncomeRatio": 0.3369331871, "totalOtherIncomeExpensesNet": -20223000, "incomeBeforeTax": 436652000, "incomeBeforeTaxRatio": 0.3220192613, "incomeTaxExpense": 96442000, "netIncome": 340210000, "netIncomeRatio": 0.2508958459, "eps": 1.25, "epsdiluted": 1.24, "weightedAverageShsOut": 272069000, "weightedAverageShsOutDil": 274292000, "link": "https://www.sec.gov/Archives/edgar/data/813672/000081367225000024/0000813672-25-000024-index.htm", "finalLink": "https://www.sec.gov/Archives/edgar/data/813672/000081367225000024/cdns-20241231.htm"}, {"date": "2024-09-30", "symbol": "CDNS", "reportedCurrency": "USD", "cik": "0000813672", "fillingDate": "2024-10-30", "acceptedDate": "2024-10-29 17:40:20", "calendarYear": "2024", "period": "Q3", "revenue": 1215499000, "costOfRevenue": 163044000, "grossProfit": 1052455000, "grossProfitRatio": 0.8658624976, "researchAndDevelopmentExpenses": 407369000, "generalAndAdministrativeExpenses": 71581000, "sellingAndMarketingExpenses": 189763000, "sellingGeneralAndAdministrativeExpenses": 261344000, "otherExpenses": 33686000, "operatingExpenses": 702399000, "costAndExpenses": 865443000, "interestIncome": 16933000, "interestExpense": 24495000, "depreciationAndAmortization": 55360000, "ebitda": 413269000, "ebitdaratio": 0.339999457, "operatingIncome": 350056000, "operatingIncomeRatio": 0.2879936553, "totalOtherIncomeExpensesNet": -16642000, "incomeBeforeTax": 333414000, "incomeBeforeTaxRatio": 0.274302159, "incomeTaxExpense": 95303000, "netIncome": 238111000, "netIncomeRatio": 0.1958956774, "eps": 0.87, "epsdiluted": 0.87, "weightedAverageShsOut": 272244000, "weightedAverageShsOutDil": 273958000, "link": "https://www.sec.gov/Archives/edgar/data/813672/000081367224000192/0000813672-24-000192-index.htm", "finalLink": "https://www.sec.gov/Archives/edgar/data/813672/000081367224000192/cdns-20240930.htm"}, {"date": "2024-06-30", "symbol": "CDNS", "reportedCurrency": "USD", "cik": "0000813672", "fillingDate": "2024-07-24", "acceptedDate": "2024-07-23 18:58:41", "calendarYear": "2024", "period": "Q2", "revenue": 1060681000, "costOfRevenue": 139270000, "grossProfit": 921411000, "grossProfitRatio": 0.8686975632, "researchAndDevelopmentExpenses": 370740000, "generalAndAdministrativeExpenses": 63436000, "sellingAndMarketingExpenses": 186725000, "sellingGeneralAndAdministrativeExpenses": 250161000, "otherExpenses": 6634000, "operatingExpenses": 627535000, "costAndExpenses": 766805000, "interestIncome": 8885000, "interestExpense": 12905000, "depreciationAndAmortization": 47153000, "ebitda": 375768000, "ebitdaratio": 0.3542705111, "operatingIncome": 293876000, "operatingIncomeRatio": 0.2770635092, "totalOtherIncomeExpensesNet": 21834000, "incomeBeforeTax": 315710000, "incomeBeforeTaxRatio": 0.2976483976, "incomeTaxExpense": 86190000, "netIncome": 229520000, "netIncomeRatio": 0.216389282, "eps": 0.85, "epsdiluted": 0.84, "weightedAverageShsOut": 270912000, "weightedAverageShsOutDil": 273520000, "link": "https://www.sec.gov/Archives/edgar/data/813672/000081367224000155/0000813672-24-000155-index.htm", "finalLink": "https://www.sec.gov/Archives/edgar/data/813672/000081367224000155/cdns-20240630.htm"}, {"date": "2024-03-31", "symbol": "CDNS", "reportedCurrency": "USD", "cik": "0000813672", "fillingDate": "2024-04-24", "acceptedDate": "2024-04-23 17:45:28", "calendarYear": "2024", "period": "Q1", "revenue": 1009103000, "costOfRevenue": 125197000, "grossProfit": 883906000, "grossProfitRatio": 0.8759323875, "researchAndDevelopmentExpenses": 378958000, "generalAndAdministrativeExpenses": 68716000, "sellingAndMarketingExpenses": 180589000, "sellingGeneralAndAdministrativeExpenses": 249305000, "otherExpenses": 5687000, "operatingExpenses": 633950000, "costAndExpenses": 759147000, "interestIncome": 9512000, "interestExpense": 8692000, "depreciationAndAmortization": 38639000, "ebitda": 357374000, "ebitdaratio": 0.354150171, "operatingIncome": 249956000, "operatingIncomeRatio": 0.2477011762, "totalOtherIncomeExpensesNet": 60087000, "incomeBeforeTax": 310043000, "incomeBeforeTaxRatio": 0.3072461384, "incomeTaxExpense": 62400000, "netIncome": 247643000, "netIncomeRatio": 0.2454090415, "eps": 0.92, "epsdiluted": 0.91, "weightedAverageShsOut": 269606000, "weightedAverageShsOutDil": 273544000, "link": "https://www.sec.gov/Archives/edgar/data/813672/000081367224000092/0000813672-24-000092-index.htm", "finalLink": "https://www.sec.gov/Archives/edgar/data/813672/000081367224000092/cdns-20240331.htm"}, {"date": "2023-12-31", "symbol": "CDNS", "reportedCurrency": "USD", "cik": "0000813672", "fillingDate": "2024-02-12", "acceptedDate": "2024-02-12 16:04:39", "calendarYear": "2023", "period": "Q4", "revenue": 1068623000, "costOfRevenue": 104099000, "grossProfit": 964524000, "grossProfitRatio": 0.9025858511, "researchAndDevelopmentExpenses": 367443000, "generalAndAdministrativeExpenses": 75742000, "sellingAndMarketingExpenses": 180368000, "sellingGeneralAndAdministrativeExpenses": 256110000, "otherExpenses": 4443000, "operatingExpenses": 627996000, "costAndExpenses": 732095000, "interestIncome": 7384000, "interestExpense": 8989000, "depreciationAndAmortization": 41644000, "ebitda": 412695000, "ebitdaratio": 0.3861932599, "operatingIncome": 336528000, "operatingIncomeRatio": 0.3149174218, "totalOtherIncomeExpensesNet": 25534000, "incomeBeforeTax": 362062000, "incomeBeforeTaxRatio": 0.3388117231, "incomeTaxExpense": 38163000, "netIncome": 323899000, "netIncomeRatio": 0.3030994092, "eps": 1.2, "epsdiluted": 1.19, "weightedAverageShsOut": 269088000, "weightedAverageShsOutDil": 272419000, "link": "https://www.sec.gov/Archives/edgar/data/813672/000081367224000034/0000813672-24-000034-index.htm", "finalLink": "https://www.sec.gov/Archives/edgar/data/813672/000081367224000034/cdns-20231231.htm"}, {"date": "2023-09-30", "symbol": "CDNS", "reportedCurrency": "USD", "cik": "0000813672", "fillingDate": "2023-10-23", "acceptedDate": "2023-10-23 16:16:16", "calendarYear": "2023", "period": "Q3", "revenue": 1023094000, "costOfRevenue": 109581000, "grossProfit": 913513000, "grossProfitRatio": 0.8928925397, "researchAndDevelopmentExpenses": 369642000, "generalAndAdministrativeExpenses": 58556000, "sellingAndMarketingExpenses": 176215000, "sellingGeneralAndAdministrativeExpenses": 234771000, "otherExpenses": 16194000, "operatingExpenses": 620607000, "costAndExpenses": 730188000, "interestIncome": 8453000, "interestExpense": 9059000, "depreciationAndAmortization": 37210000, "ebitda": 346222000, "ebitdaratio": 0.3384068326, "operatingIncome": 292906000, "operatingIncomeRatio": 0.286294319, "totalOtherIncomeExpensesNet": 7047000, "incomeBeforeTax": 299953000, "incomeBeforeTaxRatio": 0.2931822491, "incomeTaxExpense": 45632000, "netIncome": 254321000, "netIncomeRatio": 0.2485802869, "eps": 0.94, "epsdiluted": 0.93, "weightedAverageShsOut": 269229000, "weightedAverageShsOutDil": 272427000, "link": "https://www.sec.gov/Archives/edgar/data/813672/000081367223000068/0000813672-23-000068-index.htm", "finalLink": "https://www.sec.gov/Archives/edgar/data/813672/000081367223000068/cdns-20230930.htm"}, {"date": "2023-06-30", "symbol": "CDNS", "reportedCurrency": "USD", "cik": "0000813672", "fillingDate": "2023-07-24", "acceptedDate": "2023-07-24 16:15:40", "calendarYear": "2023", "period": "Q2", "revenue": 976579000, "costOfRevenue": 96858000, "grossProfit": 879721000, "grossProfitRatio": 0.9008190838, "researchAndDevelopmentExpenses": 354416000, "generalAndAdministrativeExpenses": 54605000, "sellingAndMarketingExpenses": 167070000, "sellingGeneralAndAdministrativeExpenses": 221675000, "otherExpenses": 4302000, "operatingExpenses": 580393000, "costAndExpenses": 677251000, "interestIncome": 7427000, "interestExpense": 8877000, "depreciationAndAmortization": 33881000, "ebitda": 341182000, "ebitdaratio": 0.3493644651, "operatingIncome": 299328000, "operatingIncomeRatio": 0.3065066933, "totalOtherIncomeExpensesNet": -904000, "incomeBeforeTax": 298424000, "incomeBeforeTaxRatio": 0.3055810129, "incomeTaxExpense": 77304000, "netIncome": 221120000, "netIncomeRatio": 0.2264230544, "eps": 0.82, "epsdiluted": 0.81, "weightedAverageShsOut": 269714000, "weightedAverageShsOutDil": 272996000, "link": "https://www.sec.gov/Archives/edgar/data/813672/000081367223000041/0000813672-23-000041-index.htm", "finalLink": "https://www.sec.gov/Archives/edgar/data/813672/000081367223000041/cdns-20230630.htm"}, {"date": "2023-03-31", "symbol": "CDNS", "reportedCurrency": "USD", "cik": "0000813672", "fillingDate": "2023-04-24", "acceptedDate": "2023-04-24 16:15:59", "calendarYear": "2023", "period": "Q1", "revenue": 1021690000, "costOfRevenue": 124472000, "grossProfit": 897218000, "grossProfitRatio": 0.8781704822, "researchAndDevelopmentExpenses": 350295000, "generalAndAdministrativeExpenses": 53527000, "sellingAndMarketingExpenses": 166666000, "sellingGeneralAndAdministrativeExpenses": 220193000, "otherExpenses": 4267000, "operatingExpenses": 574755000, "costAndExpenses": 699227000, "interestIncome": 6373000, "interestExpense": 9260000, "depreciationAndAmortization": 33008000, "ebitda": 363755000, "ebitdaratio": 0.3560326518, "operatingIncome": 322463000, "operatingIncomeRatio": 0.3156172616, "totalOtherIncomeExpensesNet": -976000, "incomeBeforeTax": 321487000, "incomeBeforeTaxRatio": 0.3146619816, "incomeTaxExpense": 79683000, "netIncome": 241804000, "netIncomeRatio": 0.2366706144, "eps": 0.9, "epsdiluted": 0.89, "weightedAverageShsOut": 269501000, "weightedAverageShsOutDil": 273159000, "link": "https://www.sec.gov/Archives/edgar/data/813672/000081367223000025/0000813672-23-000025-index.htm", "finalLink": "https://www.sec.gov/Archives/edgar/data/813672/000081367223000025/cdns-20230331.htm"}, {"date": "2022-12-31", "symbol": "CDNS", "reportedCurrency": "USD", "cik": "0000813672", "fillingDate": "2023-02-13", "acceptedDate": "2023-02-13 16:16:13", "calendarYear": "2022", "period": "Q4", "revenue": 899877000, "costOfRevenue": 93515000, "grossProfit": 806362000, "grossProfitRatio": 0.8960802421, "researchAndDevelopmentExpenses": 350423000, "generalAndAdministrativeExpenses": 68065000, "sellingAndMarketingExpenses": 171817000, "sellingGeneralAndAdministrativeExpenses": 239882000, "otherExpenses": 4940000, "operatingExpenses": 595245000, "costAndExpenses": 688760000, "interestIncome": 0, "interestExpense": 9082000, "depreciationAndAmortization": 38135000, "ebitda": 257742000, "ebitdaratio": 0.2864191439, "operatingIncome": 211117000, "operatingIncomeRatio": 0.2346065073, "totalOtherIncomeExpensesNet": -592000, "incomeBeforeTax": 210525000, "incomeBeforeTaxRatio": 0.2339486396, "incomeTaxExpense": -29867000, "netIncome": 240392000, "netIncomeRatio": 0.2671387312, "eps": 0.89, "epsdiluted": 0.88, "weightedAverageShsOut": 269709000, "weightedAverageShsOutDil": 272997000, "link": "https://www.sec.gov/Archives/edgar/data/813672/000081367223000011/0000813672-23-000011-index.htm", "finalLink": "https://www.sec.gov/Archives/edgar/data/813672/000081367223000011/cdns-20221231.htm"}, {"date": "2022-10-01", "symbol": "CDNS", "reportedCurrency": "USD", "cik": "0000813672", "fillingDate": "2022-10-24", "acceptedDate": "2022-10-24 16:17:05", "calendarYear": "2022", "period": "Q3", "revenue": 902554000, "costOfRevenue": 87649000, "grossProfit": 814905000, "grossProfitRatio": 0.9028878051, "researchAndDevelopmentExpenses": 323629000, "generalAndAdministrativeExpenses": 73688000, "sellingAndMarketingExpenses": 152925000, "sellingGeneralAndAdministrativeExpenses": 226613000, "otherExpenses": 3911000, "operatingExpenses": 554153000, "costAndExpenses": 641802000, "interestIncome": 3051000, "interestExpense": 5463000, "depreciationAndAmortization": 27863000, "ebitda": 285598000, "ebitdaratio": 0.3164331442, "operatingIncome": 260752000, "operatingIncomeRatio": 0.2889045974, "totalOtherIncomeExpensesNet": -8480000, "incomeBeforeTax": 252272000, "incomeBeforeTaxRatio": 0.2795090377, "incomeTaxExpense": 65967000, "netIncome": 186305000, "netIncomeRatio": 0.2064197821, "eps": 0.69, "epsdiluted": 0.68, "weightedAverageShsOut": 271131000, "weightedAverageShsOutDil": 274957000, "link": "https://www.sec.gov/Archives/edgar/data/813672/000081367222000054/0000813672-22-000054-index.htm", "finalLink": "https://www.sec.gov/Archives/edgar/data/813672/000081367222000054/cdns-20221001.htm"}, {"date": "2022-07-02", "symbol": "CDNS", "reportedCurrency": "USD", "cik": "0000813672", "fillingDate": "2022-07-25", "acceptedDate": "2022-07-25 16:26:34", "calendarYear": "2022", "period": "Q2", "revenue": 857521000, "costOfRevenue": 92648000, "grossProfit": 764873000, "grossProfitRatio": 0.891958331, "researchAndDevelopmentExpenses": 286597000, "generalAndAdministrativeExpenses": 51426000, "sellingAndMarketingExpenses": 139296000, "sellingGeneralAndAdministrativeExpenses": 190722000, "otherExpenses": 4666000, "operatingExpenses": 481985000, "costAndExpenses": 574633000, "interestIncome": 1182000, "interestExpense": 4281000, "depreciationAndAmortization": 33681000, "ebitda": 310607000, "ebitdaratio": 0.3622150361, "operatingIncome": 282888000, "operatingIncomeRatio": 0.3298904633, "totalOtherIncomeExpensesNet": -10243000, "incomeBeforeTax": 272645000, "incomeBeforeTaxRatio": 0.3179455663, "incomeTaxExpense": 85725000, "netIncome": 186920000, "netIncomeRatio": 0.2179771691, "eps": 0.69, "epsdiluted": 0.68, "weightedAverageShsOut": 271520000, "weightedAverageShsOutDil": 275172000, "link": "https://www.sec.gov/Archives/edgar/data/813672/000081367222000037/0000813672-22-000037-index.htm", "finalLink": "https://www.sec.gov/Archives/edgar/data/813672/000081367222000037/cdns-20220702.htm"}, {"date": "2022-04-02", "symbol": "CDNS", "reportedCurrency": "USD", "cik": "0000813672", "fillingDate": "2022-04-25", "acceptedDate": "2022-04-25 16:15:47", "calendarYear": "2022", "period": "Q1", "revenue": 901766000, "costOfRevenue": 97843000, "grossProfit": 803923000, "grossProfitRatio": 0.8914984597, "researchAndDevelopmentExpenses": 290895000, "generalAndAdministrativeExpenses": 48937000, "sellingAndMarketingExpenses": 140186000, "sellingGeneralAndAdministrativeExpenses": 189123000, "otherExpenses": 4976000, "operatingExpenses": 484994000, "costAndExpenses": 582837000, "interestIncome": 0, "interestExpense": 4108000, "depreciationAndAmortization": 35751000, "ebitda": 349780000, "ebitdaratio": 0.3878833312, "operatingIncome": 318929000, "operatingIncomeRatio": 0.3536715733, "totalOtherIncomeExpensesNet": -9008000, "incomeBeforeTax": 309921000, "incomeBeforeTaxRatio": 0.3436822856, "incomeTaxExpense": 74586000, "netIncome": 235335000, "netIncomeRatio": 0.2609712497, "eps": 0.86, "epsdiluted": 0.85, "weightedAverageShsOut": 272431000, "weightedAverageShsOutDil": 276918000, "link": "https://www.sec.gov/Archives/edgar/data/813672/000081367222000022/0000813672-22-000022-index.htm", "finalLink": "https://www.sec.gov/Archives/edgar/data/813672/000081367222000022/cdns-20220402.htm"}, {"date": "2022-01-01", "symbol": "CDNS", "reportedCurrency": "USD", "cik": "0000813672", "fillingDate": "2022-02-22", "acceptedDate": "2022-02-22 16:16:05", "calendarYear": "2021", "period": "Q4", "revenue": 773036000, "costOfRevenue": 69726000, "grossProfit": 703310000, "grossProfitRatio": 0.9098023895, "researchAndDevelopmentExpenses": 288953000, "generalAndAdministrativeExpenses": 65743000, "sellingAndMarketingExpenses": 148068000, "sellingGeneralAndAdministrativeExpenses": 213811000, "otherExpenses": 4866000, "operatingExpenses": 507630000, "costAndExpenses": 577356000, "interestIncome": 2634000, "interestExpense": 4251000, "depreciationAndAmortization": 26657000, "ebitda": 224962000, "ebitdaratio": 0.2910110267, "operatingIncome": 195680000, "operatingIncomeRatio": 0.2531318076, "totalOtherIncomeExpensesNet": -1626000, "incomeBeforeTax": 194054000, "incomeBeforeTaxRatio": 0.2510284126, "incomeTaxExpense": 17475000, "netIncome": 176579000, "netIncomeRatio": 0.2284227384, "eps": 0.65, "epsdiluted": 0.63, "weightedAverageShsOut": 273066000, "weightedAverageShsOutDil": 278253000, "link": "https://www.sec.gov/Archives/edgar/data/813672/000081367222000012/0000813672-22-000012-index.htm", "finalLink": "https://www.sec.gov/Archives/edgar/data/813672/000081367222000012/cdns-20220101.htm"}, {"date": "2021-10-02", "symbol": "CDNS", "reportedCurrency": "USD", "cik": "0000813672", "fillingDate": "2021-10-25", "acceptedDate": "2021-10-25 16:16:10", "calendarYear": "2021", "period": "Q3", "revenue": 750895000, "costOfRevenue": 76587000, "grossProfit": 674308000, "grossProfitRatio": 0.8980057132, "researchAndDevelopmentExpenses": 289105000, "generalAndAdministrativeExpenses": 42990000, "sellingAndMarketingExpenses": 143401000, "sellingGeneralAndAdministrativeExpenses": 186391000, "otherExpenses": 4778000, "operatingExpenses": 480274000, "costAndExpenses": 556861000, "interestIncome": 0, "interestExpense": 4196000, "depreciationAndAmortization": 34729000, "ebitda": 227620000, "ebitdaratio": 0.3031315963, "operatingIncome": 194034000, "operatingIncomeRatio": 0.2584036383, "totalOtherIncomeExpensesNet": -5339000, "incomeBeforeTax": 188695000, "incomeBeforeTaxRatio": 0.2512934565, "incomeTaxExpense": 12388000, "netIncome": 176307000, "netIncomeRatio": 0.2347958103, "eps": 0.65, "epsdiluted": 0.63, "weightedAverageShsOut": 273194000, "weightedAverageShsOutDil": 278311000, "link": "https://www.sec.gov/Archives/edgar/data/813672/000081367221000037/0000813672-21-000037-index.htm", "finalLink": "https://www.sec.gov/Archives/edgar/data/813672/000081367221000037/cdns-20211002.htm"}, {"date": "2021-07-03", "symbol": "CDNS", "reportedCurrency": "USD", "cik": "0000813672", "fillingDate": "2021-07-26", "acceptedDate": "2021-07-26 16:13:34", "calendarYear": "2021", "period": "Q2", "revenue": 728285000, "costOfRevenue": 76717000, "grossProfit": 651568000, "grossProfitRatio": 0.8946607441, "researchAndDevelopmentExpenses": 285227000, "generalAndAdministrativeExpenses": 40333000, "sellingAndMarketingExpenses": 135967000, "sellingGeneralAndAdministrativeExpenses": 176300000, "otherExpenses": 4603000, "operatingExpenses": 466130000, "costAndExpenses": 542847000, "interestIncome": 0, "interestExpense": 4316000, "depreciationAndAmortization": 35234000, "ebitda": 222815000, "ebitdaratio": 0.3059447881, "operatingIncome": 185438000, "operatingIncomeRatio": 0.2546228468, "totalOtherIncomeExpensesNet": -2173000, "incomeBeforeTax": 183265000, "incomeBeforeTaxRatio": 0.2516391248, "incomeTaxExpense": 27365000, "netIncome": 155900000, "netIncomeRatio": 0.2140645489, "eps": 0.57, "epsdiluted": 0.56, "weightedAverageShsOut": 273565000, "weightedAverageShsOutDil": 278558000, "link": "https://www.sec.gov/Archives/edgar/data/813672/000081367221000028/0000813672-21-000028-index.htm", "finalLink": "https://www.sec.gov/Archives/edgar/data/813672/000081367221000028/cdns-20210703.htm"}, {"date": "2021-04-03", "symbol": "CDNS", "reportedCurrency": "USD", "cik": "0000813672", "fillingDate": "2021-04-26", "acceptedDate": "2021-04-26 16:11:02", "calendarYear": "2021", "period": "Q1", "revenue": 736028000, "costOfRevenue": 83961000, "grossProfit": 652067000, "grossProfitRatio": 0.8859268941, "researchAndDevelopmentExpenses": 270992000, "generalAndAdministrativeExpenses": 39952000, "sellingAndMarketingExpenses": 132826000, "sellingGeneralAndAdministrativeExpenses": 172778000, "otherExpenses": 4360000, "operatingExpenses": 448130000, "costAndExpenses": 532091000, "interestIncome": 0, "interestExpense": 4217000, "depreciationAndAmortization": 34082000, "ebitda": 240720000, "ebitdaratio": 0.3270527752, "operatingIncome": 203937000, "operatingIncomeRatio": 0.2770777742, "totalOtherIncomeExpensesNet": -1516000, "incomeBeforeTax": 202421000, "incomeBeforeTaxRatio": 0.27501807, "incomeTaxExpense": 15252000, "netIncome": 187169000, "netIncomeRatio": 0.2542960322, "eps": 0.68, "epsdiluted": 0.67, "weightedAverageShsOut": 274021000, "weightedAverageShsOutDil": 280140000, "link": "https://www.sec.gov/Archives/edgar/data/813672/000081367221000016/0000813672-21-000016-index.htm", "finalLink": "https://www.sec.gov/Archives/edgar/data/813672/000081367221000016/cdns-20210403.htm"}, {"date": "2021-01-02", "symbol": "CDNS", "reportedCurrency": "USD", "cik": "0000813672", "fillingDate": "2021-02-22", "acceptedDate": "2021-02-22 17:01:48", "calendarYear": "2020", "period": "Q4", "revenue": 759909000, "costOfRevenue": 73536000, "grossProfit": 686373000, "grossProfitRatio": 0.9032305184, "researchAndDevelopmentExpenses": 290309000, "generalAndAdministrativeExpenses": 49264000, "sellingAndMarketingExpenses": 146502000, "sellingGeneralAndAdministrativeExpenses": 195766000, "otherExpenses": 15319000, "operatingExpenses": 501394000, "costAndExpenses": 574930000, "interestIncome": 3817000, "interestExpense": 4873000, "depreciationAndAmortization": 41053000, "ebitda": 232115000, "ebitdaratio": 0.3054510474, "operatingIncome": 184979000, "operatingIncomeRatio": 0.2434225677, "totalOtherIncomeExpensesNet": 1210000, "incomeBeforeTax": 186189000, "incomeBeforeTaxRatio": 0.2450148636, "incomeTaxExpense": 12451000, "netIncome": 173738000, "netIncomeRatio": 0.228630007, "eps": 0.63, "epsdiluted": 0.62, "weightedAverageShsOut": 273985000, "weightedAverageShsOutDil": 280173000, "link": "https://www.sec.gov/Archives/edgar/data/813672/000081367221000009/0000813672-21-000009-index.htm", "finalLink": "https://www.sec.gov/Archives/edgar/data/813672/000081367221000009/cdns-20210102.htm"}, {"date": "2020-09-26", "symbol": "CDNS", "reportedCurrency": "USD", "cik": "0000813672", "fillingDate": "2020-10-19", "acceptedDate": "2020-10-19 16:12:02", "calendarYear": "2020", "period": "Q3", "revenue": 666607000, "costOfRevenue": 82284000, "grossProfit": 584323000, "grossProfitRatio": 0.8765629524, "researchAndDevelopmentExpenses": 250934000, "generalAndAdministrativeExpenses": 35928000, "sellingAndMarketingExpenses": 123738000, "sellingGeneralAndAdministrativeExpenses": 159666000, "otherExpenses": 4438000, "operatingExpenses": 415038000, "costAndExpenses": 497322000, "interestIncome": 0, "interestExpense": 5325000, "depreciationAndAmortization": 37679000, "ebitda": 208155000, "ebitdaratio": 0.3122604473, "operatingIncome": 169272000, "operatingIncomeRatio": 0.2539307268, "totalOtherIncomeExpensesNet": -3559000, "incomeBeforeTax": 165713000, "incomeBeforeTaxRatio": 0.248591749, "incomeTaxExpense": 4083000, "netIncome": 161630000, "netIncomeRatio": 0.2424667008, "eps": 0.59, "epsdiluted": 0.58, "weightedAverageShsOut": 273996000, "weightedAverageShsOutDil": 280024000, "link": "https://www.sec.gov/Archives/edgar/data/813672/000081367220000027/0000813672-20-000027-index.htm", "finalLink": "https://www.sec.gov/Archives/edgar/data/813672/000081367220000027/cdns-20200926.htm"}, {"date": "2020-06-27", "symbol": "CDNS", "reportedCurrency": "USD", "cik": "0000813672", "fillingDate": "2020-07-20", "acceptedDate": "2020-07-20 16:13:01", "calendarYear": "2020", "period": "Q2", "revenue": 638418000, "costOfRevenue": 75215000, "grossProfit": 563203000, "grossProfitRatio": 0.8821853394, "researchAndDevelopmentExpenses": 250821000, "generalAndAdministrativeExpenses": 35641000, "sellingAndMarketingExpenses": 120476000, "sellingGeneralAndAdministrativeExpenses": 156117000, "otherExpenses": 4590000, "operatingExpenses": 411528000, "costAndExpenses": 486743000, "interestIncome": 0, "interestExpense": 5914000, "depreciationAndAmortization": 37377000, "ebitda": 193161000, "ebitdaratio": 0.3025619578, "operatingIncome": 151950000, "operatingIncomeRatio": 0.2380102065, "totalOtherIncomeExpensesNet": -1284000, "incomeBeforeTax": 150666000, "incomeBeforeTaxRatio": 0.235998985, "incomeTaxExpense": 19378000, "netIncome": 131288000, "netIncomeRatio": 0.2056458308, "eps": 0.48, "epsdiluted": 0.47, "weightedAverageShsOut": 273432000, "weightedAverageShsOutDil": 279080000, "link": "https://www.sec.gov/Archives/edgar/data/813672/000081367220000020/0000813672-20-000020-index.htm", "finalLink": "https://www.sec.gov/Archives/edgar/data/813672/000081367220000020/cdns-20200627.htm"}, {"date": "2020-03-28", "symbol": "CDNS", "reportedCurrency": "USD", "cik": "0000813672", "fillingDate": "2020-04-20", "acceptedDate": "2020-04-20 16:14:54", "calendarYear": "2020", "period": "Q1", "revenue": 617957000, "costOfRevenue": 74463000, "grossProfit": 543494000, "grossProfitRatio": 0.8795013245, "researchAndDevelopmentExpenses": 241668000, "generalAndAdministrativeExpenses": 33592000, "sellingAndMarketingExpenses": 125744000, "sellingGeneralAndAdministrativeExpenses": 159336000, "otherExpenses": 4206000, "operatingExpenses": 405210000, "costAndExpenses": 479673000, "interestIncome": 0, "interestExpense": 4637000, "depreciationAndAmortization": 34027000, "ebitda": 168138000, "ebitdaratio": 0.2720868928, "operatingIncome": 138284000, "operatingIncomeRatio": 0.223776088, "totalOtherIncomeExpensesNet": -8104000, "incomeBeforeTax": 130180000, "incomeBeforeTaxRatio": 0.2106619069, "incomeTaxExpense": 6192000, "netIncome": 123988000, "netIncomeRatio": 0.2006417922, "eps": 0.45, "epsdiluted": 0.44, "weightedAverageShsOut": 273476000, "weightedAverageShsOutDil": 279265000, "link": "https://www.sec.gov/Archives/edgar/data/813672/000081367220000013/0000813672-20-000013-index.htm", "finalLink": "https://www.sec.gov/Archives/edgar/data/813672/000081367220000013/a10-qcdns03282020.htm"}, {"date": "2019-12-28", "symbol": "CDNS", "reportedCurrency": "USD", "cik": "0000813672", "fillingDate": "2020-02-24", "acceptedDate": "2020-02-24 17:22:00", "calendarYear": "2019", "period": "Q4", "revenue": 599555000, "costOfRevenue": 73328000, "grossProfit": 526227000, "grossProfitRatio": 0.8776959578, "researchAndDevelopmentExpenses": 235372000, "generalAndAdministrativeExpenses": 42093000, "sellingAndMarketingExpenses": 127267000, "sellingGeneralAndAdministrativeExpenses": 169360000, "otherExpenses": 12596000, "operatingExpenses": 417328000, "costAndExpenses": 490656000, "interestIncome": 9509000, "interestExpense": 4222000, "depreciationAndAmortization": 31389000, "ebitda": 141036000, "ebitdaratio": 0.2352344656, "operatingIncome": 108899000, "operatingIncomeRatio": 0.1816330445, "totalOtherIncomeExpensesNet": -3474000, "incomeBeforeTax": 105425000, "incomeBeforeTaxRatio": 0.1758387471, "incomeTaxExpense": -554250000, "netIncome": 659675000, "netIncomeRatio": 1.1002743702, "eps": 2.41, "epsdiluted": 2.36, "weightedAverageShsOut": 273234000, "weightedAverageShsOutDil": 279557000, "link": "https://www.sec.gov/Archives/edgar/data/813672/000081367220000007/0000813672-20-000007-index.htm", "finalLink": "https://www.sec.gov/Archives/edgar/data/813672/000081367220000007/cdns1228201910-k.htm"}, {"date": "2019-09-28", "symbol": "CDNS", "reportedCurrency": "USD", "cik": "0000813672", "fillingDate": "2019-10-21", "acceptedDate": "2019-10-21 16:15:15", "calendarYear": "2019", "period": "Q3", "revenue": 579603000, "costOfRevenue": 60975000, "grossProfit": 518628000, "grossProfitRatio": 0.8947986812, "researchAndDevelopmentExpenses": 240542000, "generalAndAdministrativeExpenses": 33204000, "sellingAndMarketingExpenses": 121368000, "sellingGeneralAndAdministrativeExpenses": 154572000, "otherExpenses": 2874000, "operatingExpenses": 397988000, "costAndExpenses": 458963000, "interestIncome": 0, "interestExpense": 4240000, "depreciationAndAmortization": 30203000, "ebitda": 151151000, "ebitdaratio": 0.2607836743, "operatingIncome": 120826000, "operatingIncomeRatio": 0.2084633792, "totalOtherIncomeExpensesNet": -4118000, "incomeBeforeTax": 116708000, "incomeBeforeTaxRatio": 0.2013585161, "incomeTaxExpense": 15194000, "netIncome": 101514000, "netIncomeRatio": 0.175144021, "eps": 0.37, "epsdiluted": 0.36, "weightedAverageShsOut": 273329000, "weightedAverageShsOutDil": 280666000, "link": "https://www.sec.gov/Archives/edgar/data/813672/000081367219000027/0000813672-19-000027-index.htm", "finalLink": "https://www.sec.gov/Archives/edgar/data/813672/000081367219000027/a10-qcdns09282019.htm"}, {"date": "2019-06-29", "symbol": "CDNS", "reportedCurrency": "USD", "cik": "0000813672", "fillingDate": "2019-07-22", "acceptedDate": "2019-07-22 17:21:33", "calendarYear": "2019", "period": "Q2", "revenue": 580419000, "costOfRevenue": 61469000, "grossProfit": 518950000, "grossProfitRatio": 0.8940954724, "researchAndDevelopmentExpenses": 231814000, "generalAndAdministrativeExpenses": 34407000, "sellingAndMarketingExpenses": 116208000, "sellingGeneralAndAdministrativeExpenses": 150615000, "otherExpenses": 3159000, "operatingExpenses": 385588000, "costAndExpenses": 447057000, "interestIncome": 0, "interestExpense": 4976000, "depreciationAndAmortization": 31457000, "ebitda": 165022000, "ebitdaratio": 0.2843152964, "operatingIncome": 133675000, "operatingIncomeRatio": 0.2303077604, "totalOtherIncomeExpensesNet": -5086000, "incomeBeforeTax": 128589000, "incomeBeforeTaxRatio": 0.2215451252, "incomeTaxExpense": 21354000, "netIncome": 107235000, "netIncomeRatio": 0.1847544619, "eps": 0.39, "epsdiluted": 0.38, "weightedAverageShsOut": 273159000, "weightedAverageShsOutDil": 281054000, "link": "https://www.sec.gov/Archives/edgar/data/813672/000081367219000022/0000813672-19-000022-index.htm", "finalLink": "https://www.sec.gov/Archives/edgar/data/813672/000081367219000022/a10-qcdns06292019.htm"}, {"date": "2019-03-30", "symbol": "CDNS", "reportedCurrency": "USD", "cik": "0000813672", "fillingDate": "2019-04-22", "acceptedDate": "2019-04-22 16:28:39", "calendarYear": "2019", "period": "Q1", "revenue": 576742000, "costOfRevenue": 70585000, "grossProfit": 506157000, "grossProfitRatio": 0.8776142539, "researchAndDevelopmentExpenses": 228210000, "generalAndAdministrativeExpenses": 30102000, "sellingAndMarketingExpenses": 116830000, "sellingGeneralAndAdministrativeExpenses": 146932000, "otherExpenses": 3308000, "operatingExpenses": 378450000, "costAndExpenses": 449035000, "interestIncome": 0, "interestExpense": 5391000, "depreciationAndAmortization": 29740000, "ebitda": 163377000, "ebitdaratio": 0.2832757108, "operatingIncome": 128396000, "operatingIncomeRatio": 0.2226229406, "totalOtherIncomeExpensesNet": -150000, "incomeBeforeTax": 128246000, "incomeBeforeTaxRatio": 0.222362859, "incomeTaxExpense": 7691000, "netIncome": 120555000, "netIncomeRatio": 0.2090276068, "eps": 0.44, "epsdiluted": 0.43, "weightedAverageShsOut": 273066000, "weightedAverageShsOutDil": 280615000, "link": "https://www.sec.gov/Archives/edgar/data/813672/000081367219000014/0000813672-19-000014-index.htm", "finalLink": "https://www.sec.gov/Archives/edgar/data/813672/000081367219000014/a10-qcdns03302019.htm"}, {"date": "2018-12-29", "symbol": "CDNS", "reportedCurrency": "USD", "cik": "0000813672", "fillingDate": "2019-02-27", "acceptedDate": "2019-02-27 15:44:54", "calendarYear": "2018", "period": "Q4", "revenue": 569850000, "costOfRevenue": 76124000, "grossProfit": 493726000, "grossProfitRatio": 0.8664139686, "researchAndDevelopmentExpenses": 218271000, "generalAndAdministrativeExpenses": 31985000, "sellingAndMarketingExpenses": 112613000, "sellingGeneralAndAdministrativeExpenses": 144598000, "otherExpenses": 17167000, "operatingExpenses": 380036000, "costAndExpenses": 456160000, "interestIncome": 8070000, "interestExpense": 4318000, "depreciationAndAmortization": 29718000, "ebitda": 157107000, "ebitdaratio": 0.2756988681, "operatingIncome": 113690000, "operatingIncomeRatio": 0.1995086426, "totalOtherIncomeExpensesNet": -5053000, "incomeBeforeTax": 108637000, "incomeBeforeTaxRatio": 0.1906413969, "incomeTaxExpense": 10212000, "netIncome": 98425000, "netIncomeRatio": 0.1727208915, "eps": 0.36, "epsdiluted": 0.35, "weightedAverageShsOut": 273680000, "weightedAverageShsOutDil": 280321000, "link": "https://www.sec.gov/Archives/edgar/data/813672/000081367219000008/0000813672-19-000008-index.htm", "finalLink": "https://www.sec.gov/Archives/edgar/data/813672/000081367219000008/cdns1229201810-k.htm"}, {"date": "2018-09-29", "symbol": "CDNS", "reportedCurrency": "USD", "cik": "0000813672", "fillingDate": "2018-10-22", "acceptedDate": "2018-10-22 16:17:32", "calendarYear": "2018", "period": "Q3", "revenue": 532468000, "costOfRevenue": 60454000, "grossProfit": 472014000, "grossProfitRatio": 0.8864645387, "researchAndDevelopmentExpenses": 223231000, "generalAndAdministrativeExpenses": 33247000, "sellingAndMarketingExpenses": 108608000, "sellingGeneralAndAdministrativeExpenses": 141855000, "otherExpenses": 3470000, "operatingExpenses": 368556000, "costAndExpenses": 429010000, "interestIncome": 0, "interestExpense": 5177000, "depreciationAndAmortization": 3470000, "ebitda": 133179000, "ebitdaratio": 0.2501164389, "operatingIncome": 103630000, "operatingIncomeRatio": 0.1946220242, "totalOtherIncomeExpensesNet": -4071000, "incomeBeforeTax": 99559000, "incomeBeforeTaxRatio": 0.1869764944, "incomeTaxExpense": 241000, "netIncome": 99318000, "netIncomeRatio": 0.186523885, "eps": 0.36, "epsdiluted": 0.35, "weightedAverageShsOut": 273716000, "weightedAverageShsOutDil": 281646000, "link": "https://www.sec.gov/Archives/edgar/data/813672/000081367218000025/0000813672-18-000025-index.htm", "finalLink": "https://www.sec.gov/Archives/edgar/data/813672/000081367218000025/a10-qcdns09292018.htm"}, {"date": "2018-06-30", "symbol": "CDNS", "reportedCurrency": "USD", "cik": "0000813672", "fillingDate": "2018-07-23", "acceptedDate": "2018-07-23 16:15:50", "calendarYear": "2018", "period": "Q2", "revenue": 518391000, "costOfRevenue": 58960000, "grossProfit": 459431000, "grossProfitRatio": 0.8862634575, "researchAndDevelopmentExpenses": 219129000, "generalAndAdministrativeExpenses": 34875000, "sellingAndMarketingExpenses": 109300000, "sellingGeneralAndAdministrativeExpenses": 144175000, "otherExpenses": 3638000, "operatingExpenses": 366822000, "costAndExpenses": 425782000, "interestIncome": 0, "interestExpense": 6669000, "depreciationAndAmortization": 29893000, "ebitda": 122502000, "ebitdaratio": 0.236311973, "operatingIncome": 93056000, "operatingIncomeRatio": 0.1795092893, "totalOtherIncomeExpensesNet": -3031000, "incomeBeforeTax": 90025000, "incomeBeforeTaxRatio": 0.1736623514, "incomeTaxExpense": 14876000, "netIncome": 75149000, "netIncomeRatio": 0.1449658655, "eps": 0.27, "epsdiluted": 0.27, "weightedAverageShsOut": 273564000, "weightedAverageShsOutDil": 280774000, "link": "https://www.sec.gov/Archives/edgar/data/813672/000081367218000020/0000813672-18-000020-index.htm", "finalLink": "https://www.sec.gov/Archives/edgar/data/813672/000081367218000020/a10-qcdns06302018.htm"}, {"date": "2018-03-31", "symbol": "CDNS", "reportedCurrency": "USD", "cik": "0000813672", "fillingDate": "2018-04-25", "acceptedDate": "2018-04-25 17:26:36", "calendarYear": "2018", "period": "Q1", "revenue": 517313000, "costOfRevenue": 63209000, "grossProfit": 454104000, "grossProfitRatio": 0.8778128522, "researchAndDevelopmentExpenses": 224185000, "generalAndAdministrativeExpenses": 33299000, "sellingAndMarketingExpenses": 109148000, "sellingGeneralAndAdministrativeExpenses": 142447000, "otherExpenses": 0, "operatingExpenses": 370262000, "costAndExpenses": 433471000, "interestIncome": 0, "interestExpense": 6975000, "depreciationAndAmortization": 29389000, "ebitda": 113231000, "ebitdaratio": 0.2188829587, "operatingIncome": 85833000, "operatingIncomeRatio": 0.1659208255, "totalOtherIncomeExpensesNet": -7664000, "incomeBeforeTax": 78169000, "incomeBeforeTaxRatio": 0.1511058102, "incomeTaxExpense": 5284000, "netIncome": 72885000, "netIncomeRatio": 0.1408914912, "eps": 0.27, "epsdiluted": 0.26, "weightedAverageShsOut": 273773000, "weightedAverageShsOutDil": 281651000, "link": "https://www.sec.gov/Archives/edgar/data/813672/000081367218000014/0000813672-18-000014-index.htm", "finalLink": "https://www.sec.gov/Archives/edgar/data/813672/000081367218000014/a10-qcdns03312018.htm"}, {"date": "2017-12-30", "symbol": "CDNS", "reportedCurrency": "USD", "cik": "0000813672", "fillingDate": "2018-02-20", "acceptedDate": "2018-02-20 17:29:46", "calendarYear": "2017", "period": "Q4", "revenue": 501722000, "costOfRevenue": 60284000, "grossProfit": 441438000, "grossProfitRatio": 0.879845811, "researchAndDevelopmentExpenses": 203468000, "generalAndAdministrativeExpenses": 33289000, "sellingAndMarketingExpenses": 107654000, "sellingGeneralAndAdministrativeExpenses": 140943000, "otherExpenses": 2385000, "operatingExpenses": 347982000, "costAndExpenses": 408266000, "interestIncome": 3879000, "interestExpense": 6712000, "depreciationAndAmortization": 3571000, "ebitda": 122975000, "ebitdaratio": 0.2451058554, "operatingIncome": 81278000, "operatingIncomeRatio": 0.1619980786, "totalOtherIncomeExpensesNet": -4327000, "incomeBeforeTax": 76951000, "incomeBeforeTaxRatio": 0.1533737807, "incomeTaxExpense": 91393000, "netIncome": -14442000, "netIncomeRatio": -0.0287848649, "eps": -0.0529, "epsdiluted": -0.0529, "weightedAverageShsOut": 273157000, "weightedAverageShsOutDil": 273157000, "link": "https://www.sec.gov/Archives/edgar/data/813672/000081367218000008/0000813672-18-000008-index.htm", "finalLink": "https://www.sec.gov/Archives/edgar/data/813672/000081367218000008/cdns1230201710-k.htm"}, {"date": "2017-09-30", "symbol": "CDNS", "reportedCurrency": "USD", "cik": "0000813672", "fillingDate": "2017-10-26", "acceptedDate": "2017-10-26 16:42:10", "calendarYear": "2017", "period": "Q3", "revenue": 485398000, "costOfRevenue": 54482000, "grossProfit": 430916000, "grossProfitRatio": 0.8877580872, "researchAndDevelopmentExpenses": 206568000, "generalAndAdministrativeExpenses": 36302000, "sellingAndMarketingExpenses": 104263000, "sellingGeneralAndAdministrativeExpenses": 140565000, "otherExpenses": 0, "operatingExpenses": 350586000, "costAndExpenses": 405068000, "interestIncome": 0, "interestExpense": 6225000, "depreciationAndAmortization": 28301000, "ebitda": 108631000, "ebitdaratio": 0.2237977907, "operatingIncome": 80385000, "operatingIncomeRatio": 0.1656063684, "totalOtherIncomeExpensesNet": 6162000, "incomeBeforeTax": 86547000, "incomeBeforeTaxRatio": 0.1783011055, "incomeTaxExpense": 5390000, "netIncome": 81157000, "netIncomeRatio": 0.1671968158, "eps": 0.3, "epsdiluted": 0.29, "weightedAverageShsOut": 273156000, "weightedAverageShsOutDil": 281400000, "link": "https://www.sec.gov/Archives/edgar/data/813672/000081367217000023/0000813672-17-000023-index.htm", "finalLink": "https://www.sec.gov/Archives/edgar/data/813672/000081367217000023/a10-qcdns09302017.htm"}, {"date": "2017-07-01", "symbol": "CDNS", "reportedCurrency": "USD", "cik": "0000813672", "fillingDate": "2017-07-24", "acceptedDate": "2017-07-24 16:13:02", "calendarYear": "2017", "period": "Q2", "revenue": 479001000, "costOfRevenue": 60832000, "grossProfit": 418169000, "grossProfitRatio": 0.8730023528, "researchAndDevelopmentExpenses": 195901000, "generalAndAdministrativeExpenses": 32774000, "sellingAndMarketingExpenses": 103897000, "sellingGeneralAndAdministrativeExpenses": 136671000, "otherExpenses": 924000, "operatingExpenses": 336408000, "costAndExpenses": 397240000, "interestIncome": 0, "interestExpense": 6248000, "depreciationAndAmortization": 29410000, "ebitda": 111171000, "ebitdaratio": 0.2320892858, "operatingIncome": 82690000, "operatingIncomeRatio": 0.1726301198, "totalOtherIncomeExpensesNet": -5324000, "incomeBeforeTax": 77366000, "incomeBeforeTaxRatio": 0.1615153204, "incomeTaxExpense": 8239000, "netIncome": 69127000, "netIncomeRatio": 0.1443149388, "eps": 0.25, "epsdiluted": 0.25, "weightedAverageShsOut": 271887000, "weightedAverageShsOutDil": 279526000, "link": "https://www.sec.gov/Archives/edgar/data/813672/000081367217000017/0000813672-17-000017-index.htm", "finalLink": "https://www.sec.gov/Archives/edgar/data/813672/000081367217000017/a10-qcdns07012017.htm"}, {"date": "2017-04-01", "symbol": "CDNS", "reportedCurrency": "USD", "cik": "0000813672", "fillingDate": "2017-04-25", "acceptedDate": "2017-04-24 21:45:38", "calendarYear": "2017", "period": "Q1", "revenue": 476911000, "costOfRevenue": 61792000, "grossProfit": 415119000, "grossProfitRatio": 0.8704328481, "researchAndDevelopmentExpenses": 198286000, "generalAndAdministrativeExpenses": 31816000, "sellingAndMarketingExpenses": 103347000, "sellingGeneralAndAdministrativeExpenses": 135163000, "otherExpenses": 1059000, "operatingExpenses": 337305000, "costAndExpenses": 399097000, "interestIncome": 0, "interestExpense": 6479000, "depreciationAndAmortization": 28894000, "ebitda": 106708000, "ebitdaratio": 0.2237482465, "operatingIncome": 79602000, "operatingIncomeRatio": 0.166911646, "totalOtherIncomeExpensesNet": -5420000, "incomeBeforeTax": 74182000, "incomeBeforeTaxRatio": 0.1555468421, "incomeTaxExpense": 5923000, "netIncome": 68259000, "netIncomeRatio": 0.143127334, "eps": 0.25, "epsdiluted": 0.25, "weightedAverageShsOut": 270173000, "weightedAverageShsOutDil": 277736000, "link": "https://www.sec.gov/Archives/edgar/data/813672/000081367217000011/0000813672-17-000011-index.htm", "finalLink": "https://www.sec.gov/Archives/edgar/data/813672/000081367217000011/a10-qcdns04012017.htm"}, {"date": "2016-12-31", "symbol": "CDNS", "reportedCurrency": "USD", "cik": "0000813672", "fillingDate": "2017-02-10", "acceptedDate": "2017-02-10 16:54:01", "calendarYear": "2016", "period": "Q4", "revenue": 468980000, "costOfRevenue": 76048000, "grossProfit": 392932000, "grossProfitRatio": 0.8378438313, "researchAndDevelopmentExpenses": 181516000, "generalAndAdministrativeExpenses": 29977000, "sellingAndMarketingExpenses": 98091000, "sellingGeneralAndAdministrativeExpenses": 128068000, "otherExpenses": 5481000, "operatingExpenses": 313473000, "costAndExpenses": 389521000, "interestIncome": 2917000, "interestExpense": 6364000, "depreciationAndAmortization": 3889000, "ebitda": 110421000, "ebitdaratio": 0.2354492729, "operatingIncome": 53117000, "operatingIncomeRatio": 0.1132606934, "totalOtherIncomeExpensesNet": -883000, "incomeBeforeTax": 52234000, "incomeBeforeTaxRatio": 0.1113778839, "incomeTaxExpense": 13757000, "netIncome": 38477000, "netIncomeRatio": 0.0820440104, "eps": 0.14, "epsdiluted": 0.14, "weightedAverageShsOut": 272578000, "weightedAverageShsOutDil": 278917000, "link": "https://www.sec.gov/Archives/edgar/data/813672/000081367217000006/0000813672-17-000006-index.htm", "finalLink": "https://www.sec.gov/Archives/edgar/data/813672/000081367217000006/cdns1231201610-k.htm"}, {"date": "2016-10-01", "symbol": "CDNS", "reportedCurrency": "USD", "cik": "0000813672", "fillingDate": "2016-10-24", "acceptedDate": "2016-10-24 16:38:30", "calendarYear": "2016", "period": "Q3", "revenue": 446220000, "costOfRevenue": 56607000, "grossProfit": 389613000, "grossProfitRatio": 0.8731410515, "researchAndDevelopmentExpenses": 191547000, "generalAndAdministrativeExpenses": 30441000, "sellingAndMarketingExpenses": 96793000, "sellingGeneralAndAdministrativeExpenses": 127234000, "otherExpenses": 2836000, "operatingExpenses": 322670000, "costAndExpenses": 379277000, "interestIncome": 0, "interestExpense": 6053000, "depreciationAndAmortization": 26967000, "ebitda": 93910000, "ebitdaratio": 0.2104567254, "operatingIncome": 66842000, "operatingIncomeRatio": 0.1497960647, "totalOtherIncomeExpensesNet": -3217000, "incomeBeforeTax": 63625000, "incomeBeforeTaxRatio": 0.1425866165, "incomeTaxExpense": -1087000, "netIncome": 64712000, "netIncomeRatio": 0.1450226346, "eps": 0.23, "epsdiluted": 0.23, "weightedAverageShsOut": 280622000, "weightedAverageShsOutDil": 287473000, "link": "https://www.sec.gov/Archives/edgar/data/813672/000081367216000056/0000813672-16-000056-index.htm", "finalLink": "https://www.sec.gov/Archives/edgar/data/813672/000081367216000056/a10-qcdns10012016.htm"}, {"date": "2016-07-02", "symbol": "CDNS", "reportedCurrency": "USD", "cik": "0000813672", "fillingDate": "2016-07-25", "acceptedDate": "2016-07-25 16:16:01", "calendarYear": "2016", "period": "Q2", "revenue": 453021000, "costOfRevenue": 61783000, "grossProfit": 391238000, "grossProfitRatio": 0.8636200088, "researchAndDevelopmentExpenses": 182371000, "generalAndAdministrativeExpenses": 36388000, "sellingAndMarketingExpenses": 101110000, "sellingGeneralAndAdministrativeExpenses": 137498000, "otherExpenses": 2842000, "operatingExpenses": 324406000, "costAndExpenses": 386189000, "interestIncome": 0, "interestExpense": 5896000, "depreciationAndAmortization": 4537000, "ebitda": 74211000, "ebitdaratio": 0.163813598, "operatingIncome": 66906000, "operatingIncomeRatio": 0.1476885178, "totalOtherIncomeExpensesNet": -3054000, "incomeBeforeTax": 63852000, "incomeBeforeTaxRatio": 0.1409471084, "incomeTaxExpense": 14517000, "netIncome": 49335000, "netIncomeRatio": 0.1089022363, "eps": 0.17, "epsdiluted": 0.17, "weightedAverageShsOut": 288191000, "weightedAverageShsOutDil": 295201000, "link": "https://www.sec.gov/Archives/edgar/data/813672/000081367216000050/0000813672-16-000050-index.htm", "finalLink": "https://www.sec.gov/Archives/edgar/data/813672/000081367216000050/a10-qcdns07022016.htm"}, {"date": "2016-04-02", "symbol": "CDNS", "reportedCurrency": "USD", "cik": "0000813672", "fillingDate": "2016-04-25", "acceptedDate": "2016-04-25 16:18:48", "calendarYear": "2016", "period": "Q1", "revenue": 447862000, "costOfRevenue": 62054000, "grossProfit": 385808000, "grossProfitRatio": 0.8614439269, "researchAndDevelopmentExpenses": 179906000, "generalAndAdministrativeExpenses": 28300000, "sellingAndMarketingExpenses": 99200000, "sellingGeneralAndAdministrativeExpenses": 127500000, "otherExpenses": 4763000, "operatingExpenses": 313186000, "costAndExpenses": 375240000, "interestIncome": 0, "interestExpense": 5357000, "depreciationAndAmortization": 31231000, "ebitda": 103853000, "ebitdaratio": 0.2318861614, "operatingIncome": 58036000, "operatingIncomeRatio": 0.1295845595, "totalOtherIncomeExpensesNet": -594000, "incomeBeforeTax": 57442000, "incomeBeforeTaxRatio": 0.1282582581, "incomeTaxExpense": 6880000, "netIncome": 50562000, "netIncomeRatio": 0.1128963833, "eps": 0.17, "epsdiluted": 0.17, "weightedAverageShsOut": 296615000, "weightedAverageShsOutDil": 303434000, "link": "https://www.sec.gov/Archives/edgar/data/813672/000081367216000045/0000813672-16-000045-index.htm", "finalLink": "https://www.sec.gov/Archives/edgar/data/813672/000081367216000045/a10-qcdns04022016.htm"}, {"date": "2016-01-02", "symbol": "CDNS", "reportedCurrency": "USD", "cik": "0000813672", "fillingDate": "2016-02-18", "acceptedDate": "2016-02-18 17:27:00", "calendarYear": "2015", "period": "Q4", "revenue": 441079000, "costOfRevenue": 60902000, "grossProfit": 380177000, "grossProfitRatio": 0.8619249613, "researchAndDevelopmentExpenses": 161970000, "generalAndAdministrativeExpenses": 26789000, "sellingAndMarketingExpenses": 103552000, "sellingGeneralAndAdministrativeExpenses": 130341000, "otherExpenses": 2510000, "operatingExpenses": 297990000, "costAndExpenses": 358892000, "interestIncome": 0, "interestExpense": 4200000, "depreciationAndAmortization": 30159000, "ebitda": 112346000, "ebitdaratio": 0.2547072066, "operatingIncome": 81840000, "operatingIncomeRatio": 0.1855449931, "totalOtherIncomeExpensesNet": -1690000, "incomeBeforeTax": 80150000, "incomeBeforeTaxRatio": 0.1817134799, "incomeTaxExpense": -224000, "netIncome": 80374000, "netIncomeRatio": 0.1822213254, "eps": 0.27, "epsdiluted": 0.26, "weightedAverageShsOut": 297433000, "weightedAverageShsOutDil": 310512000, "link": "https://www.sec.gov/Archives/edgar/data/813672/000081367216000040/0000813672-16-000040-index.htm", "finalLink": "https://www.sec.gov/Archives/edgar/data/813672/000081367216000040/cdns0102201610-k.htm"}, {"date": "2015-10-03", "symbol": "CDNS", "reportedCurrency": "USD", "cik": "0000813672", "fillingDate": "2015-10-27", "acceptedDate": "2015-10-26 17:43:10", "calendarYear": "2015", "period": "Q3", "revenue": 433763000, "costOfRevenue": 65211000, "grossProfit": 368552000, "grossProfitRatio": 0.8496621427, "researchAndDevelopmentExpenses": 154627000, "generalAndAdministrativeExpenses": 28084000, "sellingAndMarketingExpenses": 101950000, "sellingGeneralAndAdministrativeExpenses": 130034000, "otherExpenses": 1839000, "operatingExpenses": 290348000, "costAndExpenses": 355559000, "interestIncome": 0, "interestExpense": 4177000, "depreciationAndAmortization": 5687000, "ebitda": 107247000, "ebitdaratio": 0.2472479211, "operatingIncome": 77901000, "operatingIncomeRatio": 0.1795934646, "totalOtherIncomeExpensesNet": -2338000, "incomeBeforeTax": 75563000, "incomeBeforeTaxRatio": 0.1742034245, "incomeTaxExpense": -2061000, "netIncome": 77624000, "netIncomeRatio": 0.1789548671, "eps": 0.27, "epsdiluted": 0.25, "weightedAverageShsOut": 284818000, "weightedAverageShsOutDil": 313186000, "link": "https://www.sec.gov/Archives/edgar/data/813672/000081367215000032/0000813672-15-000032-index.htm", "finalLink": "https://www.sec.gov/Archives/edgar/data/813672/000081367215000032/a10-qcdns10032015.htm"}, {"date": "2015-07-04", "symbol": "CDNS", "reportedCurrency": "USD", "cik": "0000813672", "fillingDate": "2015-07-27", "acceptedDate": "2015-07-27 16:13:56", "calendarYear": "2015", "period": "Q2", "revenue": 415883000, "costOfRevenue": 51755000, "grossProfit": 364128000, "grossProfitRatio": 0.8755539419, "researchAndDevelopmentExpenses": 157974000, "generalAndAdministrativeExpenses": 27467000, "sellingAndMarketingExpenses": 96662000, "sellingGeneralAndAdministrativeExpenses": 124129000, "otherExpenses": 1347000, "operatingExpenses": 288222000, "costAndExpenses": 339977000, "interestIncome": 0, "interestExpense": 8180000, "depreciationAndAmortization": 29530000, "ebitda": 105436000, "ebitdaratio": 0.2535232265, "operatingIncome": 76404000, "operatingIncomeRatio": 0.1837151314, "totalOtherIncomeExpensesNet": -6833000, "incomeBeforeTax": 69571000, "incomeBeforeTaxRatio": 0.1672850297, "incomeTaxExpense": 11411000, "netIncome": 58160000, "netIncomeRatio": 0.1398470243, "eps": 0.2, "epsdiluted": 0.19, "weightedAverageShsOut": 285297000, "weightedAverageShsOutDil": 313665000, "link": "https://www.sec.gov/Archives/edgar/data/813672/000081367215000024/0000813672-15-000024-index.htm", "finalLink": "https://www.sec.gov/Archives/edgar/data/813672/000081367215000024/a10-qcdns07042015.htm"}, {"date": "2015-04-04", "symbol": "CDNS", "reportedCurrency": "USD", "cik": "0000813672", "fillingDate": "2015-04-27", "acceptedDate": "2015-04-27 16:12:51", "calendarYear": "2015", "period": "Q1", "revenue": 411366000, "costOfRevenue": 60585000, "grossProfit": 350781000, "grossProfitRatio": 0.8527223932, "researchAndDevelopmentExpenses": 162996000, "generalAndAdministrativeExpenses": 27642000, "sellingAndMarketingExpenses": 100268000, "sellingGeneralAndAdministrativeExpenses": 127910000, "otherExpenses": 4781000, "operatingExpenses": 297137000, "costAndExpenses": 357722000, "interestIncome": 0, "interestExpense": 11754000, "depreciationAndAmortization": 29433000, "ebitda": 83077000, "ebitdaratio": 0.2019539777, "operatingIncome": 49285000, "operatingIncomeRatio": 0.1198081514, "totalOtherIncomeExpensesNet": -6973000, "incomeBeforeTax": 42312000, "incomeBeforeTaxRatio": 0.1028573095, "incomeTaxExpense": 6053000, "netIncome": 36259000, "netIncomeRatio": 0.088142919, "eps": 0.13, "epsdiluted": 0.12, "weightedAverageShsOut": 284523000, "weightedAverageShsOutDil": 311847000, "link": "https://www.sec.gov/Archives/edgar/data/813672/000081367215000013/0000813672-15-000013-index.htm", "finalLink": "https://www.sec.gov/Archives/edgar/data/813672/000081367215000013/a10-qcdns04042015.htm"}, {"date": "2015-01-03", "symbol": "CDNS", "reportedCurrency": "USD", "cik": "0000813672", "fillingDate": "2015-02-20", "acceptedDate": "2015-02-19 20:16:14", "calendarYear": "2014", "period": "Q4", "revenue": 423098000, "costOfRevenue": 58115000, "grossProfit": 364983000, "grossProfitRatio": 0.8626441155, "researchAndDevelopmentExpenses": 155124000, "generalAndAdministrativeExpenses": 26939000, "sellingAndMarketingExpenses": 102367000, "sellingGeneralAndAdministrativeExpenses": 129306000, "otherExpenses": 3879000, "operatingExpenses": 291342000, "costAndExpenses": 349457000, "interestIncome": 337000, "interestExpense": 11961000, "depreciationAndAmortization": 6912000, "ebitda": 104979000, "ebitdaratio": 0.2481198209, "operatingIncome": 74786000, "operatingIncomeRatio": 0.1767581033, "totalOtherIncomeExpensesNet": -8082000, "incomeBeforeTax": 66704000, "incomeBeforeTaxRatio": 0.1576561459, "incomeTaxExpense": 1674000, "netIncome": 65030000, "netIncomeRatio": 0.1536996157, "eps": 0.23, "epsdiluted": 0.21, "weightedAverageShsOut": 283928000, "weightedAverageShsOutDil": 310273000, "link": "https://www.sec.gov/Archives/edgar/data/813672/000081367215000008/0000813672-15-000008-index.htm", "finalLink": "https://www.sec.gov/Archives/edgar/data/813672/000081367215000008/cdns0103201510-k.htm"}, {"date": "2014-09-27", "symbol": "CDNS", "reportedCurrency": "USD", "cik": "0000813672", "fillingDate": "2014-10-20", "acceptedDate": "2014-10-20 16:14:31", "calendarYear": "2014", "period": "Q3", "revenue": 400496000, "costOfRevenue": 54079000, "grossProfit": 346417000, "grossProfitRatio": 0.8649699373, "researchAndDevelopmentExpenses": 148744000, "generalAndAdministrativeExpenses": 25894000, "sellingAndMarketingExpenses": 100387000, "sellingGeneralAndAdministrativeExpenses": 126281000, "otherExpenses": 65000, "operatingExpenses": 281341000, "costAndExpenses": 335420000, "interestIncome": 507000, "interestExpense": 7523000, "depreciationAndAmortization": 30687000, "ebitda": 84319000, "ebitdaratio": 0.2105364348, "operatingIncome": 54049000, "operatingIncomeRatio": 0.1349551556, "totalOtherIncomeExpensesNet": -7940000, "incomeBeforeTax": 46109000, "incomeBeforeTaxRatio": 0.1151297391, "incomeTaxExpense": 8574000, "netIncome": 37535000, "netIncomeRatio": 0.0937212856, "eps": 0.13, "epsdiluted": 0.12, "weightedAverageShsOut": 284462000, "weightedAverageShsOutDil": 309995000, "link": "https://www.sec.gov/Archives/edgar/data/813672/000081367214000026/0000813672-14-000026-index.htm", "finalLink": "https://www.sec.gov/Archives/edgar/data/813672/000081367214000026/a10-qcdns09272014.htm"}, {"date": "2014-06-28", "symbol": "CDNS", "reportedCurrency": "USD", "cik": "0000813672", "fillingDate": "2014-07-21", "acceptedDate": "2014-07-21 16:16:45", "calendarYear": "2014", "period": "Q2", "revenue": 378788000, "costOfRevenue": 54413000, "grossProfit": 324375000, "grossProfitRatio": 0.856349726, "researchAndDevelopmentExpenses": 152672000, "generalAndAdministrativeExpenses": 32042000, "sellingAndMarketingExpenses": 98611000, "sellingGeneralAndAdministrativeExpenses": 130653000, "otherExpenses": 1635000, "operatingExpenses": 288904000, "costAndExpenses": 343317000, "interestIncome": 498000, "interestExpense": 7369000, "depreciationAndAmortization": 5579000, "ebitda": 63063000, "ebitdaratio": 0.1664862667, "operatingIncome": 35497000, "operatingIncomeRatio": 0.09371205, "totalOtherIncomeExpensesNet": -5734000, "incomeBeforeTax": 29763000, "incomeBeforeTaxRatio": 0.0785742949, "incomeTaxExpense": 6500000, "netIncome": 23263000, "netIncomeRatio": 0.0614143003, "eps": 0.08, "epsdiluted": 0.08, "weightedAverageShsOut": 283344000, "weightedAverageShsOutDil": 305755000, "link": "https://www.sec.gov/Archives/edgar/data/813672/000081367214000021/0000813672-14-000021-index.htm", "finalLink": "https://www.sec.gov/Archives/edgar/data/813672/000081367214000021/a10-qcdns06282014.htm"}, {"date": "2014-03-29", "symbol": "CDNS", "reportedCurrency": "USD", "cik": "0000813672", "fillingDate": "2014-04-21", "acceptedDate": "2014-04-21 16:17:46", "calendarYear": "2014", "period": "Q1", "revenue": 378550000, "costOfRevenue": 57099000, "grossProfit": 321451000, "grossProfitRatio": 0.8491639149, "researchAndDevelopmentExpenses": 146466000, "generalAndAdministrativeExpenses": 28744000, "sellingAndMarketingExpenses": 98323000, "sellingGeneralAndAdministrativeExpenses": 127067000, "otherExpenses": 89000, "operatingExpenses": 278743000, "costAndExpenses": 335842000, "interestIncome": 486000, "interestExpense": 7268000, "depreciationAndAmortization": 26017000, "ebitda": 68725000, "ebitdaratio": 0.1815480122, "operatingIncome": 42312000, "operatingIncomeRatio": 0.111773874, "totalOtherIncomeExpensesNet": -3886000, "incomeBeforeTax": 38426000, "incomeBeforeTaxRatio": 0.1015083873, "incomeTaxExpense": 5356000, "netIncome": 33070000, "netIncomeRatio": 0.0873596619, "eps": 0.12, "epsdiluted": 0.11, "weightedAverageShsOut": 281615000, "weightedAverageShsOutDil": 301034000, "link": "https://www.sec.gov/Archives/edgar/data/813672/000081367214000013/0000813672-14-000013-index.htm", "finalLink": "https://www.sec.gov/Archives/edgar/data/813672/000081367214000013/a10-qcdns03292014.htm"}, {"date": "2013-12-28", "symbol": "CDNS", "reportedCurrency": "USD", "cik": "0000813672", "fillingDate": "2014-02-20", "acceptedDate": "2014-02-20 12:31:49", "calendarYear": "2013", "period": "Q4", "revenue": 376722000, "costOfRevenue": 59031000, "grossProfit": 317691000, "grossProfitRatio": 0.8433035501, "researchAndDevelopmentExpenses": 135465000, "generalAndAdministrativeExpenses": 29481000, "sellingAndMarketingExpenses": 94384000, "sellingGeneralAndAdministrativeExpenses": 123865000, "otherExpenses": 842000, "operatingExpenses": 264487000, "costAndExpenses": 323518000, "interestIncome": 431000, "interestExpense": 9208000, "depreciationAndAmortization": 25627000, "ebitda": 79539000, "ebitdaratio": 0.2111344705, "operatingIncome": 37799000, "operatingIncomeRatio": 0.1003365877, "totalOtherIncomeExpensesNet": -8366000, "incomeBeforeTax": 29433000, "incomeBeforeTaxRatio": 0.0781292306, "incomeTaxExpense": -8272000, "netIncome": 37705000, "netIncomeRatio": 0.1000870669, "eps": 0.13, "epsdiluted": 0.13, "weightedAverageShsOut": 280083000, "weightedAverageShsOutDil": 294663000, "link": "https://www.sec.gov/Archives/edgar/data/813672/000081367214000008/0000813672-14-000008-index.htm", "finalLink": "https://www.sec.gov/Archives/edgar/data/813672/000081367214000008/cdns1228201310-k.htm"}, {"date": "2013-09-28", "symbol": "CDNS", "reportedCurrency": "USD", "cik": "0000813672", "fillingDate": "2013-10-24", "acceptedDate": "2013-10-24 13:38:53", "calendarYear": "2013", "period": "Q3", "revenue": 366647000, "costOfRevenue": 49736000, "grossProfit": 316911000, "grossProfitRatio": 0.8643490878, "researchAndDevelopmentExpenses": 138078000, "generalAndAdministrativeExpenses": 27582000, "sellingAndMarketingExpenses": 98094000, "sellingGeneralAndAdministrativeExpenses": 125676000, "otherExpenses": 2535000, "operatingExpenses": 268895000, "costAndExpenses": 318631000, "interestIncome": 366000, "interestExpense": 9583000, "depreciationAndAmortization": 25704000, "ebitda": 73720000, "ebitdaratio": 0.2010653299, "operatingIncome": 47930000, "operatingIncomeRatio": 0.1307251934, "totalOtherIncomeExpensesNet": -7048000, "incomeBeforeTax": 40882000, "incomeBeforeTaxRatio": 0.1115023442, "incomeTaxExpense": 2382000, "netIncome": 38500000, "netIncomeRatio": 0.1050056321, "eps": 0.14, "epsdiluted": 0.13, "weightedAverageShsOut": 278977000, "weightedAverageShsOutDil": 296958000, "link": "https://www.sec.gov/Archives/edgar/data/813672/000081367213000027/0000813672-13-000027-index.htm", "finalLink": "https://www.sec.gov/Archives/edgar/data/813672/000081367213000027/a10-qcdns09282013.htm"}, {"date": "2013-06-29", "symbol": "CDNS", "reportedCurrency": "USD", "cik": "0000813672", "fillingDate": "2013-07-25", "acceptedDate": "2013-07-25 14:46:30", "calendarYear": "2013", "period": "Q2", "revenue": 362481000, "costOfRevenue": 43243000, "grossProfit": 319238000, "grossProfitRatio": 0.8807027127, "researchAndDevelopmentExpenses": 136395000, "generalAndAdministrativeExpenses": 34441000, "sellingAndMarketingExpenses": 95277000, "sellingGeneralAndAdministrativeExpenses": 129718000, "otherExpenses": 2018000, "operatingExpenses": 271440000, "costAndExpenses": 314683000, "interestIncome": 484000, "interestExpense": 9528000, "depreciationAndAmortization": 25295000, "ebitda": 72455000, "ebitdaratio": 0.1998863389, "operatingIncome": 45142000, "operatingIncomeRatio": 0.1245361826, "totalOtherIncomeExpensesNet": -7510000, "incomeBeforeTax": 37632000, "incomeBeforeTaxRatio": 0.1038178553, "incomeTaxExpense": 28203000, "netIncome": 9429000, "netIncomeRatio": 0.0260123979, "eps": 0.03, "epsdiluted": 0.03, "weightedAverageShsOut": 277146000, "weightedAverageShsOutDil": 294443000, "link": "https://www.sec.gov/Archives/edgar/data/813672/000081367213000021/0000813672-13-000021-index.htm", "finalLink": "https://www.sec.gov/Archives/edgar/data/813672/000081367213000021/a10-qcdns06292013.htm"}, {"date": "2013-03-30", "symbol": "CDNS", "reportedCurrency": "USD", "cik": "0000813672", "fillingDate": "2013-04-25", "acceptedDate": "2013-04-25 15:20:05", "calendarYear": "2013", "period": "Q1", "revenue": 354266000, "costOfRevenue": 48191000, "grossProfit": 306075000, "grossProfitRatio": 0.8639694467, "researchAndDevelopmentExpenses": 124084000, "generalAndAdministrativeExpenses": 29810000, "sellingAndMarketingExpenses": 90402000, "sellingGeneralAndAdministrativeExpenses": 120212000, "otherExpenses": 2175000, "operatingExpenses": 248087000, "costAndExpenses": 296278000, "interestIncome": 425000, "interestExpense": 9262000, "depreciationAndAmortization": 21682000, "ebitda": 81993000, "ebitdaratio": 0.2314447336, "operatingIncome": 58136000, "operatingIncomeRatio": 0.1641026799, "totalOtherIncomeExpensesNet": -7087000, "incomeBeforeTax": 51049000, "incomeBeforeTaxRatio": 0.1440979377, "incomeTaxExpense": -27560000, "netIncome": 78609000, "netIncomeRatio": 0.2218925892, "eps": 0.29, "epsdiluted": 0.27, "weightedAverageShsOut": 274936000, "weightedAverageShsOutDil": 292151000, "link": "https://www.sec.gov/Archives/edgar/data/813672/000081367213000015/0000813672-13-000015-index.htm", "finalLink": "https://www.sec.gov/Archives/edgar/data/813672/000081367213000015/a10-qcdns03302013.htm"}, {"date": "2012-12-29", "symbol": "CDNS", "reportedCurrency": "USD", "cik": "0000813672", "fillingDate": "2013-02-21", "acceptedDate": "2013-02-21 17:09:49", "calendarYear": "2012", "period": "Q4", "revenue": 345585000, "costOfRevenue": 43790000, "grossProfit": 301795000, "grossProfitRatio": 0.8732873244, "researchAndDevelopmentExpenses": 118382000, "generalAndAdministrativeExpenses": 27712000, "sellingAndMarketingExpenses": 95604000, "sellingGeneralAndAdministrativeExpenses": 123316000, "otherExpenses": 5369000, "operatingExpenses": 245470000, "costAndExpenses": 289260000, "interestIncome": 178000, "interestExpense": 8902000, "depreciationAndAmortization": 22046000, "ebitda": 83676000, "ebitdaratio": 0.2421285646, "operatingIncome": 56261000, "operatingIncomeRatio": 0.1627993113, "totalOtherIncomeExpensesNet": -3533000, "incomeBeforeTax": 52728000, "incomeBeforeTaxRatio": 0.1525760667, "incomeTaxExpense": -261146000, "netIncome": 313874000, "netIncomeRatio": 0.9082396516, "eps": 1.15, "epsdiluted": 1.1, "weightedAverageShsOut": 272884000, "weightedAverageShsOutDil": 286289000, "link": "https://www.sec.gov/Archives/edgar/data/813672/000081367213000007/0000813672-13-000007-index.htm", "finalLink": "https://www.sec.gov/Archives/edgar/data/813672/000081367213000007/cdns1229201210-k.htm"}, {"date": "2012-09-29", "symbol": "CDNS", "reportedCurrency": "USD", "cik": "0000813672", "fillingDate": "2012-10-25", "acceptedDate": "2012-10-25 17:03:10", "calendarYear": "2012", "period": "Q3", "revenue": 338533000, "costOfRevenue": 51270000, "grossProfit": 287263000, "grossProfitRatio": 0.8485524306, "researchAndDevelopmentExpenses": 115078000, "generalAndAdministrativeExpenses": 26350000, "sellingAndMarketingExpenses": 82461000, "sellingGeneralAndAdministrativeExpenses": 108811000, "otherExpenses": 3876000, "operatingExpenses": 227765000, "costAndExpenses": 279035000, "interestIncome": 650000, "interestExpense": 8737000, "depreciationAndAmortization": 23435000, "ebitda": 82933000, "ebitdaratio": 0.2449775945, "operatingIncome": 59441000, "operatingIncomeRatio": 0.1755840642, "totalOtherIncomeExpensesNet": -8868000, "incomeBeforeTax": 50573000, "incomeBeforeTaxRatio": 0.1493886859, "incomeTaxExpense": -8011000, "netIncome": 58584000, "netIncomeRatio": 0.1730525532, "eps": 0.22, "epsdiluted": 0.21, "weightedAverageShsOut": 271350000, "weightedAverageShsOutDil": 283328000, "link": "https://www.sec.gov/Archives/edgar/data/813672/000144530512003230/0001445305-12-003230-index.htm", "finalLink": "https://www.sec.gov/Archives/edgar/data/813672/000144530512003230/cdns0929201210-q.htm"}, {"date": "2012-06-30", "symbol": "CDNS", "reportedCurrency": "USD", "cik": "0000813672", "fillingDate": "2012-07-26", "acceptedDate": "2012-07-26 16:16:27", "calendarYear": "2012", "period": "Q2", "revenue": 326476000, "costOfRevenue": 49477000, "grossProfit": 276999000, "grossProfitRatio": 0.848451341, "researchAndDevelopmentExpenses": 112031000, "generalAndAdministrativeExpenses": 30244000, "sellingAndMarketingExpenses": 80418000, "sellingGeneralAndAdministrativeExpenses": 110662000, "otherExpenses": 3643000, "operatingExpenses": 226336000, "costAndExpenses": 275813000, "interestIncome": 308000, "interestExpense": 8566000, "depreciationAndAmortization": 21797000, "ebitda": 76086000, "ebitdaratio": 0.233052353, "operatingIncome": 50620000, "operatingIncomeRatio": 0.1550496821, "totalOtherIncomeExpensesNet": -4897000, "incomeBeforeTax": 45723000, "incomeBeforeTaxRatio": 0.1400501109, "incomeTaxExpense": 9337000, "netIncome": 36386000, "netIncomeRatio": 0.1114507651, "eps": 0.13, "epsdiluted": 0.13, "weightedAverageShsOut": 269739000, "weightedAverageShsOutDil": 275318000, "link": "https://www.sec.gov/Archives/edgar/data/813672/000119312512316862/0001193125-12-316862-index.htm", "finalLink": "https://www.sec.gov/Archives/edgar/data/813672/000119312512316862/d361299d10q.htm"}, {"date": "2012-03-31", "symbol": "CDNS", "reportedCurrency": "USD", "cik": "0000813672", "fillingDate": "2012-04-27", "acceptedDate": "2012-04-27 16:29:30", "calendarYear": "2012", "period": "Q1", "revenue": 315830000, "costOfRevenue": 46586000, "grossProfit": 269244000, "grossProfitRatio": 0.8524965963, "researchAndDevelopmentExpenses": 108594000, "generalAndAdministrativeExpenses": 27770000, "sellingAndMarketingExpenses": 83795000, "sellingGeneralAndAdministrativeExpenses": 111565000, "otherExpenses": 3786000, "operatingExpenses": 223945000, "costAndExpenses": 270531000, "interestIncome": 337000, "interestExpense": 8537000, "depreciationAndAmortization": 21939000, "ebitda": 69723000, "ebitdaratio": 0.220761169, "operatingIncome": 45350000, "operatingIncomeRatio": 0.143589906, "totalOtherIncomeExpensesNet": -6103000, "incomeBeforeTax": 39247000, "incomeBeforeTaxRatio": 0.1242662192, "incomeTaxExpense": 8143000, "netIncome": 31104000, "netIncomeRatio": 0.0984833613, "eps": 0.12, "epsdiluted": 0.11, "weightedAverageShsOut": 267940000, "weightedAverageShsOutDil": 277733000, "link": "https://www.sec.gov/Archives/edgar/data/813672/000119312512191236/0001193125-12-191236-index.htm", "finalLink": "https://www.sec.gov/Archives/edgar/data/813672/000119312512191236/d321869d10q.htm"}, {"date": "2011-12-31", "symbol": "CDNS", "reportedCurrency": "USD", "cik": "0000813672", "fillingDate": "2012-02-24", "acceptedDate": "2012-02-23 21:44:40", "calendarYear": "2011", "period": "Q4", "revenue": 308006000, "costOfRevenue": 48765000, "grossProfit": 259241000, "grossProfitRatio": 0.8416751622, "researchAndDevelopmentExpenses": 97024000, "generalAndAdministrativeExpenses": 24143000, "sellingAndMarketingExpenses": 88506000, "sellingGeneralAndAdministrativeExpenses": 112649000, "otherExpenses": 3786000, "operatingExpenses": 213459000, "costAndExpenses": 262224000, "interestIncome": 288000, "interestExpense": 10441000, "depreciationAndAmortization": 22714000, "ebitda": 66380000, "ebitdaratio": 0.2155152822, "operatingIncome": 45699000, "operatingIncomeRatio": 0.1483704863, "totalOtherIncomeExpensesNet": -12474000, "incomeBeforeTax": 33225000, "incomeBeforeTaxRatio": 0.1078712752, "incomeTaxExpense": 22333000, "netIncome": 10892000, "netIncomeRatio": 0.0353629475, "eps": 0.0402, "epsdiluted": 0.0402, "weightedAverageShsOut": 266121000, "weightedAverageShsOutDil": 270700000, "link": "https://www.sec.gov/Archives/edgar/data/813672/000119312512076117/0001193125-12-076117-index.htm", "finalLink": "https://www.sec.gov/Archives/edgar/data/813672/000119312512076117/d254788d10k.htm"}, {"date": "2011-10-01", "symbol": "CDNS", "reportedCurrency": "USD", "cik": "0000813672", "fillingDate": "2011-10-28", "acceptedDate": "2011-10-28 16:17:14", "calendarYear": "2011", "period": "Q3", "revenue": 292457000, "costOfRevenue": 49818000, "grossProfit": 242639000, "grossProfitRatio": 0.8296570094, "researchAndDevelopmentExpenses": 103154000, "generalAndAdministrativeExpenses": 24041000, "sellingAndMarketingExpenses": 79914000, "sellingGeneralAndAdministrativeExpenses": 103955000, "otherExpenses": 3786000, "operatingExpenses": 210895000, "costAndExpenses": 260713000, "interestIncome": 318000, "interestExpense": 10830000, "depreciationAndAmortization": 22651000, "ebitda": 62072000, "ebitdaratio": 0.2122431674, "operatingIncome": 32177000, "operatingIncomeRatio": 0.1100230119, "totalOtherIncomeExpensesNet": -3586000, "incomeBeforeTax": 28591000, "incomeBeforeTaxRatio": 0.0977613803, "incomeTaxExpense": 485000, "netIncome": 28106000, "netIncomeRatio": 0.0961030169, "eps": 0.11, "epsdiluted": 0.1, "weightedAverageShsOut": 264723000, "weightedAverageShsOutDil": 270741000, "link": "https://www.sec.gov/Archives/edgar/data/813672/000119312511286241/0001193125-11-286241-index.htm", "finalLink": "https://www.sec.gov/Archives/edgar/data/813672/000119312511286241/d241902d10q.htm"}, {"date": "2011-07-02", "symbol": "CDNS", "reportedCurrency": "USD", "cik": "0000813672", "fillingDate": "2011-07-29", "acceptedDate": "2011-07-29 15:24:07", "calendarYear": "2011", "period": "Q2", "revenue": 283270000, "costOfRevenue": 51406000, "grossProfit": 231864000, "grossProfitRatio": 0.8185264942, "researchAndDevelopmentExpenses": 99268000, "generalAndAdministrativeExpenses": 25377000, "sellingAndMarketingExpenses": 77006000, "sellingGeneralAndAdministrativeExpenses": 102383000, "otherExpenses": 4505000, "operatingExpenses": 206156000, "costAndExpenses": 257562000, "interestIncome": 324000, "interestExpense": 10768000, "depreciationAndAmortization": 23376000, "ebitda": 56727000, "ebitdaratio": 0.2002577047, "operatingIncome": 24957000, "operatingIncomeRatio": 0.0881032231, "totalOtherIncomeExpensesNet": -2374000, "incomeBeforeTax": 22583000, "incomeBeforeTaxRatio": 0.0797225262, "incomeTaxExpense": -4325000, "netIncome": 26908000, "netIncomeRatio": 0.094990645, "eps": 0.1, "epsdiluted": 0.1, "weightedAverageShsOut": 263191000, "weightedAverageShsOutDil": 270885000, "link": "https://www.sec.gov/Archives/edgar/data/813672/000095012311070291/0000950123-11-070291-index.htm", "finalLink": "https://www.sec.gov/Archives/edgar/data/813672/000095012311070291/f59212e10vq.htm"}, {"date": "2011-04-02", "symbol": "CDNS", "reportedCurrency": "USD", "cik": "0000813672", "fillingDate": "2011-04-29", "acceptedDate": "2011-04-29 14:36:23", "calendarYear": "2011", "period": "Q1", "revenue": 266102000, "costOfRevenue": 45167000, "grossProfit": 220935000, "grossProfitRatio": 0.8302643347, "researchAndDevelopmentExpenses": 101299000, "generalAndAdministrativeExpenses": 19302000, "sellingAndMarketingExpenses": 78372000, "sellingGeneralAndAdministrativeExpenses": 97674000, "otherExpenses": 4459000, "operatingExpenses": 203432000, "costAndExpenses": 248599000, "interestIncome": 373000, "interestExpense": 10986000, "depreciationAndAmortization": 22907000, "ebitda": 44920000, "ebitdaratio": 0.1688074498, "operatingIncome": 17544000, "operatingIncomeRatio": 0.0659296059, "totalOtherIncomeExpensesNet": -6517000, "incomeBeforeTax": 11027000, "incomeBeforeTaxRatio": 0.0414389971, "incomeTaxExpense": 4704000, "netIncome": 6323000, "netIncomeRatio": 0.0237615651, "eps": 0.02, "epsdiluted": 0.02, "weightedAverageShsOut": 261533000, "weightedAverageShsOutDil": 268578000, "link": "https://www.sec.gov/Archives/edgar/data/813672/000095012311041834/0000950123-11-041834-index.htm", "finalLink": "https://www.sec.gov/Archives/edgar/data/813672/000095012311041834/f58675e10vq.htm"}, {"date": "2011-01-01", "symbol": "CDNS", "reportedCurrency": "USD", "cik": "0000813672", "fillingDate": "2011-02-24", "acceptedDate": "2011-02-24 17:17:17", "calendarYear": "2010", "period": "Q4", "revenue": 249018000, "costOfRevenue": 38849000, "grossProfit": 210169000, "grossProfitRatio": 0.8439911974, "researchAndDevelopmentExpenses": 97828000, "generalAndAdministrativeExpenses": 21421000, "sellingAndMarketingExpenses": 83218000, "sellingGeneralAndAdministrativeExpenses": 104639000, "otherExpenses": 4459000, "operatingExpenses": 206926000, "costAndExpenses": 245775000, "interestIncome": 348000, "interestExpense": 10464000, "depreciationAndAmortization": 23540000, "ebitda": 332000, "ebitdaratio": 0.001333237, "operatingIncome": -25782000, "operatingIncomeRatio": -0.1035346842, "totalOtherIncomeExpensesNet": -7128000, "incomeBeforeTax": -33672000, "incomeBeforeTaxRatio": -0.1352191408, "incomeTaxExpense": 3365000, "netIncome": -37037000, "netIncomeRatio": -0.1487322202, "eps": -0.14, "epsdiluted": -0.14, "weightedAverageShsOut": 259782000, "weightedAverageShsOutDil": 259800000, "link": "https://www.sec.gov/Archives/edgar/data/813672/000095012311017955/0000950123-11-017955-index.htm", "finalLink": "https://www.sec.gov/Archives/edgar/data/813672/000095012311017955/f57089e10vk.htm"}, {"date": "2010-10-02", "symbol": "CDNS", "reportedCurrency": "USD", "cik": "0000813672", "fillingDate": "2010-10-29", "acceptedDate": "2010-10-29 15:37:21", "calendarYear": "2010", "period": "Q3", "revenue": 237934000, "costOfRevenue": 39819000, "grossProfit": 198115000, "grossProfitRatio": 0.8326468685, "researchAndDevelopmentExpenses": 97275000, "generalAndAdministrativeExpenses": 25081000, "sellingAndMarketingExpenses": 76065000, "sellingGeneralAndAdministrativeExpenses": 101146000, "otherExpenses": 4459000, "operatingExpenses": 202880000, "costAndExpenses": 242699000, "interestIncome": 303000, "interestExpense": 10476000, "depreciationAndAmortization": 23462000, "ebitda": 17472000, "ebitdaratio": 0.0734321282, "operatingIncome": -3083000, "operatingIncomeRatio": -0.0129573747, "totalOtherIncomeExpensesNet": -13383000, "incomeBeforeTax": -16466000, "incomeBeforeTaxRatio": -0.069204065, "incomeTaxExpense": -143219000, "netIncome": 126753000, "netIncomeRatio": 0.5327233603, "eps": 0.49, "epsdiluted": 0.48, "weightedAverageShsOut": 258606000, "weightedAverageShsOutDil": 263302000, "link": "https://www.sec.gov/Archives/edgar/data/813672/000095012310098122/0000950123-10-098122-index.htm", "finalLink": "https://www.sec.gov/Archives/edgar/data/813672/000095012310098122/f56658e10vq.htm"}]