[{"date": "2025-06-30", "symbol": "ASML", "reportedCurrency": "EUR", "cik": "0000000000", "fillingDate": "2025-06-30", "acceptedDate": "2025-06-29 20:00:00", "calendarYear": "2025", "period": "Q2", "revenue": 7691700000, "costOfRevenue": 3562200000, "grossProfit": 4129500000, "grossProfitRatio": 0.5368774133, "researchAndDevelopmentExpenses": 1166700000, "generalAndAdministrativeExpenses": 0, "sellingAndMarketingExpenses": 0, "sellingGeneralAndAdministrativeExpenses": 298700000, "otherExpenses": 0, "operatingExpenses": 1465400000, "costAndExpenses": 5027600000, "interestIncome": 24800000, "interestExpense": 0, "depreciationAndAmortization": 254900000, "ebitda": 2943800000, "ebitdaratio": 0.3827242352, "operatingIncome": 2664100000, "operatingIncomeRatio": 0.3463603625, "totalOtherIncomeExpensesNet": 113600000, "incomeBeforeTax": 2777700000, "incomeBeforeTaxRatio": 0.3611295292, "incomeTaxExpense": 487400000, "netIncome": 2290300000, "netIncomeRatio": 0.2977625232, "eps": 5.9, "epsdiluted": 5.9, "weightedAverageShsOut": 388200000, "weightedAverageShsOutDil": 388400000, "link": "", "finalLink": ""}, {"date": "2025-03-31", "symbol": "ASML", "reportedCurrency": "EUR", "cik": "0000000000", "fillingDate": "2025-03-31", "acceptedDate": "2025-03-31 00:00:00", "calendarYear": "2025", "period": "Q1", "revenue": 7741500000, "costOfRevenue": 3561800000, "grossProfit": 4179700000, "grossProfitRatio": 0.5399082865, "researchAndDevelopmentExpenses": 1161100000, "generalAndAdministrativeExpenses": 0, "sellingAndMarketingExpenses": 0, "sellingGeneralAndAdministrativeExpenses": 280700000, "otherExpenses": 0, "operatingExpenses": 1441800000, "costAndExpenses": 5003600000, "interestIncome": 49200000, "interestExpense": 0, "depreciationAndAmortization": 241300000, "ebitda": 2979200000, "ebitdaratio": 0.3848349803, "operatingIncome": 2737900000, "operatingIncomeRatio": 0.3536653103, "totalOtherIncomeExpensesNet": 82200000, "incomeBeforeTax": 2787100000, "incomeBeforeTaxRatio": 0.3600206678, "incomeTaxExpense": 465100000, "netIncome": 2355000000, "netIncomeRatio": 0.3042046115, "eps": 6, "epsdiluted": 6, "weightedAverageShsOut": 392300000, "weightedAverageShsOutDil": 392500000, "link": "", "finalLink": ""}, {"date": "2024-12-31", "symbol": "ASML", "reportedCurrency": "EUR", "cik": "0000000000", "fillingDate": "2024-12-31", "acceptedDate": "2024-12-30 19:00:00", "calendarYear": "2024", "period": "Q4", "revenue": 9262800000, "costOfRevenue": 4473000000, "grossProfit": 4789800000, "grossProfitRatio": 0.5171006607, "researchAndDevelopmentExpenses": 1116000000, "generalAndAdministrativeExpenses": 0, "sellingAndMarketingExpenses": 0, "sellingGeneralAndAdministrativeExpenses": 318400000, "otherExpenses": 0, "operatingExpenses": 1434400000, "costAndExpenses": 5907400000, "interestIncome": 0, "interestExpense": 0, "depreciationAndAmortization": 241000000, "ebitda": 3778800000, "ebitdaratio": 0.4079543982, "operatingIncome": 3355400000, "operatingIncomeRatio": 0.3622446776, "totalOtherIncomeExpensesNet": 6300000, "incomeBeforeTax": 3361700000, "incomeBeforeTaxRatio": 0.3629248175, "incomeTaxExpense": 723800000, "netIncome": 2693400000, "netIncomeRatio": 0.2907760073, "eps": 6.85, "epsdiluted": 6.84, "weightedAverageShsOut": 393300000, "weightedAverageShsOutDil": 393600000, "link": "", "finalLink": ""}, {"date": "2024-09-30", "symbol": "ASML", "reportedCurrency": "EUR", "cik": "0000000000", "fillingDate": "2024-09-30", "acceptedDate": "2024-09-28 20:00:00", "calendarYear": "2024", "period": "Q3", "revenue": 7467300000, "costOfRevenue": 3673900000, "grossProfit": 3793400000, "grossProfitRatio": 0.5080015534, "researchAndDevelopmentExpenses": 1055200000, "generalAndAdministrativeExpenses": 0, "sellingAndMarketingExpenses": 0, "sellingGeneralAndAdministrativeExpenses": 297000000, "otherExpenses": 0, "operatingExpenses": 1352200000, "costAndExpenses": 5026100000, "interestIncome": 0, "interestExpense": 0, "depreciationAndAmortization": 235700000, "ebitda": 2676900000, "ebitdaratio": 0.3584829858, "operatingIncome": 2441200000, "operatingIncomeRatio": 0.3269186989, "totalOtherIncomeExpensesNet": -800000, "incomeBeforeTax": 2440400000, "incomeBeforeTaxRatio": 0.3268115651, "incomeTaxExpense": 441200000, "netIncome": 2076500000, "netIncomeRatio": 0.2780790915, "eps": 5.28, "epsdiluted": 5.28, "weightedAverageShsOut": 393200000, "weightedAverageShsOutDil": 393600000, "link": "", "finalLink": ""}, {"date": "2024-06-30", "symbol": "ASML", "reportedCurrency": "EUR", "cik": "0000000000", "fillingDate": "2024-06-30", "acceptedDate": "2024-06-28 20:00:00", "calendarYear": "2024", "period": "Q2", "revenue": 6242800000, "costOfRevenue": 3030600000, "grossProfit": 3212200000, "grossProfitRatio": 0.5145447556, "researchAndDevelopmentExpenses": 1100600000, "generalAndAdministrativeExpenses": 0, "sellingAndMarketingExpenses": 0, "sellingGeneralAndAdministrativeExpenses": 277000000, "otherExpenses": 0, "operatingExpenses": 1377600000, "costAndExpenses": 4408200000, "interestIncome": 0, "interestExpense": 0, "depreciationAndAmortization": 227500000, "ebitda": 2062100000, "ebitdaratio": 0.3303165246, "operatingIncome": 1834600000, "operatingIncomeRatio": 0.2938745435, "totalOtherIncomeExpensesNet": -11900000, "incomeBeforeTax": 1822700000, "incomeBeforeTaxRatio": 0.2919683475, "incomeTaxExpense": 291600000, "netIncome": 1577900000, "netIncomeRatio": 0.252755174, "eps": 4.01, "epsdiluted": 4.01, "weightedAverageShsOut": 393200000, "weightedAverageShsOutDil": 393500000, "link": "", "finalLink": ""}, {"date": "2024-03-31", "symbol": "ASML", "reportedCurrency": "EUR", "cik": "0000000000", "fillingDate": "2024-03-31", "acceptedDate": "2024-03-30 20:00:00", "calendarYear": "2024", "period": "Q1", "revenue": 5290000000, "costOfRevenue": 2593400000, "grossProfit": 2696600000, "grossProfitRatio": 0.5097542533, "researchAndDevelopmentExpenses": 1031900000, "generalAndAdministrativeExpenses": 0, "sellingAndMarketingExpenses": 0, "sellingGeneralAndAdministrativeExpenses": 273300000, "otherExpenses": 0, "operatingExpenses": 1305200000, "costAndExpenses": 3898600000, "interestIncome": 26200000, "interestExpense": 0, "depreciationAndAmortization": 214400000, "ebitda": 1605800000, "ebitdaratio": 0.3035538752, "operatingIncome": 1391400000, "operatingIncomeRatio": 0.2630245747, "totalOtherIncomeExpensesNet": 26200000, "incomeBeforeTax": 1417600000, "incomeBeforeTaxRatio": 0.2679773157, "incomeTaxExpense": 224000000, "netIncome": 1223800000, "netIncomeRatio": 0.231342155, "eps": 3.11, "epsdiluted": 3.11, "weightedAverageShsOut": 393400000, "weightedAverageShsOutDil": 393700000, "link": "", "finalLink": ""}, {"date": "2023-12-31", "symbol": "ASML", "reportedCurrency": "EUR", "cik": "0000000000", "fillingDate": "2023-12-31", "acceptedDate": "2023-12-30 19:00:00", "calendarYear": "2023", "period": "Q4", "revenue": 7237000000, "costOfRevenue": 3519700000, "grossProfit": 3717300000, "grossProfitRatio": 0.5136520658, "researchAndDevelopmentExpenses": 1041300000, "generalAndAdministrativeExpenses": 0, "sellingAndMarketingExpenses": 0, "sellingGeneralAndAdministrativeExpenses": 284100000, "otherExpenses": 0, "operatingExpenses": 1325400000, "costAndExpenses": 4845100000, "interestIncome": 0, "interestExpense": 0, "depreciationAndAmortization": 212100000, "ebitda": 2797900000, "ebitdaratio": 0.386610474, "operatingIncome": 2391900000, "operatingIncomeRatio": 0.3305098798, "totalOtherIncomeExpensesNet": 5200000, "incomeBeforeTax": 2397100000, "incomeBeforeTaxRatio": 0.3312284096, "incomeTaxExpense": 385600000, "netIncome": 2048100000, "netIncomeRatio": 0.2830040072, "eps": 5.21, "epsdiluted": 5.2, "weightedAverageShsOut": 393400000, "weightedAverageShsOutDil": 393800000, "link": "", "finalLink": ""}, {"date": "2023-09-30", "symbol": "ASML", "reportedCurrency": "EUR", "cik": "0000000000", "fillingDate": "2023-09-30", "acceptedDate": "2023-09-29 20:00:00", "calendarYear": "2023", "period": "Q3", "revenue": 6673000000, "costOfRevenue": 3211400000, "grossProfit": 3461600000, "grossProfitRatio": 0.5187471902, "researchAndDevelopmentExpenses": 991400000, "generalAndAdministrativeExpenses": 0, "sellingAndMarketingExpenses": 0, "sellingGeneralAndAdministrativeExpenses": 287800000, "otherExpenses": 0, "operatingExpenses": 1279200000, "costAndExpenses": 4490600000, "interestIncome": 0, "interestExpense": 0, "depreciationAndAmortization": 176200000, "ebitda": 2358600000, "ebitdaratio": 0.3534542185, "operatingIncome": 2182400000, "operatingIncomeRatio": 0.3270493032, "totalOtherIncomeExpensesNet": 7100000, "incomeBeforeTax": 2189500000, "incomeBeforeTaxRatio": 0.3281132924, "incomeTaxExpense": 343700000, "netIncome": 1893400000, "netIncomeRatio": 0.2837404466, "eps": 4.81, "epsdiluted": 4.81, "weightedAverageShsOut": 393400000, "weightedAverageShsOutDil": 393700000, "link": "", "finalLink": ""}, {"date": "2023-06-30", "symbol": "ASML", "reportedCurrency": "EUR", "cik": "0000000000", "fillingDate": "2023-06-30", "acceptedDate": "2023-06-29 20:00:00", "calendarYear": "2023", "period": "Q2", "revenue": 6902300000, "costOfRevenue": 3358300000, "grossProfit": 3544000000, "grossProfitRatio": 0.5134520377, "researchAndDevelopmentExpenses": 999900000, "generalAndAdministrativeExpenses": 0, "sellingAndMarketingExpenses": 0, "sellingGeneralAndAdministrativeExpenses": 281100000, "otherExpenses": 0, "operatingExpenses": 1281000000, "costAndExpenses": 4639300000, "interestIncome": 0, "interestExpense": 0, "depreciationAndAmortization": 181200000, "ebitda": 2444200000, "ebitdaratio": 0.3541138461, "operatingIncome": 2263000000, "operatingIncomeRatio": 0.3278617273, "totalOtherIncomeExpensesNet": 16700000, "incomeBeforeTax": 2279700000, "incomeBeforeTaxRatio": 0.3302812106, "incomeTaxExpense": 403900000, "netIncome": 1941700000, "netIncomeRatio": 0.2813120264, "eps": 4.93, "epsdiluted": 4.93, "weightedAverageShsOut": 393800000, "weightedAverageShsOutDil": 394000000, "link": "", "finalLink": ""}, {"date": "2023-04-02", "symbol": "ASML", "reportedCurrency": "EUR", "cik": "0000000000", "fillingDate": "2023-04-02", "acceptedDate": "2023-04-02 00:00:00", "calendarYear": "2023", "period": "Q1", "revenue": 6746200000, "costOfRevenue": 3333000000, "grossProfit": 3413200000, "grossProfitRatio": 0.505944087, "researchAndDevelopmentExpenses": 947900000, "generalAndAdministrativeExpenses": 0, "sellingAndMarketingExpenses": 0, "sellingGeneralAndAdministrativeExpenses": 260300000, "otherExpenses": 0, "operatingExpenses": 1208200000, "costAndExpenses": 4541200000, "interestIncome": 12200000, "interestExpense": 0, "depreciationAndAmortization": 170300000, "ebitda": 2375300000, "ebitdaratio": 0.3520945125, "operatingIncome": 2205000000, "operatingIncomeRatio": 0.3268506715, "totalOtherIncomeExpensesNet": 53400000, "incomeBeforeTax": 2258400000, "incomeBeforeTaxRatio": 0.3347662388, "incomeTaxExpense": 302600000, "netIncome": 1955800000, "netIncomeRatio": 0.2899113575, "eps": 4.95, "epsdiluted": 4.95, "weightedAverageShsOut": 395111111, "weightedAverageShsOutDil": 394800000, "link": "", "finalLink": ""}, {"date": "2022-12-31", "symbol": "ASML", "reportedCurrency": "EUR", "cik": "0000000000", "fillingDate": "2022-12-31", "acceptedDate": "2022-12-30 19:00:00", "calendarYear": "2022", "period": "Q4", "revenue": 6430200000, "costOfRevenue": 3119300000, "grossProfit": 3310900000, "grossProfitRatio": 0.5148984479, "researchAndDevelopmentExpenses": 906300000, "generalAndAdministrativeExpenses": 0, "sellingAndMarketingExpenses": 0, "sellingGeneralAndAdministrativeExpenses": 280400000, "otherExpenses": 0, "operatingExpenses": 1186700000, "costAndExpenses": 4306000000, "interestIncome": 0, "interestExpense": 19300000, "depreciationAndAmortization": 183200000, "ebitda": 2323600000, "ebitdaratio": 0.361357345, "operatingIncome": 2124200000, "operatingIncomeRatio": 0.3303474231, "totalOtherIncomeExpensesNet": -3100000, "incomeBeforeTax": 2121100000, "incomeBeforeTaxRatio": 0.329865323, "incomeTaxExpense": 357300000, "netIncome": 1816500000, "netIncomeRatio": 0.2824951012, "eps": 4.6, "epsdiluted": 4.6, "weightedAverageShsOut": 394900000, "weightedAverageShsOutDil": 395200000, "link": "", "finalLink": ""}, {"date": "2022-10-02", "symbol": "ASML", "reportedCurrency": "EUR", "cik": "0000000000", "fillingDate": "2022-10-02", "acceptedDate": "2022-10-01 20:00:00", "calendarYear": "2022", "period": "Q3", "revenue": 5778300000, "costOfRevenue": 2784600000, "grossProfit": 2993700000, "grossProfitRatio": 0.5180935569, "researchAndDevelopmentExpenses": 819400000, "generalAndAdministrativeExpenses": 0, "sellingAndMarketingExpenses": 0, "sellingGeneralAndAdministrativeExpenses": 235800000, "otherExpenses": 0, "operatingExpenses": 1055200000, "costAndExpenses": 3839800000, "interestIncome": 0, "interestExpense": 15100000, "depreciationAndAmortization": 137900000, "ebitda": 2076400000, "ebitdaratio": 0.3593444439, "operatingIncome": 1938500000, "operatingIncomeRatio": 0.3354792932, "totalOtherIncomeExpensesNet": -15100000, "incomeBeforeTax": 1923400000, "incomeBeforeTaxRatio": 0.3328660679, "incomeTaxExpense": 252000000, "netIncome": 1701500000, "netIncomeRatio": 0.2944637696, "eps": 4.29, "epsdiluted": 4.29, "weightedAverageShsOut": 396620046, "weightedAverageShsOutDil": 396600000, "link": "", "finalLink": ""}, {"date": "2022-06-30", "symbol": "ASML", "reportedCurrency": "EUR", "cik": "0000000000", "fillingDate": "2022-07-03", "acceptedDate": "2022-07-02 20:00:00", "calendarYear": "2022", "period": "Q2", "revenue": 5430500000, "costOfRevenue": 2766000000, "grossProfit": 2664500000, "grossProfitRatio": 0.4906546359, "researchAndDevelopmentExpenses": 789100000, "generalAndAdministrativeExpenses": 0, "sellingAndMarketingExpenses": 0, "sellingGeneralAndAdministrativeExpenses": 222000000, "otherExpenses": 0, "operatingExpenses": 1011100000, "costAndExpenses": 3777100000, "interestIncome": 0, "interestExpense": 10800000, "depreciationAndAmortization": 131500000, "ebitda": 1784900000, "ebitdaratio": 0.3286806003, "operatingIncome": 1653400000, "operatingIncomeRatio": 0.3044655188, "totalOtherIncomeExpensesNet": -10800000, "incomeBeforeTax": 1642600000, "incomeBeforeTaxRatio": 0.3024767517, "incomeTaxExpense": 246200000, "netIncome": 1410900000, "netIncomeRatio": 0.2598103305, "eps": 3.54, "epsdiluted": 3.54, "weightedAverageShsOut": 401560476, "weightedAverageShsOutDil": 401600000, "link": "", "finalLink": ""}, {"date": "2022-03-31", "symbol": "ASML", "reportedCurrency": "EUR", "cik": "0000000000", "fillingDate": "2022-03-31", "acceptedDate": "2022-03-30 20:00:00", "calendarYear": "2022", "period": "Q1", "revenue": 3534400000, "costOfRevenue": 1803400000, "grossProfit": 1731000000, "grossProfitRatio": 0.489757809, "researchAndDevelopmentExpenses": 738700000, "generalAndAdministrativeExpenses": 0, "sellingAndMarketingExpenses": 0, "sellingGeneralAndAdministrativeExpenses": 207700000, "otherExpenses": 0, "operatingExpenses": 946400000, "costAndExpenses": 2749800000, "interestIncome": 0, "interestExpense": 15600000, "depreciationAndAmortization": 131000000, "ebitda": 915600000, "ebitdaratio": 0.2590538705, "operatingIncome": 784600000, "operatingIncomeRatio": 0.221989588, "totalOtherIncomeExpensesNet": -15600000, "incomeBeforeTax": 769000000, "incomeBeforeTaxRatio": 0.2175758262, "incomeTaxExpense": 114400000, "netIncome": 695300000, "netIncomeRatio": 0.1967236306, "eps": 1.73, "epsdiluted": 1.73, "weightedAverageShsOut": 401100000, "weightedAverageShsOutDil": 401500000, "link": "", "finalLink": ""}, {"date": "2021-12-31", "symbol": "ASML", "reportedCurrency": "EUR", "cik": "0000000000", "fillingDate": "2021-12-31", "acceptedDate": "2021-12-30 19:00:00", "calendarYear": "2021", "period": "Q4", "revenue": 4985600000, "costOfRevenue": 2285000000, "grossProfit": 2700600000, "grossProfitRatio": 0.5416800385, "researchAndDevelopmentExpenses": 680600000, "generalAndAdministrativeExpenses": 0, "sellingAndMarketingExpenses": 0, "sellingGeneralAndAdministrativeExpenses": 202500000, "otherExpenses": -213700000, "operatingExpenses": 669400000, "costAndExpenses": 2954400000, "interestIncome": 0, "interestExpense": 12200000, "depreciationAndAmortization": 124200000, "ebitda": 1941700000, "ebitdaratio": 0.3894616496, "operatingIncome": 2031200000, "operatingIncomeRatio": 0.4074133504, "totalOtherIncomeExpensesNet": -12200000, "incomeBeforeTax": 2019000000, "incomeBeforeTaxRatio": 0.404966303, "incomeTaxExpense": 316000000, "netIncome": 1773400000, "netIncomeRatio": 0.3557044288, "eps": 4.39, "epsdiluted": 4.38, "weightedAverageShsOut": 404300000, "weightedAverageShsOutDil": 405000000, "link": "", "finalLink": ""}, {"date": "2021-09-30", "symbol": "ASML", "reportedCurrency": "EUR", "cik": "0000000000", "fillingDate": "2021-09-30", "acceptedDate": "2021-09-29 20:00:00", "calendarYear": "2021", "period": "Q3", "revenue": 5241300000, "costOfRevenue": 2529900000, "grossProfit": 2711400000, "grossProfitRatio": 0.5173144067, "researchAndDevelopmentExpenses": 609200000, "generalAndAdministrativeExpenses": 0, "sellingAndMarketingExpenses": 0, "sellingGeneralAndAdministrativeExpenses": 182900000, "otherExpenses": 0, "operatingExpenses": 792100000, "costAndExpenses": 3322000000, "interestIncome": 0, "interestExpense": 10500000, "depreciationAndAmortization": 116200000, "ebitda": 2035500000, "ebitdaratio": 0.3883578502, "operatingIncome": 1919300000, "operatingIncomeRatio": 0.3661877778, "totalOtherIncomeExpensesNet": -10500000, "incomeBeforeTax": 1908800000, "incomeBeforeTaxRatio": 0.3641844581, "incomeTaxExpense": 270900000, "netIncome": 1740200000, "netIncomeRatio": 0.332016866, "eps": 4.27, "epsdiluted": 4.26, "weightedAverageShsOut": 407900000, "weightedAverageShsOutDil": 408600000, "link": "", "finalLink": ""}, {"date": "2021-06-30", "symbol": "ASML", "reportedCurrency": "EUR", "cik": "0000000000", "fillingDate": "2021-06-30", "acceptedDate": "2021-06-29 20:00:00", "calendarYear": "2021", "period": "Q2", "revenue": 4020200000, "costOfRevenue": 1975600000, "grossProfit": 2044600000, "grossProfitRatio": 0.5085816626, "researchAndDevelopmentExpenses": 633800000, "generalAndAdministrativeExpenses": 0, "sellingAndMarketingExpenses": 0, "sellingGeneralAndAdministrativeExpenses": 171800000, "otherExpenses": 0, "operatingExpenses": 805600000, "costAndExpenses": 2781200000, "interestIncome": 0, "interestExpense": 9800000, "depreciationAndAmortization": 112700000, "ebitda": 1351700000, "ebitdaratio": 0.3362270534, "operatingIncome": 1239000000, "operatingIncomeRatio": 0.3081936222, "totalOtherIncomeExpensesNet": -9800000, "incomeBeforeTax": 1229200000, "incomeBeforeTaxRatio": 0.3057559325, "incomeTaxExpense": 204200000, "netIncome": 1038200000, "netIncomeRatio": 0.2582458584, "eps": 2.52, "epsdiluted": 2.52, "weightedAverageShsOut": 411500000, "weightedAverageShsOutDil": 412000000, "link": "", "finalLink": ""}, {"date": "2021-03-31", "symbol": "ASML", "reportedCurrency": "EUR", "cik": "0000000000", "fillingDate": "2021-03-31", "acceptedDate": "2021-03-30 20:00:00", "calendarYear": "2021", "period": "Q1", "revenue": 4363900000, "costOfRevenue": 2011500000, "grossProfit": 2352400000, "grossProfitRatio": 0.5390590985, "researchAndDevelopmentExpenses": 623400000, "generalAndAdministrativeExpenses": 0, "sellingAndMarketingExpenses": 0, "sellingGeneralAndAdministrativeExpenses": 168400000, "otherExpenses": 0, "operatingExpenses": 791800000, "costAndExpenses": 2803300000, "interestIncome": 0, "interestExpense": 0, "depreciationAndAmortization": 117900000, "ebitda": 1678500000, "ebitdaratio": 0.3846330118, "operatingIncome": 1560600000, "operatingIncomeRatio": 0.357615894, "totalOtherIncomeExpensesNet": -12100000, "incomeBeforeTax": 1548500000, "incomeBeforeTaxRatio": 0.3548431449, "incomeTaxExpense": 230300000, "netIncome": 1331400000, "netIncomeRatio": 0.3050940672, "eps": 3.21, "epsdiluted": 3.2, "weightedAverageShsOut": 415300000, "weightedAverageShsOutDil": 415800000, "link": "", "finalLink": ""}, {"date": "2020-12-31", "symbol": "ASML", "reportedCurrency": "EUR", "cik": "0000000000", "fillingDate": "2020-12-31", "acceptedDate": "2020-12-30 19:00:00", "calendarYear": "2020", "period": "Q4", "revenue": 4254100000, "costOfRevenue": 2043000000, "grossProfit": 2211100000, "grossProfitRatio": 0.5197574105, "researchAndDevelopmentExpenses": 555900000, "generalAndAdministrativeExpenses": 0, "sellingAndMarketingExpenses": 0, "sellingGeneralAndAdministrativeExpenses": 151500000, "otherExpenses": 0, "operatingExpenses": 707400000, "costAndExpenses": 2750400000, "interestIncome": 0, "interestExpense": 0, "depreciationAndAmortization": 125400000, "ebitda": 1629100000, "ebitdaratio": 0.3829482147, "operatingIncome": 1503700000, "operatingIncomeRatio": 0.3534707694, "totalOtherIncomeExpensesNet": -8000000, "incomeBeforeTax": 1495700000, "incomeBeforeTaxRatio": 0.3515902306, "incomeTaxExpense": 170200000, "netIncome": 1350500000, "netIncomeRatio": 0.3174584518, "eps": 3.23, "epsdiluted": 3.23, "weightedAverageShsOut": 417500000, "weightedAverageShsOutDil": 418400000, "link": "", "finalLink": ""}, {"date": "2020-09-30", "symbol": "ASML", "reportedCurrency": "EUR", "cik": "0000000000", "fillingDate": "2020-09-30", "acceptedDate": "2020-09-29 20:00:00", "calendarYear": "2020", "period": "Q3", "revenue": 3958000000, "costOfRevenue": 2076600000, "grossProfit": 1881400000, "grossProfitRatio": 0.4753410814, "researchAndDevelopmentExpenses": 534000000, "generalAndAdministrativeExpenses": 0, "sellingAndMarketingExpenses": 0, "sellingGeneralAndAdministrativeExpenses": 131500000, "otherExpenses": 0, "operatingExpenses": 665500000, "costAndExpenses": 2742100000, "interestIncome": 0, "interestExpense": 0, "depreciationAndAmortization": 122000000, "ebitda": 1337900000, "ebitdaratio": 0.3380242547, "operatingIncome": 1215900000, "operatingIncomeRatio": 0.3072006064, "totalOtherIncomeExpensesNet": -8400000, "incomeBeforeTax": 1207500000, "incomeBeforeTaxRatio": 0.3050783224, "incomeTaxExpense": 166500000, "netIncome": 1061500000, "netIncomeRatio": 0.2681910056, "eps": 2.54, "epsdiluted": 2.53, "weightedAverageShsOut": 418400000, "weightedAverageShsOutDil": 419200000, "link": "", "finalLink": ""}, {"date": "2020-06-30", "symbol": "ASML", "reportedCurrency": "EUR", "cik": "0000000000", "fillingDate": "2020-06-30", "acceptedDate": "2020-06-29 20:00:00", "calendarYear": "2020", "period": "Q2", "revenue": 3325700000, "costOfRevenue": 1722500000, "grossProfit": 1603200000, "grossProfitRatio": 0.4820639264, "researchAndDevelopmentExpenses": 566900000, "generalAndAdministrativeExpenses": 0, "sellingAndMarketingExpenses": 0, "sellingGeneralAndAdministrativeExpenses": 131200000, "otherExpenses": 0, "operatingExpenses": 698100000, "costAndExpenses": 2420600000, "interestIncome": 0, "interestExpense": 0, "depreciationAndAmortization": 125100000, "ebitda": 1030200000, "ebitdaratio": 0.3097693719, "operatingIncome": 905100000, "operatingIncomeRatio": 0.2721532309, "totalOtherIncomeExpensesNet": -7100000, "incomeBeforeTax": 898000000, "incomeBeforeTaxRatio": 0.270018342, "incomeTaxExpense": 166400000, "netIncome": 751000000, "netIncomeRatio": 0.2258171212, "eps": 1.79, "epsdiluted": 1.79, "weightedAverageShsOut": 418400000, "weightedAverageShsOutDil": 419000000, "link": "", "finalLink": ""}, {"date": "2020-03-31", "symbol": "ASML", "reportedCurrency": "EUR", "cik": "0000000000", "fillingDate": "2020-03-31", "acceptedDate": "2020-03-30 20:00:00", "calendarYear": "2020", "period": "Q1", "revenue": 2440600000, "costOfRevenue": 1339200000, "grossProfit": 1101400000, "grossProfitRatio": 0.4512824715, "researchAndDevelopmentExpenses": 544000000, "generalAndAdministrativeExpenses": 0, "sellingAndMarketingExpenses": 0, "sellingGeneralAndAdministrativeExpenses": 130700000, "otherExpenses": 0, "operatingExpenses": 674700000, "costAndExpenses": 2013900000, "interestIncome": 0, "interestExpense": 11400000, "depreciationAndAmortization": 117900000, "ebitda": 544600000, "ebitdaratio": 0.2231418504, "operatingIncome": 426700000, "operatingIncomeRatio": 0.1748340572, "totalOtherIncomeExpensesNet": -11400000, "incomeBeforeTax": 415300000, "incomeBeforeTaxRatio": 0.1701630747, "incomeTaxExpense": 48500000, "netIncome": 390600000, "netIncomeRatio": 0.1600426125, "eps": 0.93, "epsdiluted": 0.93, "weightedAverageShsOut": 419000000, "weightedAverageShsOutDil": 419700000, "link": "", "finalLink": ""}, {"date": "2019-12-31", "symbol": "ASML", "reportedCurrency": "EUR", "cik": "0000000000", "fillingDate": "2019-12-31", "acceptedDate": "2019-12-30 19:00:00", "calendarYear": "2019", "period": "Q4", "revenue": 4036400000, "costOfRevenue": 2096300000, "grossProfit": 1940100000, "grossProfitRatio": 0.4806510752, "researchAndDevelopmentExpenses": 516100000, "generalAndAdministrativeExpenses": 0, "sellingAndMarketingExpenses": 0, "sellingGeneralAndAdministrativeExpenses": 147600000, "otherExpenses": -100000, "operatingExpenses": 663600000, "costAndExpenses": 2759900000, "interestIncome": 0, "interestExpense": 0, "depreciationAndAmortization": 122900000, "ebitda": 1399300000, "ebitdaratio": 0.3466703003, "operatingIncome": 1276500000, "operatingIncomeRatio": 0.3162471509, "totalOtherIncomeExpensesNet": -4800000, "incomeBeforeTax": 1271700000, "incomeBeforeTaxRatio": 0.3150579725, "incomeTaxExpense": 124500000, "netIncome": 1134100000, "netIncomeRatio": 0.2809681895, "eps": 2.7, "epsdiluted": 2.69, "weightedAverageShsOut": 420100000, "weightedAverageShsOutDil": 421100000, "link": "", "finalLink": ""}, {"date": "2019-09-30", "symbol": "ASML", "reportedCurrency": "EUR", "cik": "0000000000", "fillingDate": "2019-09-30", "acceptedDate": "2019-09-29 20:00:00", "calendarYear": "2019", "period": "Q3", "revenue": 2986500000, "costOfRevenue": 1680100000, "grossProfit": 1306400000, "grossProfitRatio": 0.4374351247, "researchAndDevelopmentExpenses": 492300000, "generalAndAdministrativeExpenses": 0, "sellingAndMarketingExpenses": 0, "sellingGeneralAndAdministrativeExpenses": 128500000, "otherExpenses": 0, "operatingExpenses": 620800000, "costAndExpenses": 2300900000, "interestIncome": 0, "interestExpense": 0, "depreciationAndAmortization": 112400000, "ebitda": 798000000, "ebitdaratio": 0.2672024108, "operatingIncome": 685600000, "operatingIncomeRatio": 0.2295663821, "totalOtherIncomeExpensesNet": -5400000, "incomeBeforeTax": 680200000, "incomeBeforeTaxRatio": 0.2277582454, "incomeTaxExpense": 65000000, "netIncome": 626800000, "netIncomeRatio": 0.2098777834, "eps": 1.49, "epsdiluted": 1.49, "weightedAverageShsOut": 420900000, "weightedAverageShsOutDil": 421700000, "link": "", "finalLink": ""}, {"date": "2019-06-30", "symbol": "ASML", "reportedCurrency": "EUR", "cik": "0000000000", "fillingDate": "2019-06-30", "acceptedDate": "2019-06-29 20:00:00", "calendarYear": "2019", "period": "Q2", "revenue": 2567900000, "costOfRevenue": 1462700000, "grossProfit": 1105200000, "grossProfitRatio": 0.4303905915, "researchAndDevelopmentExpenses": 487400000, "generalAndAdministrativeExpenses": 0, "sellingAndMarketingExpenses": 0, "sellingGeneralAndAdministrativeExpenses": 123500000, "otherExpenses": 0, "operatingExpenses": 610900000, "costAndExpenses": 2073600000, "interestIncome": 0, "interestExpense": 0, "depreciationAndAmortization": 108400000, "ebitda": 602700000, "ebitdaratio": 0.2347054013, "operatingIncome": 494300000, "operatingIncomeRatio": 0.1924919195, "totalOtherIncomeExpensesNet": -6900000, "incomeBeforeTax": 487400000, "incomeBeforeTaxRatio": 0.1898048989, "incomeTaxExpense": 19100000, "netIncome": 476000000, "netIncomeRatio": 0.1853654737, "eps": 1.13, "epsdiluted": 1.13, "weightedAverageShsOut": 421100000, "weightedAverageShsOutDil": 421800000, "link": "", "finalLink": ""}, {"date": "2019-03-31", "symbol": "ASML", "reportedCurrency": "EUR", "cik": "0000000000", "fillingDate": "2019-03-31", "acceptedDate": "2019-03-30 20:00:00", "calendarYear": "2019", "period": "Q1", "revenue": 2229100000, "costOfRevenue": 1301100000, "grossProfit": 928000000, "grossProfitRatio": 0.4163115159, "researchAndDevelopmentExpenses": 472700000, "generalAndAdministrativeExpenses": 0, "sellingAndMarketingExpenses": 0, "sellingGeneralAndAdministrativeExpenses": 121000000, "otherExpenses": 0, "operatingExpenses": 593700000, "costAndExpenses": 1894800000, "interestIncome": 0, "interestExpense": 7900000, "depreciationAndAmortization": 104800000, "ebitda": 439100000, "ebitdaratio": 0.1969853304, "operatingIncome": 334300000, "operatingIncomeRatio": 0.1499708402, "totalOtherIncomeExpensesNet": -7900000, "incomeBeforeTax": 326400000, "incomeBeforeTaxRatio": 0.146426809, "incomeTaxExpense": -17000000, "netIncome": 355400000, "netIncomeRatio": 0.1594365439, "eps": 0.84, "epsdiluted": 0.84, "weightedAverageShsOut": 421100000, "weightedAverageShsOutDil": 422500000, "link": "", "finalLink": ""}, {"date": "2018-12-31", "symbol": "ASML", "reportedCurrency": "EUR", "cik": "0000000000", "fillingDate": "2018-12-31", "acceptedDate": "2018-12-30 19:00:00", "calendarYear": "2018", "period": "Q4", "revenue": 3142500000, "costOfRevenue": 1749600000, "grossProfit": 1392900000, "grossProfitRatio": 0.4432458234, "researchAndDevelopmentExpenses": 442400000, "generalAndAdministrativeExpenses": 0, "sellingAndMarketingExpenses": 0, "sellingGeneralAndAdministrativeExpenses": 134600000, "otherExpenses": 0, "operatingExpenses": 577000000, "costAndExpenses": 2326600000, "interestIncome": 0, "interestExpense": 0, "depreciationAndAmortization": 110400000, "ebitda": 926300000, "ebitdaratio": 0.2947653142, "operatingIncome": 815900000, "operatingIncomeRatio": 0.2596340493, "totalOtherIncomeExpensesNet": -7500000, "incomeBeforeTax": 808400000, "incomeBeforeTaxRatio": 0.2572474145, "incomeTaxExpense": 40100000, "netIncome": 787500000, "netIncomeRatio": 0.2505966587, "eps": 1.87, "epsdiluted": 1.86, "weightedAverageShsOut": 422200000, "weightedAverageShsOutDil": 423600000, "link": "", "finalLink": ""}, {"date": "2018-09-30", "symbol": "ASML", "reportedCurrency": "EUR", "cik": "0000000000", "fillingDate": "2018-09-30", "acceptedDate": "2018-09-29 20:00:00", "calendarYear": "2018", "period": "Q3", "revenue": 2776100000, "costOfRevenue": 1440200000, "grossProfit": 1335900000, "grossProfitRatio": 0.4812146537, "researchAndDevelopmentExpenses": 396300000, "generalAndAdministrativeExpenses": 0, "sellingAndMarketingExpenses": 0, "sellingGeneralAndAdministrativeExpenses": 121800000, "otherExpenses": 0, "operatingExpenses": 518100000, "costAndExpenses": 1958300000, "interestIncome": 0, "interestExpense": 0, "depreciationAndAmortization": 110000000, "ebitda": 927800000, "ebitdaratio": 0.3342098628, "operatingIncome": 817800000, "operatingIncomeRatio": 0.2945859299, "totalOtherIncomeExpensesNet": -8100000, "incomeBeforeTax": 809700000, "incomeBeforeTaxRatio": 0.2916681676, "incomeTaxExpense": 129600000, "netIncome": 680400000, "netIncomeRatio": 0.2450920356, "eps": 1.6, "epsdiluted": 1.6, "weightedAverageShsOut": 424300000, "weightedAverageShsOutDil": 425900000, "link": "", "finalLink": ""}, {"date": "2018-06-30", "symbol": "ASML", "reportedCurrency": "EUR", "cik": "0000000000", "fillingDate": "2018-06-30", "acceptedDate": "2018-06-29 20:00:00", "calendarYear": "2018", "period": "Q2", "revenue": 2740400000, "costOfRevenue": 1553500000, "grossProfit": 1186900000, "grossProfitRatio": 0.4331119545, "researchAndDevelopmentExpenses": 380100000, "generalAndAdministrativeExpenses": 0, "sellingAndMarketingExpenses": 0, "sellingGeneralAndAdministrativeExpenses": 117400000, "otherExpenses": 0, "operatingExpenses": 497500000, "costAndExpenses": 2051000000, "interestIncome": 0, "interestExpense": 0, "depreciationAndAmortization": 99700000, "ebitda": 789100000, "ebitdaratio": 0.2879506641, "operatingIncome": 689400000, "operatingIncomeRatio": 0.251569114, "totalOtherIncomeExpensesNet": -2200000, "incomeBeforeTax": 687200000, "incomeBeforeTaxRatio": 0.2507663115, "incomeTaxExpense": 107500000, "netIncome": 584000000, "netIncomeRatio": 0.2131075755, "eps": 1.37, "epsdiluted": 1.37, "weightedAverageShsOut": 426000000, "weightedAverageShsOutDil": 427600000, "link": "", "finalLink": ""}, {"date": "2018-03-31", "symbol": "ASML", "reportedCurrency": "EUR", "cik": "0000000000", "fillingDate": "2018-03-31", "acceptedDate": "2018-03-30 20:00:00", "calendarYear": "2018", "period": "Q1", "revenue": 2285000000, "costOfRevenue": 1171500000, "grossProfit": 1113500000, "grossProfitRatio": 0.4873085339, "researchAndDevelopmentExpenses": 357100000, "generalAndAdministrativeExpenses": 0, "sellingAndMarketingExpenses": 0, "sellingGeneralAndAdministrativeExpenses": 114200000, "otherExpenses": 0, "operatingExpenses": 471300000, "costAndExpenses": 1642800000, "interestIncome": 0, "interestExpense": 0, "depreciationAndAmortization": 102600000, "ebitda": 744800000, "ebitdaratio": 0.32595186, "operatingIncome": 642200000, "operatingIncomeRatio": 0.2810503282, "totalOtherIncomeExpensesNet": -10500000, "incomeBeforeTax": 631700000, "incomeBeforeTaxRatio": 0.2764551422, "incomeTaxExpense": 74400000, "netIncome": 539700000, "netIncomeRatio": 0.2361925602, "eps": 1.26, "epsdiluted": 1.26, "weightedAverageShsOut": 427200000, "weightedAverageShsOutDil": 428900000, "link": "", "finalLink": ""}, {"date": "2017-12-31", "symbol": "ASML", "reportedCurrency": "EUR", "cik": "0000000000", "fillingDate": "2017-12-31", "acceptedDate": "2017-12-30 19:00:00", "calendarYear": "2017", "period": "Q4", "revenue": 2560400000, "costOfRevenue": 1404300000, "grossProfit": 1156100000, "grossProfitRatio": 0.4515310108, "researchAndDevelopmentExpenses": 317400000, "generalAndAdministrativeExpenses": 0, "sellingAndMarketingExpenses": 0, "sellingGeneralAndAdministrativeExpenses": 112700000, "otherExpenses": -24000000, "operatingExpenses": 406100000, "costAndExpenses": 1810400000, "interestIncome": 0, "interestExpense": 0, "depreciationAndAmortization": 102300000, "ebitda": 828300000, "ebitdaratio": 0.32350414, "operatingIncome": 750000000, "operatingIncomeRatio": 0.2929229808, "totalOtherIncomeExpensesNet": -12900000, "incomeBeforeTax": 737100000, "incomeBeforeTaxRatio": 0.2878847055, "incomeTaxExpense": 77400000, "netIncome": 643000000, "netIncomeRatio": 0.2511326355, "eps": 1.5, "epsdiluted": 1.49, "weightedAverageShsOut": 428400000, "weightedAverageShsOutDil": 430300000, "link": "", "finalLink": ""}, {"date": "2017-09-30", "symbol": "ASML", "reportedCurrency": "EUR", "cik": "0000000000", "fillingDate": "2017-09-30", "acceptedDate": "2017-09-29 20:00:00", "calendarYear": "2017", "period": "Q3", "revenue": 2447400000, "costOfRevenue": 1397900000, "grossProfit": 1049500000, "grossProfitRatio": 0.4288224238, "researchAndDevelopmentExpenses": 314500000, "generalAndAdministrativeExpenses": 0, "sellingAndMarketingExpenses": 0, "sellingGeneralAndAdministrativeExpenses": 103300000, "otherExpenses": -23900000, "operatingExpenses": 393900000, "costAndExpenses": 1791800000, "interestIncome": 0, "interestExpense": 0, "depreciationAndAmortization": 101200000, "ebitda": 732900000, "ebitdaratio": 0.2994606521, "operatingIncome": 655600000, "operatingIncomeRatio": 0.2678761134, "totalOtherIncomeExpensesNet": -12500000, "incomeBeforeTax": 643100000, "incomeBeforeTaxRatio": 0.2627686524, "incomeTaxExpense": 86000000, "netIncome": 557100000, "netIncomeRatio": 0.2276293209, "eps": 1.3, "epsdiluted": 1.29, "weightedAverageShsOut": 430100000, "weightedAverageShsOutDil": 432000000, "link": "", "finalLink": ""}, {"date": "2017-06-30", "symbol": "ASML", "reportedCurrency": "EUR", "cik": "0000000000", "fillingDate": "2017-06-30", "acceptedDate": "2017-06-29 20:00:00", "calendarYear": "2017", "period": "Q2", "revenue": 2101400000, "costOfRevenue": 1154900000, "grossProfit": 946500000, "grossProfitRatio": 0.4504140097, "researchAndDevelopmentExpenses": 312700000, "generalAndAdministrativeExpenses": 0, "sellingAndMarketingExpenses": 0, "sellingGeneralAndAdministrativeExpenses": 102000000, "otherExpenses": -24000000, "operatingExpenses": 390700000, "costAndExpenses": 1545600000, "interestIncome": 0, "interestExpense": 0, "depreciationAndAmortization": 103900000, "ebitda": 635700000, "ebitdaratio": 0.3025126106, "operatingIncome": 555800000, "operatingIncomeRatio": 0.2644903398, "totalOtherIncomeExpensesNet": -10800000, "incomeBeforeTax": 545000000, "incomeBeforeTaxRatio": 0.2593509089, "incomeTaxExpense": 78700000, "netIncome": 466300000, "netIncomeRatio": 0.2218996859, "eps": 1.08, "epsdiluted": 1.08, "weightedAverageShsOut": 430400000, "weightedAverageShsOutDil": 432400000, "link": "", "finalLink": ""}, {"date": "2017-03-31", "symbol": "ASML", "reportedCurrency": "EUR", "cik": "0000000000", "fillingDate": "2017-03-31", "acceptedDate": "2017-03-30 20:00:00", "calendarYear": "2017", "period": "Q1", "revenue": 1943600000, "costOfRevenue": 1019000000, "grossProfit": 924600000, "grossProfitRatio": 0.4757151677, "researchAndDevelopmentExpenses": 315100000, "generalAndAdministrativeExpenses": 0, "sellingAndMarketingExpenses": 0, "sellingGeneralAndAdministrativeExpenses": 98600000, "otherExpenses": -23900000, "operatingExpenses": 389800000, "costAndExpenses": 1408800000, "interestIncome": 0, "interestExpense": 0, "depreciationAndAmortization": 110100000, "ebitda": 621000000, "ebitdaratio": 0.3195101873, "operatingIncome": 534800000, "operatingIncomeRatio": 0.2751594978, "totalOtherIncomeExpensesNet": -14100000, "incomeBeforeTax": 520700000, "incomeBeforeTaxRatio": 0.2679049187, "incomeTaxExpense": 68600000, "netIncome": 452100000, "netIncomeRatio": 0.2326095905, "eps": 1.05, "epsdiluted": 1.05, "weightedAverageShsOut": 430100000, "weightedAverageShsOutDil": 432300000, "link": "", "finalLink": ""}, {"date": "2016-12-31", "symbol": "ASML", "reportedCurrency": "EUR", "cik": "0000000000", "fillingDate": "2016-12-31", "acceptedDate": "2016-12-30 19:00:00", "calendarYear": "2016", "period": "Q4", "revenue": 1907400000, "costOfRevenue": 1006800000, "grossProfit": 900600000, "grossProfitRatio": 0.4721610569, "researchAndDevelopmentExpenses": 287400000, "generalAndAdministrativeExpenses": 0, "sellingAndMarketingExpenses": 0, "sellingGeneralAndAdministrativeExpenses": 106800000, "otherExpenses": -23500000, "operatingExpenses": 370700000, "costAndExpenses": 1377500000, "interestIncome": 0, "interestExpense": 0, "depreciationAndAmortization": 103100000, "ebitda": 609500000, "ebitdaratio": 0.3195449303, "operatingIncome": 529900000, "operatingIncomeRatio": 0.2778127294, "totalOtherIncomeExpensesNet": 74800000, "incomeBeforeTax": 604700000, "incomeBeforeTaxRatio": 0.3170284156, "incomeTaxExpense": 80500000, "netIncome": 524200000, "netIncomeRatio": 0.2748243682, "eps": 1.23, "epsdiluted": 1.22, "weightedAverageShsOut": 427100000, "weightedAverageShsOutDil": 429200000, "link": "", "finalLink": ""}, {"date": "2016-09-30", "symbol": "ASML", "reportedCurrency": "EUR", "cik": "0000000000", "fillingDate": "2016-09-30", "acceptedDate": "2016-09-29 20:00:00", "calendarYear": "2016", "period": "Q3", "revenue": 1814600000, "costOfRevenue": 980200000, "grossProfit": 834400000, "grossProfitRatio": 0.4598258569, "researchAndDevelopmentExpenses": 273400000, "generalAndAdministrativeExpenses": 0, "sellingAndMarketingExpenses": 0, "sellingGeneralAndAdministrativeExpenses": 88800000, "otherExpenses": -23400000, "operatingExpenses": 338800000, "costAndExpenses": 1319000000, "interestIncome": 0, "interestExpense": 0, "depreciationAndAmortization": 87700000, "ebitda": 559900000, "ebitdaratio": 0.3085528491, "operatingIncome": 495600000, "operatingIncomeRatio": 0.2731180425, "totalOtherIncomeExpensesNet": -33900000, "incomeBeforeTax": 461700000, "incomeBeforeTaxRatio": 0.2544362394, "incomeTaxExpense": 65800000, "netIncome": 395900000, "netIncomeRatio": 0.2181748044, "eps": 0.93, "epsdiluted": 0.93, "weightedAverageShsOut": 423800000, "weightedAverageShsOutDil": 425800000, "link": "", "finalLink": ""}, {"date": "2016-06-30", "symbol": "ASML", "reportedCurrency": "EUR", "cik": "0000000000", "fillingDate": "2016-06-30", "acceptedDate": "2016-06-29 20:00:00", "calendarYear": "2016", "period": "Q2", "revenue": 1739600000, "costOfRevenue": 998200000, "grossProfit": 741400000, "grossProfitRatio": 0.4261899287, "researchAndDevelopmentExpenses": 270300000, "generalAndAdministrativeExpenses": 0, "sellingAndMarketingExpenses": 0, "sellingGeneralAndAdministrativeExpenses": 90400000, "otherExpenses": -23500000, "operatingExpenses": 337200000, "costAndExpenses": 1335400000, "interestIncome": 0, "interestExpense": 0, "depreciationAndAmortization": 84100000, "ebitda": 464800000, "ebitdaratio": 0.2671878593, "operatingIncome": 404200000, "operatingIncomeRatio": 0.2323522649, "totalOtherIncomeExpensesNet": -3600000, "incomeBeforeTax": 400600000, "incomeBeforeTaxRatio": 0.2302828236, "incomeTaxExpense": 46800000, "netIncome": 353800000, "netIncomeRatio": 0.2033800874, "eps": 0.83, "epsdiluted": 0.83, "weightedAverageShsOut": 424500000, "weightedAverageShsOutDil": 426500000, "link": "", "finalLink": ""}, {"date": "2016-03-31", "symbol": "ASML", "reportedCurrency": "EUR", "cik": "0000000000", "fillingDate": "2016-03-31", "acceptedDate": "2016-03-30 20:00:00", "calendarYear": "2016", "period": "Q1", "revenue": 1333200000, "costOfRevenue": 765100000, "grossProfit": 568100000, "grossProfitRatio": 0.4261176118, "researchAndDevelopmentExpenses": 274700000, "generalAndAdministrativeExpenses": 0, "sellingAndMarketingExpenses": 0, "sellingGeneralAndAdministrativeExpenses": 88800000, "otherExpenses": -23400000, "operatingExpenses": 340100000, "costAndExpenses": 1105200000, "interestIncome": 0, "interestExpense": 0, "depreciationAndAmortization": 82000000, "ebitda": 286600000, "ebitdaratio": 0.2149714971, "operatingIncome": 228000000, "operatingIncomeRatio": 0.1710171017, "totalOtherIncomeExpensesNet": -3600000, "incomeBeforeTax": 224400000, "incomeBeforeTaxRatio": 0.1683168317, "incomeTaxExpense": 26400000, "netIncome": 198000000, "netIncomeRatio": 0.1485148515, "eps": 0.46, "epsdiluted": 0.46, "weightedAverageShsOut": 427000000, "weightedAverageShsOutDil": 429100000, "link": "", "finalLink": ""}, {"date": "2015-12-31", "symbol": "ASML", "reportedCurrency": "EUR", "cik": "0000000000", "fillingDate": "2015-12-31", "acceptedDate": "2015-12-30 19:00:00", "calendarYear": "2015", "period": "Q4", "revenue": 1434175000, "costOfRevenue": 774331000, "grossProfit": 659844000, "grossProfitRatio": 0.4600861122, "researchAndDevelopmentExpenses": 272977000, "generalAndAdministrativeExpenses": 0, "sellingAndMarketingExpenses": 0, "sellingGeneralAndAdministrativeExpenses": 89532000, "otherExpenses": -20800000, "operatingExpenses": 341709000, "costAndExpenses": 1116040000, "interestIncome": 0, "interestExpense": 0, "depreciationAndAmortization": 80484000, "ebitda": 377819000, "ebitdaratio": 0.2634399568, "operatingIncome": 318135000, "operatingIncomeRatio": 0.2218243938, "totalOtherIncomeExpensesNet": -4615000, "incomeBeforeTax": 313520000, "incomeBeforeTaxRatio": 0.2186065159, "incomeTaxExpense": 21146000, "netIncome": 292374000, "netIncomeRatio": 0.2038621507, "eps": 0.68, "epsdiluted": 0.68, "weightedAverageShsOut": 428800000, "weightedAverageShsOutDil": 430800000, "link": "", "finalLink": ""}, {"date": "2015-09-30", "symbol": "ASML", "reportedCurrency": "EUR", "cik": "0000000000", "fillingDate": "2015-09-30", "acceptedDate": "2015-09-29 20:00:00", "calendarYear": "2015", "period": "Q3", "revenue": 1549200000, "costOfRevenue": 845700000, "grossProfit": 703500000, "grossProfitRatio": 0.4541053447, "researchAndDevelopmentExpenses": 266300000, "generalAndAdministrativeExpenses": 0, "sellingAndMarketingExpenses": 0, "sellingGeneralAndAdministrativeExpenses": 85600000, "otherExpenses": -20800000, "operatingExpenses": 331100000, "costAndExpenses": 1176800000, "interestIncome": 0, "interestExpense": 0, "depreciationAndAmortization": 77500000, "ebitda": 429100000, "ebitdaratio": 0.276981668, "operatingIncome": 372400000, "operatingIncomeRatio": 0.2403821327, "totalOtherIncomeExpensesNet": -4200000, "incomeBeforeTax": 368200000, "incomeBeforeTaxRatio": 0.237671056, "incomeTaxExpense": 45800000, "netIncome": 322400000, "netIncomeRatio": 0.2081074103, "eps": 0.75, "epsdiluted": 0.75, "weightedAverageShsOut": 429900000, "weightedAverageShsOutDil": 432300000, "link": "", "finalLink": ""}, {"date": "2015-06-30", "symbol": "ASML", "reportedCurrency": "EUR", "cik": "0000000000", "fillingDate": "2015-06-30", "acceptedDate": "2015-06-29 20:00:00", "calendarYear": "2015", "period": "Q2", "revenue": 1654100000, "costOfRevenue": 900300000, "grossProfit": 753800000, "grossProfitRatio": 0.4557160994, "researchAndDevelopmentExpenses": 267400000, "generalAndAdministrativeExpenses": 0, "sellingAndMarketingExpenses": 0, "sellingGeneralAndAdministrativeExpenses": 88300000, "otherExpenses": -20800000, "operatingExpenses": 334900000, "costAndExpenses": 1235200000, "interestIncome": 0, "interestExpense": 0, "depreciationAndAmortization": 72800000, "ebitda": 470900000, "ebitdaratio": 0.2846865365, "operatingIncome": 418900000, "operatingIncomeRatio": 0.2532495012, "totalOtherIncomeExpensesNet": -4200000, "incomeBeforeTax": 414700000, "incomeBeforeTaxRatio": 0.2507103561, "incomeTaxExpense": 45000000, "netIncome": 369700000, "netIncomeRatio": 0.2235052294, "eps": 0.86, "epsdiluted": 0.85, "weightedAverageShsOut": 431400000, "weightedAverageShsOutDil": 433800000, "link": "", "finalLink": ""}, {"date": "2015-03-31", "symbol": "ASML", "reportedCurrency": "EUR", "cik": "0000000000", "fillingDate": "2015-03-31", "acceptedDate": "2015-03-30 20:00:00", "calendarYear": "2015", "period": "Q1", "revenue": 1649900000, "costOfRevenue": 871300000, "grossProfit": 778600000, "grossProfitRatio": 0.4719073883, "researchAndDevelopmentExpenses": 261400000, "generalAndAdministrativeExpenses": 0, "sellingAndMarketingExpenses": 0, "sellingGeneralAndAdministrativeExpenses": 82300000, "otherExpenses": -20800000, "operatingExpenses": 322900000, "costAndExpenses": 1194200000, "interestIncome": 0, "interestExpense": 0, "depreciationAndAmortization": 66100000, "ebitda": 501000000, "ebitdaratio": 0.303654767, "operatingIncome": 455700000, "operatingIncomeRatio": 0.2761985575, "totalOtherIncomeExpensesNet": -3500000, "incomeBeforeTax": 452200000, "incomeBeforeTaxRatio": 0.2740772168, "incomeTaxExpense": 49500000, "netIncome": 402700000, "netIncomeRatio": 0.2440753985, "eps": 0.93, "epsdiluted": 0.93, "weightedAverageShsOut": 432600000, "weightedAverageShsOutDil": 435300000, "link": "", "finalLink": ""}, {"date": "2014-12-31", "symbol": "ASML", "reportedCurrency": "EUR", "cik": "0000000000", "fillingDate": "2014-12-31", "acceptedDate": "2014-12-30 19:00:00", "calendarYear": "2014", "period": "Q4", "revenue": 1493977000, "costOfRevenue": 837103000, "grossProfit": 656874000, "grossProfitRatio": 0.4396814677, "researchAndDevelopmentExpenses": 267935000, "generalAndAdministrativeExpenses": 0, "sellingAndMarketingExpenses": 0, "sellingGeneralAndAdministrativeExpenses": 79410000, "otherExpenses": -20206000, "operatingExpenses": 327139000, "costAndExpenses": 1164242000, "interestIncome": 0, "interestExpense": 0, "depreciationAndAmortization": 62544000, "ebitda": 372073000, "ebitdaratio": 0.2490486801, "operatingIncome": 329735000, "operatingIncomeRatio": 0.2207095558, "totalOtherIncomeExpensesNet": -2600000, "incomeBeforeTax": 327135000, "incomeBeforeTaxRatio": 0.2189692345, "incomeTaxExpense": 22295000, "netIncome": 304840000, "netIncomeRatio": 0.2040459793, "eps": 0.7, "epsdiluted": 0.7, "weightedAverageShsOut": 432600000, "weightedAverageShsOutDil": 435300000, "link": "", "finalLink": ""}, {"date": "2014-09-30", "symbol": "ASML", "reportedCurrency": "EUR", "cik": "0000000000", "fillingDate": "2014-09-30", "acceptedDate": "2014-09-29 20:00:00", "calendarYear": "2014", "period": "Q3", "revenue": 1322200000, "costOfRevenue": 744100000, "grossProfit": 578100000, "grossProfitRatio": 0.4372258357, "researchAndDevelopmentExpenses": 260100000, "generalAndAdministrativeExpenses": 0, "sellingAndMarketingExpenses": 0, "sellingGeneralAndAdministrativeExpenses": 76900000, "otherExpenses": -20300000, "operatingExpenses": 316700000, "costAndExpenses": 1060800000, "interestIncome": 0, "interestExpense": 0, "depreciationAndAmortization": 60400000, "ebitda": 301500000, "ebitdaratio": 0.2280290425, "operatingIncome": 261400000, "operatingIncomeRatio": 0.1977008017, "totalOtherIncomeExpensesNet": -2000000, "incomeBeforeTax": 259400000, "incomeBeforeTaxRatio": 0.1961881712, "incomeTaxExpense": 15400000, "netIncome": 244000000, "netIncomeRatio": 0.1845409167, "eps": 0.56, "epsdiluted": 0.56, "weightedAverageShsOut": 436100000, "weightedAverageShsOutDil": 439000000, "link": "", "finalLink": ""}, {"date": "2014-06-30", "symbol": "ASML", "reportedCurrency": "EUR", "cik": "0000000000", "fillingDate": "2014-06-30", "acceptedDate": "2014-06-29 20:00:00", "calendarYear": "2014", "period": "Q2", "revenue": 1643600000, "costOfRevenue": 891700000, "grossProfit": 751900000, "grossProfitRatio": 0.4574714042, "researchAndDevelopmentExpenses": 266900000, "generalAndAdministrativeExpenses": 0, "sellingAndMarketingExpenses": 0, "sellingGeneralAndAdministrativeExpenses": 79900000, "otherExpenses": -20300000, "operatingExpenses": 326500000, "costAndExpenses": 1218200000, "interestIncome": 0, "interestExpense": 0, "depreciationAndAmortization": 67000000, "ebitda": 472100000, "ebitdaratio": 0.2872353371, "operatingIncome": 425400000, "operatingIncomeRatio": 0.2588220978, "totalOtherIncomeExpensesNet": -1400000, "incomeBeforeTax": 424000000, "incomeBeforeTaxRatio": 0.2579703091, "incomeTaxExpense": 25300000, "netIncome": 398700000, "netIncomeRatio": 0.2425772694, "eps": 0.91, "epsdiluted": 0.9, "weightedAverageShsOut": 438500000, "weightedAverageShsOutDil": 441600000, "link": "", "finalLink": ""}, {"date": "2014-03-31", "symbol": "ASML", "reportedCurrency": "EUR", "cik": "0000000000", "fillingDate": "2014-03-31", "acceptedDate": "2014-03-30 20:00:00", "calendarYear": "2014", "period": "Q1", "revenue": 1396500000, "costOfRevenue": 787000000, "grossProfit": 609500000, "grossProfitRatio": 0.4364482635, "researchAndDevelopmentExpenses": 279100000, "generalAndAdministrativeExpenses": 0, "sellingAndMarketingExpenses": 0, "sellingGeneralAndAdministrativeExpenses": 84900000, "otherExpenses": -20200000, "operatingExpenses": 343800000, "costAndExpenses": 1130800000, "interestIncome": 0, "interestExpense": 0, "depreciationAndAmortization": 64700000, "ebitda": 310200000, "ebitdaratio": 0.2221267454, "operatingIncome": 265700000, "operatingIncomeRatio": 0.1902613677, "totalOtherIncomeExpensesNet": -2600000, "incomeBeforeTax": 263100000, "incomeBeforeTaxRatio": 0.1883995704, "incomeTaxExpense": 14000000, "netIncome": 249100000, "netIncomeRatio": 0.1783745077, "eps": 0.57, "epsdiluted": 0.56, "weightedAverageShsOut": 440000000, "weightedAverageShsOutDil": 443500000, "link": "", "finalLink": ""}, {"date": "2013-12-31", "symbol": "ASML", "reportedCurrency": "EUR", "cik": "0000000000", "fillingDate": "2013-12-31", "acceptedDate": "2013-12-30 19:00:00", "calendarYear": "2013", "period": "Q4", "revenue": 1848300000, "costOfRevenue": 1042600000, "grossProfit": 805700000, "grossProfitRatio": 0.4359140832, "researchAndDevelopmentExpenses": 253100000, "generalAndAdministrativeExpenses": 0, "sellingAndMarketingExpenses": 0, "sellingGeneralAndAdministrativeExpenses": 90000000, "otherExpenses": -17200000, "operatingExpenses": 325900000, "costAndExpenses": 1368500000, "interestIncome": 0, "interestExpense": 0, "depreciationAndAmortization": 67575000, "ebitda": 530175000, "ebitdaratio": 0.2868446681, "operatingIncome": 479800000, "operatingIncomeRatio": 0.2595898934, "totalOtherIncomeExpensesNet": -3500000, "incomeBeforeTax": 476300000, "incomeBeforeTaxRatio": 0.2576962614, "incomeTaxExpense": -4800000, "netIncome": 481100000, "netIncomeRatio": 0.2602932424, "eps": 1.09, "epsdiluted": 1.08, "weightedAverageShsOut": 442000000, "weightedAverageShsOutDil": 445700000, "link": "", "finalLink": ""}, {"date": "2013-09-30", "symbol": "ASML", "reportedCurrency": "EUR", "cik": "0000000000", "fillingDate": "2013-09-30", "acceptedDate": "2013-09-29 20:00:00", "calendarYear": "2013", "period": "Q3", "revenue": 1318200000, "costOfRevenue": 787400000, "grossProfit": 530800000, "grossProfitRatio": 0.402670308, "researchAndDevelopmentExpenses": 244100000, "generalAndAdministrativeExpenses": 0, "sellingAndMarketingExpenses": 0, "sellingGeneralAndAdministrativeExpenses": 91200000, "otherExpenses": -16700000, "operatingExpenses": 318600000, "costAndExpenses": 1106000000, "interestIncome": 0, "interestExpense": 0, "depreciationAndAmortization": 67900000, "ebitda": 263400000, "ebitdaratio": 0.1998179335, "operatingIncome": 212200000, "operatingIncomeRatio": 0.16097709, "totalOtherIncomeExpensesNet": -11600000, "incomeBeforeTax": 200600000, "incomeBeforeTaxRatio": 0.1521772113, "incomeTaxExpense": 7500000, "netIncome": 193100000, "netIncomeRatio": 0.1464876347, "eps": 0.44, "epsdiluted": 0.43, "weightedAverageShsOut": 443000000, "weightedAverageShsOutDil": 447100000, "link": "", "finalLink": ""}, {"date": "2013-06-30", "symbol": "ASML", "reportedCurrency": "EUR", "cik": "0000000000", "fillingDate": "2013-06-30", "acceptedDate": "2013-06-29 20:00:00", "calendarYear": "2013", "period": "Q2", "revenue": 1186700000, "costOfRevenue": 686700000, "grossProfit": 500000000, "grossProfitRatio": 0.4213364793, "researchAndDevelopmentExpenses": 200000000, "generalAndAdministrativeExpenses": 0, "sellingAndMarketingExpenses": 0, "sellingGeneralAndAdministrativeExpenses": 67900000, "otherExpenses": -16300000, "operatingExpenses": 251600000, "costAndExpenses": 938300000, "interestIncome": 0, "interestExpense": 0, "depreciationAndAmortization": 48800000, "ebitda": 280900000, "ebitdaratio": 0.2367068341, "operatingIncome": 248400000, "operatingIncomeRatio": 0.2093199629, "totalOtherIncomeExpensesNet": -6000000, "incomeBeforeTax": 242400000, "incomeBeforeTaxRatio": 0.2042639252, "incomeTaxExpense": -2700000, "netIncome": 245100000, "netIncomeRatio": 0.2065391422, "eps": 0.58, "epsdiluted": 0.57, "weightedAverageShsOut": 426100000, "weightedAverageShsOutDil": 430400000, "link": "", "finalLink": ""}, {"date": "2013-03-31", "symbol": "ASML", "reportedCurrency": "EUR", "cik": "0000000000", "fillingDate": "2013-03-31", "acceptedDate": "2013-03-30 20:00:00", "calendarYear": "2013", "period": "Q1", "revenue": 892100000, "costOfRevenue": 551400000, "grossProfit": 340700000, "grossProfitRatio": 0.3819078579, "researchAndDevelopmentExpenses": 184800000, "generalAndAdministrativeExpenses": 0, "sellingAndMarketingExpenses": 0, "sellingGeneralAndAdministrativeExpenses": 62600000, "otherExpenses": -14200000, "operatingExpenses": 233200000, "costAndExpenses": 784600000, "interestIncome": 0, "interestExpense": 0, "depreciationAndAmortization": 44500000, "ebitda": 137800000, "ebitdaratio": 0.154466988, "operatingIncome": 107500000, "operatingIncomeRatio": 0.1205021859, "totalOtherIncomeExpensesNet": -3300000, "incomeBeforeTax": 104200000, "incomeBeforeTaxRatio": 0.116803049, "incomeTaxExpense": 8000000, "netIncome": 96200000, "netIncomeRatio": 0.1078354445, "eps": 0.24, "epsdiluted": 0.23, "weightedAverageShsOut": 407500000, "weightedAverageShsOutDil": 410600000, "link": "", "finalLink": ""}, {"date": "2012-12-31", "symbol": "ASML", "reportedCurrency": "EUR", "cik": "0000000000", "fillingDate": "2012-12-31", "acceptedDate": "2012-12-30 19:00:00", "calendarYear": "2012", "period": "Q4", "revenue": 1023100000, "costOfRevenue": 602900000, "grossProfit": 420200000, "grossProfitRatio": 0.4107125403, "researchAndDevelopmentExpenses": 155400000, "generalAndAdministrativeExpenses": 0, "sellingAndMarketingExpenses": 0, "sellingGeneralAndAdministrativeExpenses": 79500000, "otherExpenses": 0, "operatingExpenses": 234900000, "costAndExpenses": 837800000, "interestIncome": 0, "interestExpense": 0, "depreciationAndAmortization": 43520000, "ebitda": 228820000, "ebitdaratio": 0.2236536018, "operatingIncome": 185300000, "operatingIncomeRatio": 0.1811162154, "totalOtherIncomeExpensesNet": -3400000, "incomeBeforeTax": 181900000, "incomeBeforeTaxRatio": 0.1777929821, "incomeTaxExpense": -115800000, "netIncome": 297700000, "netIncomeRatio": 0.290978399, "eps": 0.66, "epsdiluted": 0.65, "weightedAverageShsOut": 452500000, "weightedAverageShsOutDil": 455400000, "link": "", "finalLink": ""}, {"date": "2012-09-30", "symbol": "ASML", "reportedCurrency": "EUR", "cik": "0000000000", "fillingDate": "2012-09-30", "acceptedDate": "2012-09-29 20:00:00", "calendarYear": "2012", "period": "Q3", "revenue": 1228800000, "costOfRevenue": 697800000, "grossProfit": 531000000, "grossProfitRatio": 0.4321289063, "researchAndDevelopmentExpenses": 143800000, "generalAndAdministrativeExpenses": 0, "sellingAndMarketingExpenses": 0, "sellingGeneralAndAdministrativeExpenses": 69700000, "otherExpenses": 0, "operatingExpenses": 213500000, "costAndExpenses": 911300000, "interestIncome": 0, "interestExpense": 0, "depreciationAndAmortization": 36700000, "ebitda": 354200000, "ebitdaratio": 0.2882486979, "operatingIncome": 317500000, "operatingIncomeRatio": 0.2583821615, "totalOtherIncomeExpensesNet": -2500000, "incomeBeforeTax": 315000000, "incomeBeforeTaxRatio": 0.2563476563, "incomeTaxExpense": 40300000, "netIncome": 274700000, "netIncomeRatio": 0.2235514323, "eps": 0.65, "epsdiluted": 0.65, "weightedAverageShsOut": 422500000, "weightedAverageShsOutDil": 425700000, "link": "", "finalLink": ""}, {"date": "2012-06-30", "symbol": "ASML", "reportedCurrency": "EUR", "cik": "0000000000", "fillingDate": "2012-06-30", "acceptedDate": "2012-06-29 20:00:00", "calendarYear": "2012", "period": "Q2", "revenue": 1227700000, "costOfRevenue": 697300000, "grossProfit": 530400000, "grossProfitRatio": 0.4320273682, "researchAndDevelopmentExpenses": 144600000, "generalAndAdministrativeExpenses": 0, "sellingAndMarketingExpenses": 0, "sellingGeneralAndAdministrativeExpenses": 54700000, "otherExpenses": 0, "operatingExpenses": 199300000, "costAndExpenses": 896600000, "interestIncome": 0, "interestExpense": 0, "depreciationAndAmortization": 56800000, "ebitda": 387900000, "ebitdaratio": 0.3159566669, "operatingIncome": 331100000, "operatingIncomeRatio": 0.2696912927, "totalOtherIncomeExpensesNet": -900000, "incomeBeforeTax": 330200000, "incomeBeforeTaxRatio": 0.2689582145, "incomeTaxExpense": 38300000, "netIncome": 291900000, "netIncomeRatio": 0.2377616682, "eps": 0.71, "epsdiluted": 0.71, "weightedAverageShsOut": 409500000, "weightedAverageShsOutDil": 412700000, "link": "", "finalLink": ""}, {"date": "2012-03-31", "symbol": "ASML", "reportedCurrency": "EUR", "cik": "0000000000", "fillingDate": "2012-03-31", "acceptedDate": "2012-03-30 20:00:00", "calendarYear": "2012", "period": "Q1", "revenue": 1251900000, "costOfRevenue": 728300000, "grossProfit": 523600000, "grossProfitRatio": 0.4182442687, "researchAndDevelopmentExpenses": 145300000, "generalAndAdministrativeExpenses": 0, "sellingAndMarketingExpenses": 0, "sellingGeneralAndAdministrativeExpenses": 55400000, "otherExpenses": 0, "operatingExpenses": 200700000, "costAndExpenses": 929000000, "interestIncome": 0, "interestExpense": 0, "depreciationAndAmortization": 49600000, "ebitda": 372500000, "ebitdaratio": 0.2975477275, "operatingIncome": 322900000, "operatingIncomeRatio": 0.2579279495, "totalOtherIncomeExpensesNet": 600000, "incomeBeforeTax": 323500000, "incomeBeforeTaxRatio": 0.258407221, "incomeTaxExpense": 41500000, "netIncome": 282000000, "netIncomeRatio": 0.2252576084, "eps": 0.68, "epsdiluted": 0.68, "weightedAverageShsOut": 411800000, "weightedAverageShsOutDil": 415000000, "link": "", "finalLink": ""}, {"date": "2011-12-31", "symbol": "ASML", "reportedCurrency": "EUR", "cik": "0000000000", "fillingDate": "2011-12-31", "acceptedDate": "2011-12-30 19:00:00", "calendarYear": "2011", "period": "Q4", "revenue": 1210935000, "costOfRevenue": 714545000, "grossProfit": 496390000, "grossProfitRatio": 0.4099229108, "researchAndDevelopmentExpenses": 150370000, "generalAndAdministrativeExpenses": 0, "sellingAndMarketingExpenses": 0, "sellingGeneralAndAdministrativeExpenses": 56304000, "otherExpenses": 0, "operatingExpenses": 206674000, "costAndExpenses": 921219000, "interestIncome": 0, "interestExpense": 0, "depreciationAndAmortization": 40085000, "ebitda": 370957000, "ebitdaratio": 0.3063393163, "operatingIncome": 289716000, "operatingIncomeRatio": 0.2392498359, "totalOtherIncomeExpensesNet": 1519000, "incomeBeforeTax": 291235000, "incomeBeforeTaxRatio": 0.2405042385, "incomeTaxExpense": 6575000, "netIncome": 284660000, "netIncomeRatio": 0.2350745498, "eps": 0.9, "epsdiluted": 0.88, "weightedAverageShsOut": 320012000, "weightedAverageShsOutDil": 322630000, "link": "", "finalLink": ""}, {"date": "2011-09-30", "symbol": "ASML", "reportedCurrency": "EUR", "cik": "0000000000", "fillingDate": "2011-09-30", "acceptedDate": "2011-09-29 20:00:00", "calendarYear": "2011", "period": "Q3", "revenue": 1458500000, "costOfRevenue": 845100000, "grossProfit": 613400000, "grossProfitRatio": 0.4205690778, "researchAndDevelopmentExpenses": 149800000, "generalAndAdministrativeExpenses": 0, "sellingAndMarketingExpenses": 0, "sellingGeneralAndAdministrativeExpenses": 56300000, "otherExpenses": 0, "operatingExpenses": 206100000, "costAndExpenses": 1051200000, "interestIncome": 0, "interestExpense": 0, "depreciationAndAmortization": -13127000, "ebitda": 407300000, "ebitdaratio": 0.2792595132, "operatingIncome": 407300000, "operatingIncomeRatio": 0.2792595132, "totalOtherIncomeExpensesNet": 2200000, "incomeBeforeTax": 409500000, "incomeBeforeTaxRatio": 0.2807679122, "incomeTaxExpense": 54300000, "netIncome": 355200000, "netIncomeRatio": 0.2435378814, "eps": 1.09, "epsdiluted": 1.09, "weightedAverageShsOut": 324863000, "weightedAverageShsOutDil": 327481000, "link": "", "finalLink": ""}, {"date": "2011-06-30", "symbol": "ASML", "reportedCurrency": "EUR", "cik": "0000000000", "fillingDate": "2011-06-30", "acceptedDate": "2011-06-29 20:00:00", "calendarYear": "2011", "period": "Q2", "revenue": 1529400000, "costOfRevenue": 839400000, "grossProfit": 690000000, "grossProfitRatio": 0.4511573166, "researchAndDevelopmentExpenses": 144700000, "generalAndAdministrativeExpenses": 0, "sellingAndMarketingExpenses": 0, "sellingGeneralAndAdministrativeExpenses": 50900000, "otherExpenses": 0, "operatingExpenses": 195600000, "costAndExpenses": 1035000000, "interestIncome": 0, "interestExpense": 0, "depreciationAndAmortization": 99027000, "ebitda": 593427000, "ebitdaratio": 0.3880129463, "operatingIncome": 494400000, "operatingIncomeRatio": 0.3232640251, "totalOtherIncomeExpensesNet": 1800000, "incomeBeforeTax": 496200000, "incomeBeforeTaxRatio": 0.3244409572, "incomeTaxExpense": 64100000, "netIncome": 432100000, "netIncomeRatio": 0.2825290964, "eps": 1.31, "epsdiluted": 1.3, "weightedAverageShsOut": 330715000, "weightedAverageShsOutDil": 333333000, "link": "", "finalLink": ""}, {"date": "2011-03-31", "symbol": "ASML", "reportedCurrency": "EUR", "cik": "0000000000", "fillingDate": "2011-03-31", "acceptedDate": "2011-03-30 20:00:00", "calendarYear": "2011", "period": "Q1", "revenue": 1452200000, "costOfRevenue": 802600000, "grossProfit": 649600000, "grossProfitRatio": 0.4473213056, "researchAndDevelopmentExpenses": 145400000, "generalAndAdministrativeExpenses": 0, "sellingAndMarketingExpenses": 0, "sellingGeneralAndAdministrativeExpenses": 54400000, "otherExpenses": 0, "operatingExpenses": 199800000, "costAndExpenses": 1002400000, "interestIncome": 0, "interestExpense": 0, "depreciationAndAmortization": 39200000, "ebitda": 489000000, "ebitdaratio": 0.3367304779, "operatingIncome": 449800000, "operatingIncomeRatio": 0.3097369508, "totalOtherIncomeExpensesNet": 1900000, "incomeBeforeTax": 451700000, "incomeBeforeTaxRatio": 0.3110453106, "incomeTaxExpense": 56700000, "netIncome": 395000000, "netIncomeRatio": 0.2720011018, "eps": 1.17, "epsdiluted": 1.17, "weightedAverageShsOut": 336182000, "weightedAverageShsOutDil": 339262000, "link": "", "finalLink": ""}, {"date": "2010-12-31", "symbol": "ASML", "reportedCurrency": "EUR", "cik": "0000000000", "fillingDate": "2010-12-31", "acceptedDate": "2010-12-30 19:00:00", "calendarYear": "2010", "period": "Q4", "revenue": 1521438000, "costOfRevenue": 836768000, "grossProfit": 684670000, "grossProfitRatio": 0.4500150515, "researchAndDevelopmentExpenses": 141026000, "generalAndAdministrativeExpenses": 0, "sellingAndMarketingExpenses": 0, "sellingGeneralAndAdministrativeExpenses": 50045000, "otherExpenses": 0, "operatingExpenses": 191071000, "costAndExpenses": 1027839000, "interestIncome": 0, "interestExpense": 16201000, "depreciationAndAmortization": 39544000, "ebitda": 548268000, "ebitdaratio": 0.3603617104, "operatingIncome": 493599000, "operatingIncomeRatio": 0.3244292571, "totalOtherIncomeExpensesNet": -1076000, "incomeBeforeTax": 492523000, "incomeBeforeTaxRatio": 0.3237220314, "incomeTaxExpense": 85703000, "netIncome": 406820000, "netIncomeRatio": 0.2673917702, "eps": 1.21, "epsdiluted": 1.2, "weightedAverageShsOut": 336182000, "weightedAverageShsOutDil": 339262000, "link": "", "finalLink": ""}, {"date": "2010-09-30", "symbol": "ASML", "reportedCurrency": "EUR", "cik": "0000000000", "fillingDate": "2010-09-30", "acceptedDate": "2010-09-29 20:00:00", "calendarYear": "2010", "period": "Q3", "revenue": 1176000000, "costOfRevenue": 663500000, "grossProfit": 512500000, "grossProfitRatio": 0.4357993197, "researchAndDevelopmentExpenses": 136800000, "generalAndAdministrativeExpenses": 0, "sellingAndMarketingExpenses": 0, "sellingGeneralAndAdministrativeExpenses": 47900000, "otherExpenses": 0, "operatingExpenses": 184700000, "costAndExpenses": 848200000, "interestIncome": 0, "interestExpense": 1600000, "depreciationAndAmortization": 41000000, "ebitda": 368800000, "ebitdaratio": 0.3136054422, "operatingIncome": 327800000, "operatingIncomeRatio": 0.2787414966, "totalOtherIncomeExpensesNet": -1600000, "incomeBeforeTax": 326200000, "incomeBeforeTaxRatio": 0.2773809524, "incomeTaxExpense": 57700000, "netIncome": 268500000, "netIncomeRatio": 0.2283163265, "eps": 0.79, "epsdiluted": 0.79, "weightedAverageShsOut": 335335000, "weightedAverageShsOutDil": 338261000, "link": "", "finalLink": ""}]