[{"date": "2025-06-30", "symbol": "Z", "reportedCurrency": "USD", "cik": "0001617640", "fillingDate": "2025-08-06", "acceptedDate": "2025-08-06 16:37:13", "calendarYear": "2025", "period": "Q2", "revenue": 655000000, "costOfRevenue": 166000000, "grossProfit": 489000000, "grossProfitRatio": 0.7465648855, "researchAndDevelopmentExpenses": 153000000, "generalAndAdministrativeExpenses": 121000000, "sellingAndMarketingExpenses": 226000000, "sellingGeneralAndAdministrativeExpenses": 347000000, "otherExpenses": 0, "operatingExpenses": 500000000, "costAndExpenses": 666000000, "interestIncome": 0, "interestExpense": 5000000, "depreciationAndAmortization": 69000000, "ebitda": 76000000, "ebitdaratio": 0.1160305344, "operatingIncome": -11000000, "operatingIncomeRatio": -0.0167938931, "totalOtherIncomeExpensesNet": 13000000, "incomeBeforeTax": 2000000, "incomeBeforeTaxRatio": 0.0030534351, "incomeTaxExpense": 0, "netIncome": 2000000, "netIncomeRatio": 0.0030534351, "eps": 0.01, "epsdiluted": 0.01, "weightedAverageShsOut": 241083000, "weightedAverageShsOutDil": 241083000, "link": "https://www.sec.gov/Archives/edgar/data/1617640/000161764025000094/0001617640-25-000094-index.htm", "finalLink": "https://www.sec.gov/Archives/edgar/data/1617640/000161764025000094/z-20250630.htm"}, {"date": "2025-03-31", "symbol": "Z", "reportedCurrency": "USD", "cik": "0001617640", "fillingDate": "2025-05-07", "acceptedDate": "2025-05-07 16:36:57", "calendarYear": "2025", "period": "Q1", "revenue": 598000000, "costOfRevenue": 139000000, "grossProfit": 459000000, "grossProfitRatio": 0.7675585284, "researchAndDevelopmentExpenses": 149000000, "generalAndAdministrativeExpenses": 121000000, "sellingAndMarketingExpenses": 198000000, "sellingGeneralAndAdministrativeExpenses": 319000000, "otherExpenses": 0, "operatingExpenses": 468000000, "costAndExpenses": 607000000, "interestIncome": 0, "interestExpense": 5000000, "depreciationAndAmortization": 67000000, "ebitda": 80000000, "ebitdaratio": 0.1337792642, "operatingIncome": -9000000, "operatingIncomeRatio": -0.0150501672, "totalOtherIncomeExpensesNet": 17000000, "incomeBeforeTax": 8000000, "incomeBeforeTaxRatio": 0.0133779264, "incomeTaxExpense": 0, "netIncome": 8000000, "netIncomeRatio": 0.0133779264, "eps": 0.03, "epsdiluted": 0.03, "weightedAverageShsOut": 242256000, "weightedAverageShsOutDil": 256192000, "link": "https://www.sec.gov/Archives/edgar/data/1617640/000161764025000064/0001617640-25-000064-index.htm", "finalLink": "https://www.sec.gov/Archives/edgar/data/1617640/000161764025000064/z-20250331.htm"}, {"date": "2024-12-31", "symbol": "Z", "reportedCurrency": "USD", "cik": "0001617640", "fillingDate": "2025-02-11", "acceptedDate": "2025-02-11 16:21:09", "calendarYear": "2024", "period": "Q4", "revenue": 554000000, "costOfRevenue": 134000000, "grossProfit": 420000000, "grossProfitRatio": 0.7581227437, "researchAndDevelopmentExpenses": 149000000, "generalAndAdministrativeExpenses": 138000000, "sellingAndMarketingExpenses": 202000000, "sellingGeneralAndAdministrativeExpenses": 340000000, "otherExpenses": 0, "operatingExpenses": 489000000, "costAndExpenses": 623000000, "interestIncome": 0, "interestExpense": 8000000, "depreciationAndAmortization": 69000000, "ebitda": 21000000, "ebitdaratio": 0.0379061372, "operatingIncome": -69000000, "operatingIncomeRatio": -0.1245487365, "totalOtherIncomeExpensesNet": 18000000, "incomeBeforeTax": -51000000, "incomeBeforeTaxRatio": -0.0920577617, "incomeTaxExpense": 1000000, "netIncome": -52000000, "netIncomeRatio": -0.0938628159, "eps": -0.22, "epsdiluted": -0.22, "weightedAverageShsOut": 236329000, "weightedAverageShsOutDil": 236329000, "link": "https://www.sec.gov/Archives/edgar/data/1617640/000161764025000016/0001617640-25-000016-index.htm", "finalLink": "https://www.sec.gov/Archives/edgar/data/1617640/000161764025000016/z-20241231.htm"}, {"date": "2024-09-30", "symbol": "Z", "reportedCurrency": "USD", "cik": "0001617640", "fillingDate": "2024-11-06", "acceptedDate": "2024-11-06 16:35:47", "calendarYear": "2024", "period": "Q3", "revenue": 581000000, "costOfRevenue": 140000000, "grossProfit": 441000000, "grossProfitRatio": 0.7590361446, "researchAndDevelopmentExpenses": 145000000, "generalAndAdministrativeExpenses": 123000000, "sellingAndMarketingExpenses": 217000000, "sellingGeneralAndAdministrativeExpenses": 340000000, "otherExpenses": 0, "operatingExpenses": 486000000, "costAndExpenses": 625000000, "interestIncome": 0, "interestExpense": 9000000, "depreciationAndAmortization": 65000000, "ebitda": 54000000, "ebitdaratio": 0.0929432014, "operatingIncome": -45000000, "operatingIncomeRatio": -0.0774526678, "totalOtherIncomeExpensesNet": 25000000, "incomeBeforeTax": -20000000, "incomeBeforeTaxRatio": -0.0344234079, "incomeTaxExpense": 0, "netIncome": -20000000, "netIncomeRatio": -0.0344234079, "eps": -0.086, "epsdiluted": -0.086, "weightedAverageShsOut": 232521000, "weightedAverageShsOutDil": 232521000, "link": "https://www.sec.gov/Archives/edgar/data/1617640/000161764024000126/0001617640-24-000126-index.htm", "finalLink": "https://www.sec.gov/Archives/edgar/data/1617640/000161764024000126/z-20240930.htm"}, {"date": "2024-06-30", "symbol": "Z", "reportedCurrency": "USD", "cik": "0001617640", "fillingDate": "2024-08-07", "acceptedDate": "2024-08-07 16:02:41", "calendarYear": "2024", "period": "Q2", "revenue": 572000000, "costOfRevenue": 130000000, "grossProfit": 442000000, "grossProfitRatio": 0.7727272727, "researchAndDevelopmentExpenses": 144000000, "generalAndAdministrativeExpenses": 131000000, "sellingAndMarketingExpenses": 205000000, "sellingGeneralAndAdministrativeExpenses": 336000000, "otherExpenses": 0, "operatingExpenses": 480000000, "costAndExpenses": 610000000, "interestIncome": 0, "interestExpense": 10000000, "depreciationAndAmortization": 66000000, "ebitda": 61000000, "ebitdaratio": 0.1066433566, "operatingIncome": -38000000, "operatingIncomeRatio": -0.0664335664, "totalOtherIncomeExpensesNet": 23000000, "incomeBeforeTax": -15000000, "incomeBeforeTaxRatio": -0.0262237762, "incomeTaxExpense": 2000000, "netIncome": -17000000, "netIncomeRatio": -0.0297202797, "eps": -0.0728, "epsdiluted": -0.0728, "weightedAverageShsOut": 233453000, "weightedAverageShsOutDil": 233453000, "link": "https://www.sec.gov/Archives/edgar/data/1617640/000161764024000094/0001617640-24-000094-index.htm", "finalLink": "https://www.sec.gov/Archives/edgar/data/1617640/000161764024000094/z-20240630.htm"}, {"date": "2024-03-31", "symbol": "Z", "reportedCurrency": "USD", "cik": "0001617640", "fillingDate": "2024-05-01", "acceptedDate": "2024-05-01 16:36:00", "calendarYear": "2024", "period": "Q1", "revenue": 529000000, "costOfRevenue": 123000000, "grossProfit": 406000000, "grossProfitRatio": 0.7674858223, "researchAndDevelopmentExpenses": 147000000, "generalAndAdministrativeExpenses": 132000000, "sellingAndMarketingExpenses": 166000000, "sellingGeneralAndAdministrativeExpenses": 298000000, "otherExpenses": 0, "operatingExpenses": 445000000, "costAndExpenses": 568000000, "interestIncome": 0, "interestExpense": 9000000, "depreciationAndAmortization": 64000000, "ebitda": 52000000, "ebitdaratio": 0.0982986767, "operatingIncome": -45000000, "operatingIncomeRatio": -0.0850661626, "totalOtherIncomeExpensesNet": 24000000, "incomeBeforeTax": -21000000, "incomeBeforeTaxRatio": -0.0396975425, "incomeTaxExpense": 2000000, "netIncome": -23000000, "netIncomeRatio": -0.0434782609, "eps": -0.098, "epsdiluted": -0.098, "weightedAverageShsOut": 234695000, "weightedAverageShsOutDil": 234695000, "link": "https://www.sec.gov/Archives/edgar/data/1617640/000161764024000070/0001617640-24-000070-index.htm", "finalLink": "https://www.sec.gov/Archives/edgar/data/1617640/000161764024000070/z-20240331.htm"}, {"date": "2023-12-31", "symbol": "Z", "reportedCurrency": "USD", "cik": "0001617640", "fillingDate": "2023-12-31", "acceptedDate": "2023-12-30 19:00:00", "calendarYear": "2023", "period": "Q4", "revenue": 474000000, "costOfRevenue": 115000000, "grossProfit": 359000000, "grossProfitRatio": 0.7573839662, "researchAndDevelopmentExpenses": 141000000, "generalAndAdministrativeExpenses": 146000000, "sellingAndMarketingExpenses": 165000000, "sellingGeneralAndAdministrativeExpenses": 311000000, "otherExpenses": 0, "operatingExpenses": 452000000, "costAndExpenses": 567000000, "interestIncome": 0, "interestExpense": 9000000, "depreciationAndAmortization": 75000000, "ebitda": 14000000, "ebitdaratio": 0.029535865, "operatingIncome": -105000000, "operatingIncomeRatio": -0.2215189873, "totalOtherIncomeExpensesNet": 35000000, "incomeBeforeTax": -70000000, "incomeBeforeTaxRatio": -0.1476793249, "incomeTaxExpense": 3000000, "netIncome": -73000000, "netIncomeRatio": -0.1540084388, "eps": -0.31, "epsdiluted": -0.31, "weightedAverageShsOut": 232972000, "weightedAverageShsOutDil": 232972000, "link": null, "finalLink": null}, {"date": "2023-09-30", "symbol": "Z", "reportedCurrency": "USD", "cik": "0001617640", "fillingDate": "2023-11-01", "acceptedDate": "2023-11-01 16:37:16", "calendarYear": "2023", "period": "Q3", "revenue": 496000000, "costOfRevenue": 110000000, "grossProfit": 386000000, "grossProfitRatio": 0.7782258065, "researchAndDevelopmentExpenses": 142000000, "generalAndAdministrativeExpenses": 131000000, "sellingAndMarketingExpenses": 164000000, "sellingGeneralAndAdministrativeExpenses": 295000000, "otherExpenses": 0, "operatingExpenses": 437000000, "costAndExpenses": 547000000, "interestIncome": 0, "interestExpense": 9000000, "depreciationAndAmortization": 55000000, "ebitda": 36000000, "ebitdaratio": 0.0725806452, "operatingIncome": -53000000, "operatingIncomeRatio": -0.1068548387, "totalOtherIncomeExpensesNet": 25000000, "incomeBeforeTax": -28000000, "incomeBeforeTaxRatio": -0.0564516129, "incomeTaxExpense": 0, "netIncome": -28000000, "netIncomeRatio": -0.0564516129, "eps": -0.12, "epsdiluted": -0.12, "weightedAverageShsOut": 233295000, "weightedAverageShsOutDil": 233295000, "link": "https://www.sec.gov/Archives/edgar/data/1617640/000161764023000110/0001617640-23-000110-index.htm", "finalLink": "https://www.sec.gov/Archives/edgar/data/1617640/000161764023000110/z-20230930.htm"}, {"date": "2023-06-30", "symbol": "Z", "reportedCurrency": "USD", "cik": "0001617640", "fillingDate": "2023-08-02", "acceptedDate": "2023-08-02 16:36:46", "calendarYear": "2023", "period": "Q2", "revenue": 506000000, "costOfRevenue": 104000000, "grossProfit": 402000000, "grossProfitRatio": 0.7944664032, "researchAndDevelopmentExpenses": 140000000, "generalAndAdministrativeExpenses": 172000000, "sellingAndMarketingExpenses": 154000000, "sellingGeneralAndAdministrativeExpenses": 326000000, "otherExpenses": 0, "operatingExpenses": 466000000, "costAndExpenses": 570000000, "interestIncome": 0, "interestExpense": 9000000, "depreciationAndAmortization": 51000000, "ebitda": 26000000, "ebitdaratio": 0.0513833992, "operatingIncome": -67000000, "operatingIncomeRatio": -0.1324110672, "totalOtherIncomeExpensesNet": 33000000, "incomeBeforeTax": -34000000, "incomeBeforeTaxRatio": -0.0671936759, "incomeTaxExpense": 1000000, "netIncome": -35000000, "netIncomeRatio": -0.0691699605, "eps": -0.15, "epsdiluted": -0.15, "weightedAverageShsOut": 233629000, "weightedAverageShsOutDil": 233629000, "link": "https://www.sec.gov/Archives/edgar/data/1617640/000161764023000090/0001617640-23-000090-index.htm", "finalLink": "https://www.sec.gov/Archives/edgar/data/1617640/000161764023000090/z-20230630.htm"}, {"date": "2023-03-31", "symbol": "Z", "reportedCurrency": "USD", "cik": "0001617640", "fillingDate": "2023-05-03", "acceptedDate": "2023-05-03 16:37:24", "calendarYear": "2023", "period": "Q1", "revenue": 469000000, "costOfRevenue": 92000000, "grossProfit": 377000000, "grossProfitRatio": 0.8038379531, "researchAndDevelopmentExpenses": 137000000, "generalAndAdministrativeExpenses": 123000000, "sellingAndMarketingExpenses": 156000000, "sellingGeneralAndAdministrativeExpenses": 279000000, "otherExpenses": 0, "operatingExpenses": 416000000, "costAndExpenses": 508000000, "interestIncome": 0, "interestExpense": 9000000, "depreciationAndAmortization": 46000000, "ebitda": 33000000, "ebitdaratio": 0.0703624733, "operatingIncome": -7000000, "operatingIncomeRatio": -0.0149253731, "totalOtherIncomeExpensesNet": 23000000, "incomeBeforeTax": -22000000, "incomeBeforeTaxRatio": -0.0469083156, "incomeTaxExpense": -14000000, "netIncome": -8000000, "netIncomeRatio": -0.0170575693, "eps": -0.0341, "epsdiluted": -0.0341, "weightedAverageShsOut": 234425000, "weightedAverageShsOutDil": 234425000, "link": "https://www.sec.gov/Archives/edgar/data/1617640/000161764023000067/0001617640-23-000067-index.htm", "finalLink": "https://www.sec.gov/Archives/edgar/data/1617640/000161764023000067/z-20230331.htm"}, {"date": "2022-12-31", "symbol": "Z", "reportedCurrency": "USD", "cik": "0001617640", "fillingDate": "2023-02-15", "acceptedDate": "2023-02-15 16:44:09", "calendarYear": "2022", "period": "Q4", "revenue": 435000000, "costOfRevenue": 89000000, "grossProfit": 346000000, "grossProfitRatio": 0.7954022989, "researchAndDevelopmentExpenses": 129000000, "generalAndAdministrativeExpenses": 128000000, "sellingAndMarketingExpenses": 162000000, "sellingGeneralAndAdministrativeExpenses": 290000000, "otherExpenses": 0, "operatingExpenses": 419000000, "costAndExpenses": 508000000, "interestIncome": 0, "interestExpense": 9000000, "depreciationAndAmortization": 42000000, "ebitda": -17000000, "ebitdaratio": -0.0390804598, "operatingIncome": -73000000, "operatingIncomeRatio": -0.167816092, "totalOtherIncomeExpensesNet": 5000000, "incomeBeforeTax": -68000000, "incomeBeforeTaxRatio": -0.1563218391, "incomeTaxExpense": 4000000, "netIncome": -72000000, "netIncomeRatio": -0.1655172414, "eps": -0.3, "epsdiluted": -0.3, "weightedAverageShsOut": 236246000, "weightedAverageShsOutDil": 236246000, "link": "https://www.sec.gov/Archives/edgar/data/1617640/000161764023000010/0001617640-23-000010-index.htm", "finalLink": "https://www.sec.gov/Archives/edgar/data/1617640/000161764023000010/z-20221231.htm"}, {"date": "2022-09-30", "symbol": "Z", "reportedCurrency": "USD", "cik": "0001617640", "fillingDate": "2022-11-02", "acceptedDate": "2022-11-02 16:37:19", "calendarYear": "2022", "period": "Q3", "revenue": 483000000, "costOfRevenue": 89000000, "grossProfit": 394000000, "grossProfitRatio": 0.8157349896, "researchAndDevelopmentExpenses": 142000000, "generalAndAdministrativeExpenses": 138000000, "sellingAndMarketingExpenses": 165000000, "sellingGeneralAndAdministrativeExpenses": 303000000, "otherExpenses": 0, "operatingExpenses": 445000000, "costAndExpenses": 534000000, "interestIncome": 0, "interestExpense": 9000000, "depreciationAndAmortization": 40000000, "ebitda": 1000000, "ebitdaratio": 0.0020703934, "operatingIncome": -39000000, "operatingIncomeRatio": -0.0807453416, "totalOtherIncomeExpensesNet": 3000000, "incomeBeforeTax": -48000000, "incomeBeforeTaxRatio": -0.099378882, "incomeTaxExpense": 3000000, "netIncome": -51000000, "netIncomeRatio": -0.1055900621, "eps": -0.21, "epsdiluted": -0.21, "weightedAverageShsOut": 240080000, "weightedAverageShsOutDil": 240080000, "link": "https://www.sec.gov/Archives/edgar/data/1617640/000161764022000106/0001617640-22-000106-index.htm", "finalLink": "https://www.sec.gov/Archives/edgar/data/1617640/000161764022000106/z-20220930.htm"}, {"date": "2022-06-30", "symbol": "Z", "reportedCurrency": "USD", "cik": "0001617640", "fillingDate": "2022-08-04", "acceptedDate": "2022-08-04 16:40:18", "calendarYear": "2022", "period": "Q2", "revenue": 1009000000, "costOfRevenue": 566000000, "grossProfit": 443000000, "grossProfitRatio": 0.4390485629, "researchAndDevelopmentExpenses": 119000000, "generalAndAdministrativeExpenses": 123000000, "sellingAndMarketingExpenses": 182000000, "sellingGeneralAndAdministrativeExpenses": 305000000, "otherExpenses": 0, "operatingExpenses": 424000000, "costAndExpenses": 990000000, "interestIncome": 0, "interestExpense": 9000000, "depreciationAndAmortization": 49000000, "ebitda": 72000000, "ebitdaratio": 0.07135778, "operatingIncome": 31000000, "operatingIncomeRatio": 0.0307234886, "totalOtherIncomeExpensesNet": 9000000, "incomeBeforeTax": 14000000, "incomeBeforeTaxRatio": 0.0138751239, "incomeTaxExpense": 6000000, "netIncome": 8000000, "netIncomeRatio": 0.0079286422, "eps": 0.0328, "epsdiluted": 0.0326, "weightedAverageShsOut": 243942000, "weightedAverageShsOutDil": 245163000, "link": "https://www.sec.gov/Archives/edgar/data/1617640/000161764022000081/0001617640-22-000081-index.htm", "finalLink": "https://www.sec.gov/Archives/edgar/data/1617640/000161764022000081/z-20220630.htm"}, {"date": "2022-03-31", "symbol": "Z", "reportedCurrency": "USD", "cik": "0001617640", "fillingDate": "2022-05-05", "acceptedDate": "2022-05-05 16:36:54", "calendarYear": "2022", "period": "Q1", "revenue": 4257000000, "costOfRevenue": 3622000000, "grossProfit": 635000000, "grossProfitRatio": 0.1491660794, "researchAndDevelopmentExpenses": 114000000, "generalAndAdministrativeExpenses": 119000000, "sellingAndMarketingExpenses": 307000000, "sellingGeneralAndAdministrativeExpenses": 426000000, "otherExpenses": 0, "operatingExpenses": 540000000, "costAndExpenses": 4162000000, "interestIncome": 0, "interestExpense": 8000000, "depreciationAndAmortization": 49000000, "ebitda": 100000000, "ebitdaratio": 0.0234907212, "operatingIncome": 103000000, "operatingIncomeRatio": 0.0241954428, "totalOtherIncomeExpensesNet": -20000000, "incomeBeforeTax": 7000000, "incomeBeforeTaxRatio": 0.0016443505, "incomeTaxExpense": -9000000, "netIncome": 16000000, "netIncomeRatio": 0.0037585154, "eps": 0.0644, "epsdiluted": 0.0635, "weightedAverageShsOut": 248542000, "weightedAverageShsOutDil": 251963000, "link": "https://www.sec.gov/Archives/edgar/data/1617640/000161764022000063/0001617640-22-000063-index.htm", "finalLink": "https://www.sec.gov/Archives/edgar/data/1617640/000161764022000063/z-20220331.htm"}, {"date": "2021-12-31", "symbol": "Z", "reportedCurrency": "USD", "cik": "0001617640", "fillingDate": "2022-02-10", "acceptedDate": "2022-02-10 16:36:08", "calendarYear": "2021", "period": "Q4", "revenue": 3882313000, "costOfRevenue": 3415212000, "grossProfit": 467101000, "grossProfitRatio": 0.1203151317, "researchAndDevelopmentExpenses": 114141000, "generalAndAdministrativeExpenses": 120087000, "sellingAndMarketingExpenses": 354492000, "sellingGeneralAndAdministrativeExpenses": 474579000, "otherExpenses": 4198000, "operatingExpenses": 588720000, "costAndExpenses": 4003932000, "interestIncome": 0, "interestExpense": 68188000, "depreciationAndAmortization": 46747000, "ebitda": -144419000, "ebitdaratio": -0.037199216, "operatingIncome": -195364000, "operatingIncomeRatio": -0.050321548, "totalOtherIncomeExpensesNet": -63990000, "incomeBeforeTax": -259354000, "incomeBeforeTaxRatio": -0.0668039903, "incomeTaxExpense": 1854000, "netIncome": -261208000, "netIncomeRatio": -0.0672815407, "eps": -1.04, "epsdiluted": -1.03, "weightedAverageShsOut": 251353906, "weightedAverageShsOutDil": 254013000, "link": "https://www.sec.gov/Archives/edgar/data/1617640/000161764022000013/0001617640-22-000013-index.htm", "finalLink": "https://www.sec.gov/Archives/edgar/data/1617640/000161764022000013/z-20211231.htm"}, {"date": "2021-09-30", "symbol": "Z", "reportedCurrency": "USD", "cik": "0001617640", "fillingDate": "2021-11-02", "acceptedDate": "2021-11-02 16:36:26", "calendarYear": "2021", "period": "Q3", "revenue": 1736643000, "costOfRevenue": 1496060000, "grossProfit": 240583000, "grossProfitRatio": 0.1385333658, "researchAndDevelopmentExpenses": 111491000, "generalAndAdministrativeExpenses": 113130000, "sellingAndMarketingExpenses": 294354000, "sellingGeneralAndAdministrativeExpenses": 407484000, "otherExpenses": 1964000, "operatingExpenses": 518975000, "costAndExpenses": 2015035000, "interestIncome": 0, "interestExpense": 29000000, "depreciationAndAmortization": 34954000, "ebitda": 80000000, "ebitdaratio": 0.0460658869, "operatingIncome": -281627000, "operatingIncomeRatio": -0.1621674691, "totalOtherIncomeExpensesNet": -397185000, "incomeBeforeTax": -339185000, "incomeBeforeTaxRatio": -0.195310723, "incomeTaxExpense": -11011000, "netIncome": -328174000, "netIncomeRatio": -0.1889703295, "eps": -1.29, "epsdiluted": -1.24, "weightedAverageShsOut": 254074000, "weightedAverageShsOutDil": 265112000, "link": "https://www.sec.gov/Archives/edgar/data/1617640/000161764021000087/0001617640-21-000087-index.htm", "finalLink": "https://www.sec.gov/Archives/edgar/data/1617640/000161764021000087/z-20210930.htm"}, {"date": "2021-06-30", "symbol": "Z", "reportedCurrency": "USD", "cik": "0001617640", "fillingDate": "2021-08-05", "acceptedDate": "2021-08-05 16:38:05", "calendarYear": "2021", "period": "Q2", "revenue": 1309980000, "costOfRevenue": 771585000, "grossProfit": 538395000, "grossProfitRatio": 0.4109948243, "researchAndDevelopmentExpenses": 128463000, "generalAndAdministrativeExpenses": 115102000, "sellingAndMarketingExpenses": 229434000, "sellingGeneralAndAdministrativeExpenses": 344536000, "otherExpenses": 1587000, "operatingExpenses": 472999000, "costAndExpenses": 1244584000, "interestIncome": 0, "interestExpense": 39000000, "depreciationAndAmortization": 34535000, "ebitda": 96916000, "ebitdaratio": 0.0739828089, "operatingIncome": 61725000, "operatingIncomeRatio": 0.04711904, "totalOtherIncomeExpensesNet": -38774000, "incomeBeforeTax": 22951000, "incomeBeforeTaxRatio": 0.0175201148, "incomeTaxExpense": 13310000, "netIncome": 9641000, "netIncomeRatio": 0.0073596543, "eps": 0.04, "epsdiluted": 0.04, "weightedAverageShsOut": 248152000, "weightedAverageShsOutDil": 261496000, "link": "https://www.sec.gov/Archives/edgar/data/1617640/000161764021000055/0001617640-21-000055-index.htm", "finalLink": "https://www.sec.gov/Archives/edgar/data/1617640/000161764021000055/z-20210630.htm"}, {"date": "2021-03-31", "symbol": "Z", "reportedCurrency": "USD", "cik": "0001617640", "fillingDate": "2021-05-04", "acceptedDate": "2021-05-04 16:36:40", "calendarYear": "2021", "period": "Q1", "revenue": 1218440000, "costOfRevenue": 687030000, "grossProfit": 531410000, "grossProfitRatio": 0.436139654, "researchAndDevelopmentExpenses": 148856000, "generalAndAdministrativeExpenses": 100551000, "sellingAndMarketingExpenses": 193593000, "sellingGeneralAndAdministrativeExpenses": 294144000, "otherExpenses": 2439000, "operatingExpenses": 443000000, "costAndExpenses": 1130030000, "interestIncome": 0, "interestExpense": 40000000, "depreciationAndAmortization": 36249000, "ebitda": 110000000, "ebitdaratio": 0.0902793736, "operatingIncome": 87593000, "operatingIncomeRatio": 0.0718894652, "totalOtherIncomeExpensesNet": -39926000, "incomeBeforeTax": 49074000, "incomeBeforeTaxRatio": 0.0402760907, "incomeTaxExpense": -2890000, "netIncome": 51964000, "netIncomeRatio": 0.0426479761, "eps": 0.21, "epsdiluted": 0.2, "weightedAverageShsOut": 243234000, "weightedAverageShsOutDil": 259346000, "link": "https://www.sec.gov/Archives/edgar/data/1617640/000161764021000031/0001617640-21-000031-index.htm", "finalLink": "https://www.sec.gov/Archives/edgar/data/1617640/000161764021000031/z-20210331.htm"}, {"date": "2020-12-31", "symbol": "Z", "reportedCurrency": "USD", "cik": "0001617640", "fillingDate": "2021-02-12", "acceptedDate": "2021-02-12 12:01:06", "calendarYear": "2020", "period": "Q4", "revenue": 788952000, "costOfRevenue": 317428000, "grossProfit": 471524000, "grossProfitRatio": 0.5976586662, "researchAndDevelopmentExpenses": 126997000, "generalAndAdministrativeExpenses": 93431000, "sellingAndMarketingExpenses": 161744000, "sellingGeneralAndAdministrativeExpenses": 255175000, "otherExpenses": 2803000, "operatingExpenses": 382172000, "costAndExpenses": 699600000, "interestIncome": 0, "interestExpense": 40575000, "depreciationAndAmortization": 34028000, "ebitda": 121240000, "ebitdaratio": 0.1536722133, "operatingIncome": 89352000, "operatingIncomeRatio": 0.1132540383, "totalOtherIncomeExpensesNet": -42715000, "incomeBeforeTax": 46637000, "incomeBeforeTaxRatio": 0.0591125949, "incomeTaxExpense": 601000, "netIncome": 46036000, "netIncomeRatio": 0.0583508249, "eps": 0.2, "epsdiluted": 0.18, "weightedAverageShsOut": 235341000, "weightedAverageShsOutDil": 251499000, "link": "https://www.sec.gov/Archives/edgar/data/1617640/000161764021000012/0001617640-21-000012-index.htm", "finalLink": "https://www.sec.gov/Archives/edgar/data/1617640/000161764021000012/z-20201231.htm"}, {"date": "2020-09-30", "symbol": "Z", "reportedCurrency": "USD", "cik": "0001617640", "fillingDate": "2020-11-05", "acceptedDate": "2020-11-05 16:38:04", "calendarYear": "2020", "period": "Q3", "revenue": 656692000, "costOfRevenue": 216224000, "grossProfit": 440468000, "grossProfitRatio": 0.6707375756, "researchAndDevelopmentExpenses": 127300000, "generalAndAdministrativeExpenses": 85895000, "sellingAndMarketingExpenses": 150826000, "sellingGeneralAndAdministrativeExpenses": 236721000, "otherExpenses": 3018000, "operatingExpenses": 364021000, "costAndExpenses": 580245000, "interestIncome": 0, "interestExpense": 39470000, "depreciationAndAmortization": 32411000, "ebitda": 111876000, "ebitdaratio": 0.1703629708, "operatingIncome": 76447000, "operatingIncomeRatio": 0.1164122602, "totalOtherIncomeExpensesNet": -36452000, "incomeBeforeTax": 39995000, "incomeBeforeTaxRatio": 0.0609037418, "incomeTaxExpense": 425000, "netIncome": 39570000, "netIncomeRatio": 0.0602565586, "eps": 0.17, "epsdiluted": 0.16, "weightedAverageShsOut": 229719000, "weightedAverageShsOutDil": 242632000, "link": "https://www.sec.gov/Archives/edgar/data/1617640/000161764020000085/0001617640-20-000085-index.htm", "finalLink": "https://www.sec.gov/Archives/edgar/data/1617640/000161764020000085/z-20200930.htm"}, {"date": "2020-06-30", "symbol": "Z", "reportedCurrency": "USD", "cik": "0001617640", "fillingDate": "2020-08-06", "acceptedDate": "2020-08-06 16:36:01", "calendarYear": "2020", "period": "Q2", "revenue": 768352000, "costOfRevenue": 461071000, "grossProfit": 307281000, "grossProfitRatio": 0.3999221711, "researchAndDevelopmentExpenses": 128857000, "generalAndAdministrativeExpenses": 85511000, "sellingAndMarketingExpenses": 155598000, "sellingGeneralAndAdministrativeExpenses": 241109000, "otherExpenses": 0, "operatingExpenses": 369966000, "costAndExpenses": 831037000, "interestIncome": 0, "interestExpense": 37590000, "depreciationAndAmortization": 32439000, "ebitda": -5085000, "ebitdaratio": -0.0066180605, "operatingIncome": -62685000, "operatingIncomeRatio": -0.0815837012, "totalOtherIncomeExpensesNet": -21084000, "incomeBeforeTax": -83769000, "incomeBeforeTaxRatio": -0.1090242493, "incomeTaxExpense": 679000, "netIncome": -84448000, "netIncomeRatio": -0.1099079589, "eps": -0.38, "epsdiluted": -0.38, "weightedAverageShsOut": 219467000, "weightedAverageShsOutDil": 219467000, "link": "https://www.sec.gov/Archives/edgar/data/1617640/000161764020000072/0001617640-20-000072-index.htm", "finalLink": "https://www.sec.gov/Archives/edgar/data/1617640/000161764020000072/z-20200630.htm"}, {"date": "2020-03-31", "symbol": "Z", "reportedCurrency": "USD", "cik": "0001617640", "fillingDate": "2020-05-07", "acceptedDate": "2020-05-07 16:44:04", "calendarYear": "2020", "period": "Q1", "revenue": 1125821000, "costOfRevenue": 761672000, "grossProfit": 364149000, "grossProfitRatio": 0.323451952, "researchAndDevelopmentExpenses": 134918000, "generalAndAdministrativeExpenses": 92285000, "sellingAndMarketingExpenses": 204648000, "sellingGeneralAndAdministrativeExpenses": 296933000, "otherExpenses": 0, "operatingExpenses": 431851000, "costAndExpenses": 1193523000, "interestIncome": 0, "interestExpense": 37592000, "depreciationAndAmortization": 35491000, "ebitda": -83929000, "ebitdaratio": -0.0745491512, "operatingIncome": -144502000, "operatingIncomeRatio": -0.1283525534, "totalOtherIncomeExpensesNet": -27999000, "incomeBeforeTax": -172501000, "incomeBeforeTaxRatio": -0.1532224039, "incomeTaxExpense": -9228000, "netIncome": -163273000, "netIncomeRatio": -0.145025719, "eps": -0.78, "epsdiluted": -0.78, "weightedAverageShsOut": 209324358, "weightedAverageShsOutDil": 210674000, "link": "https://www.sec.gov/Archives/edgar/data/1617640/000161764020000054/0001617640-20-000054-index.htm", "finalLink": "https://www.sec.gov/Archives/edgar/data/1617640/000161764020000054/z-20200331.htm"}, {"date": "2019-12-31", "symbol": "Z", "reportedCurrency": "USD", "cik": "0001617640", "fillingDate": "2020-02-19", "acceptedDate": "2020-02-19 16:32:35", "calendarYear": "2019", "period": "Q4", "revenue": 943947000, "costOfRevenue": 609617000, "grossProfit": 334330000, "grossProfitRatio": 0.3541830209, "researchAndDevelopmentExpenses": 125273000, "generalAndAdministrativeExpenses": 99070000, "sellingAndMarketingExpenses": 183761000, "sellingGeneralAndAdministrativeExpenses": 282831000, "otherExpenses": 0, "operatingExpenses": 408104000, "costAndExpenses": 1017721000, "interestIncome": 0, "interestExpense": 39927000, "depreciationAndAmortization": 30011000, "ebitda": -61741000, "ebitdaratio": -0.0654072739, "operatingIncome": -73774000, "operatingIncomeRatio": -0.0781548117, "totalOtherIncomeExpensesNet": -27894000, "incomeBeforeTax": -101668000, "incomeBeforeTaxRatio": -0.1077051996, "incomeTaxExpense": -458000, "netIncome": -101210000, "netIncomeRatio": -0.1072200028, "eps": -0.49, "epsdiluted": -0.49, "weightedAverageShsOut": 207297715, "weightedAverageShsOutDil": 208204000, "link": "https://www.sec.gov/Archives/edgar/data/1617640/000161764020000015/0001617640-20-000015-index.htm", "finalLink": "https://www.sec.gov/Archives/edgar/data/1617640/000161764020000015/z-20191231.htm"}, {"date": "2019-09-30", "symbol": "Z", "reportedCurrency": "USD", "cik": "0001617640", "fillingDate": "2019-11-07", "acceptedDate": "2019-11-07 16:32:13", "calendarYear": "2019", "period": "Q3", "revenue": 745208000, "costOfRevenue": 399835000, "grossProfit": 345373000, "grossProfitRatio": 0.4634585243, "researchAndDevelopmentExpenses": 123974000, "generalAndAdministrativeExpenses": 88493000, "sellingAndMarketingExpenses": 181347000, "sellingGeneralAndAdministrativeExpenses": 269840000, "otherExpenses": 0, "operatingExpenses": 393814000, "costAndExpenses": 793649000, "interestIncome": 0, "interestExpense": 26502000, "depreciationAndAmortization": 28298000, "ebitda": -11149000, "ebitdaratio": -0.0149609237, "operatingIncome": -48446000, "operatingIncomeRatio": -0.0650100375, "totalOtherIncomeExpensesNet": -17503000, "incomeBeforeTax": -65949000, "incomeBeforeTaxRatio": -0.0884974396, "incomeTaxExpense": -1300000, "netIncome": -64649000, "netIncomeRatio": -0.0867529602, "eps": -0.31, "epsdiluted": -0.31, "weightedAverageShsOut": 207002000, "weightedAverageShsOutDil": 207002000, "link": "https://www.sec.gov/Archives/edgar/data/1617640/000161764019000038/0001617640-19-000038-index.htm", "finalLink": "https://www.sec.gov/Archives/edgar/data/1617640/000161764019000038/q32019form10-q.htm"}, {"date": "2019-06-30", "symbol": "Z", "reportedCurrency": "USD", "cik": "0001617640", "fillingDate": "2019-08-07", "acceptedDate": "2019-08-07 16:34:10", "calendarYear": "2019", "period": "Q2", "revenue": 599578000, "costOfRevenue": 271221000, "grossProfit": 328357000, "grossProfitRatio": 0.5476468449, "researchAndDevelopmentExpenses": 120330000, "generalAndAdministrativeExpenses": 82839000, "sellingAndMarketingExpenses": 187433000, "sellingGeneralAndAdministrativeExpenses": 270272000, "otherExpenses": 0, "operatingExpenses": 390602000, "costAndExpenses": 661823000, "interestIncome": 0, "interestExpense": 18897000, "depreciationAndAmortization": 27335000, "ebitda": -25745000, "ebitdaratio": -0.0429385334, "operatingIncome": -62538000, "operatingIncomeRatio": -0.10430336, "totalOtherIncomeExpensesNet": -9439000, "incomeBeforeTax": -71977000, "incomeBeforeTaxRatio": -0.1200460991, "incomeTaxExpense": 0, "netIncome": -71977000, "netIncomeRatio": -0.1200460991, "eps": -0.35, "epsdiluted": -0.35, "weightedAverageShsOut": 205754000, "weightedAverageShsOutDil": 205754000, "link": "https://www.sec.gov/Archives/edgar/data/1617640/000161764019000023/0001617640-19-000023-index.htm", "finalLink": "https://www.sec.gov/Archives/edgar/data/1617640/000161764019000023/q22019form10-qdoc.htm"}, {"date": "2019-03-31", "symbol": "Z", "reportedCurrency": "USD", "cik": "0001617640", "fillingDate": "2019-05-09", "acceptedDate": "2019-05-09 16:31:59", "calendarYear": "2019", "period": "Q1", "revenue": 454104000, "costOfRevenue": 151348000, "grossProfit": 302756000, "grossProfitRatio": 0.6667107094, "researchAndDevelopmentExpenses": 107770000, "generalAndAdministrativeExpenses": 95774000, "sellingAndMarketingExpenses": 161587000, "sellingGeneralAndAdministrativeExpenses": 257361000, "otherExpenses": 0, "operatingExpenses": 365131000, "costAndExpenses": 516479000, "interestIncome": 0, "interestExpense": 16466000, "depreciationAndAmortization": 24965000, "ebitda": -28594000, "ebitdaratio": -0.0629679545, "operatingIncome": -62727000, "operatingIncomeRatio": -0.1381335553, "totalOtherIncomeExpensesNet": -7298000, "incomeBeforeTax": -70025000, "incomeBeforeTaxRatio": -0.1542047637, "incomeTaxExpense": -2500000, "netIncome": -67525000, "netIncomeRatio": -0.1486994169, "eps": -0.33, "epsdiluted": -0.33, "weightedAverageShsOut": 204514000, "weightedAverageShsOutDil": 204514000, "link": "https://www.sec.gov/Archives/edgar/data/1617640/000161764019000015/0001617640-19-000015-index.htm", "finalLink": "https://www.sec.gov/Archives/edgar/data/1617640/000161764019000015/q12019form10-qdoc.htm"}, {"date": "2018-12-31", "symbol": "Z", "reportedCurrency": "USD", "cik": "0001617640", "fillingDate": "2019-02-21", "acceptedDate": "2019-02-21 16:32:31", "calendarYear": "2018", "period": "Q4", "revenue": 365335000, "costOfRevenue": 67472000, "grossProfit": 297863000, "grossProfitRatio": 0.8153147112, "researchAndDevelopmentExpenses": 111195000, "generalAndAdministrativeExpenses": 74758000, "sellingAndMarketingExpenses": 138869000, "sellingGeneralAndAdministrativeExpenses": 213627000, "otherExpenses": 0, "operatingExpenses": 324822000, "costAndExpenses": 392294000, "interestIncome": 0, "interestExpense": 14327000, "depreciationAndAmortization": 23090000, "ebitda": -68667000, "ebitdaratio": -0.1879562593, "operatingIncome": -97719000, "operatingIncomeRatio": -0.2674777944, "totalOtherIncomeExpensesNet": -8365000, "incomeBeforeTax": -106084000, "incomeBeforeTaxRatio": -0.2903745877, "incomeTaxExpense": -8402000, "netIncome": -97682000, "netIncomeRatio": -0.2673765174, "eps": -0.48, "epsdiluted": -0.48, "weightedAverageShsOut": 203561000, "weightedAverageShsOutDil": 203561000, "link": "https://www.sec.gov/Archives/edgar/data/1617640/000161764019000005/0001617640-19-000005-index.htm", "finalLink": "https://www.sec.gov/Archives/edgar/data/1617640/000161764019000005/q42018form10-kdoc.htm"}, {"date": "2018-09-30", "symbol": "Z", "reportedCurrency": "USD", "cik": "0001617640", "fillingDate": "2018-11-06", "acceptedDate": "2018-11-06 16:22:09", "calendarYear": "2018", "period": "Q3", "revenue": 343094000, "costOfRevenue": 36672000, "grossProfit": 306422000, "grossProfitRatio": 0.8931138405, "researchAndDevelopmentExpenses": 105314000, "generalAndAdministrativeExpenses": 70743000, "sellingAndMarketingExpenses": 128734000, "sellingGeneralAndAdministrativeExpenses": 199477000, "otherExpenses": 0, "operatingExpenses": 304791000, "costAndExpenses": 341463000, "interestIncome": 0, "interestExpense": 12668000, "depreciationAndAmortization": 23375000, "ebitda": 20851000, "ebitdaratio": 0.0607734324, "operatingIncome": -10297000, "operatingIncomeRatio": -0.0300121833, "totalOtherIncomeExpensesNet": -4895000, "incomeBeforeTax": -15192000, "incomeBeforeTaxRatio": -0.0442794103, "incomeTaxExpense": -14700000, "netIncome": -492000, "netIncomeRatio": -0.0014340093, "eps": -0.0024, "epsdiluted": -0.0024, "weightedAverageShsOut": 202416000, "weightedAverageShsOutDil": 202416000, "link": "https://www.sec.gov/Archives/edgar/data/1617640/000161764018000023/0001617640-18-000023-index.htm", "finalLink": "https://www.sec.gov/Archives/edgar/data/1617640/000161764018000023/q32018form10-qdoc.htm"}, {"date": "2018-06-30", "symbol": "Z", "reportedCurrency": "USD", "cik": "0001617640", "fillingDate": "2018-08-06", "acceptedDate": "2018-08-06 16:31:38", "calendarYear": "2018", "period": "Q2", "revenue": 325246000, "costOfRevenue": 25527000, "grossProfit": 299719000, "grossProfitRatio": 0.9215147919, "researchAndDevelopmentExpenses": 100376000, "generalAndAdministrativeExpenses": 60579000, "sellingAndMarketingExpenses": 147727000, "sellingGeneralAndAdministrativeExpenses": 208306000, "otherExpenses": 3089000, "operatingExpenses": 308682000, "costAndExpenses": 334209000, "interestIncome": 0, "interestExpense": 7187000, "depreciationAndAmortization": 26020000, "ebitda": 19514000, "ebitdaratio": 0.0599976633, "operatingIncome": -9595000, "operatingIncomeRatio": -0.0295007471, "totalOtherIncomeExpensesNet": -4098000, "incomeBeforeTax": -13693000, "incomeBeforeTaxRatio": -0.0421004409, "incomeTaxExpense": -10600000, "netIncome": -3093000, "netIncomeRatio": -0.0095097249, "eps": -0.0159, "epsdiluted": -0.0159, "weightedAverageShsOut": 194155000, "weightedAverageShsOutDil": 194155000, "link": "https://www.sec.gov/Archives/edgar/data/1617640/000161764018000017/0001617640-18-000017-index.htm", "finalLink": "https://www.sec.gov/Archives/edgar/data/1617640/000161764018000017/q22018form10-qdoc.htm"}, {"date": "2018-03-31", "symbol": "Z", "reportedCurrency": "USD", "cik": "0001617640", "fillingDate": "2018-05-08", "acceptedDate": "2018-05-08 11:46:53", "calendarYear": "2018", "period": "Q1", "revenue": 299879000, "costOfRevenue": 23919000, "grossProfit": 275960000, "grossProfitRatio": 0.9202378293, "researchAndDevelopmentExpenses": 93933000, "generalAndAdministrativeExpenses": 56073000, "sellingAndMarketingExpenses": 137291000, "sellingGeneralAndAdministrativeExpenses": 193364000, "otherExpenses": 2446000, "operatingExpenses": 287297000, "costAndExpenses": 311216000, "interestIncome": 0, "interestExpense": 7073000, "depreciationAndAmortization": 26906000, "ebitda": 17988000, "ebitdaratio": 0.0599841936, "operatingIncome": -11364000, "operatingIncomeRatio": -0.0378952844, "totalOtherIncomeExpensesNet": -4627000, "incomeBeforeTax": -15991000, "incomeBeforeTaxRatio": -0.053324841, "incomeTaxExpense": 2600000, "netIncome": -18591000, "netIncomeRatio": -0.0619950047, "eps": -0.0971, "epsdiluted": -0.0971, "weightedAverageShsOut": 191464000, "weightedAverageShsOutDil": 191464000, "link": "https://www.sec.gov/Archives/edgar/data/1617640/000161764018000005/0001617640-18-000005-index.htm", "finalLink": "https://www.sec.gov/Archives/edgar/data/1617640/000161764018000005/q12018form10-qdoc.htm"}, {"date": "2017-12-31", "symbol": "Z", "reportedCurrency": "USD", "cik": "0001617640", "fillingDate": "2018-02-15", "acceptedDate": "2018-02-15 12:19:52", "calendarYear": "2017", "period": "Q4", "revenue": 282330000, "costOfRevenue": 22559000, "grossProfit": 259771000, "grossProfitRatio": 0.9200970496, "researchAndDevelopmentExpenses": 85187000, "generalAndAdministrativeExpenses": 57778000, "sellingAndMarketingExpenses": 103935000, "sellingGeneralAndAdministrativeExpenses": 161713000, "otherExpenses": 1415000, "operatingExpenses": 246900000, "costAndExpenses": 269459000, "interestIncome": 0, "interestExpense": 6991000, "depreciationAndAmortization": 28579000, "ebitda": -131232000, "ebitdaratio": -0.4648177664, "operatingIncome": -161226000, "operatingIncomeRatio": -0.5710551482, "totalOtherIncomeExpensesNet": -5576000, "incomeBeforeTax": -166802000, "incomeBeforeTaxRatio": -0.5908050862, "incomeTaxExpense": -89627000, "netIncome": -77175000, "netIncomeRatio": -0.2733503347, "eps": -0.41, "epsdiluted": -0.41, "weightedAverageShsOut": 188087201, "weightedAverageShsOutDil": 189439000, "link": "https://www.sec.gov/Archives/edgar/data/1617640/000119312518046862/0001193125-18-046862-index.htm", "finalLink": "https://www.sec.gov/Archives/edgar/data/1617640/000119312518046862/d500540d10k.htm"}, {"date": "2017-09-30", "symbol": "Z", "reportedCurrency": "USD", "cik": "0001617640", "fillingDate": "2017-11-07", "acceptedDate": "2017-11-07 16:32:09", "calendarYear": "2017", "period": "Q3", "revenue": 281839000, "costOfRevenue": 22152000, "grossProfit": 259687000, "grossProfitRatio": 0.9214019351, "researchAndDevelopmentExpenses": 83389000, "generalAndAdministrativeExpenses": 54226000, "sellingAndMarketingExpenses": 107108000, "sellingGeneralAndAdministrativeExpenses": 161334000, "otherExpenses": 1407000, "operatingExpenses": 244723000, "costAndExpenses": 266875000, "interestIncome": 0, "interestExpense": 6906000, "depreciationAndAmortization": 27419000, "ebitda": 53653000, "ebitdaratio": 0.1903675503, "operatingIncome": 14746000, "operatingIncomeRatio": 0.0523206512, "totalOtherIncomeExpensesNet": -5499000, "incomeBeforeTax": 9247000, "incomeBeforeTaxRatio": 0.0328095118, "incomeTaxExpense": 41000, "netIncome": 9206000, "netIncomeRatio": 0.0326640387, "eps": 0.05, "epsdiluted": 0.05, "weightedAverageShsOut": 187692000, "weightedAverageShsOutDil": 196425000, "link": "https://www.sec.gov/Archives/edgar/data/1617640/000119312517335790/0001193125-17-335790-index.htm", "finalLink": "https://www.sec.gov/Archives/edgar/data/1617640/000119312517335790/d427398d10q.htm"}, {"date": "2017-06-30", "symbol": "Z", "reportedCurrency": "USD", "cik": "0001617640", "fillingDate": "2017-08-08", "acceptedDate": "2017-08-08 16:31:38", "calendarYear": "2017", "period": "Q2", "revenue": 266850000, "costOfRevenue": 20260000, "grossProfit": 246590000, "grossProfitRatio": 0.9240771969, "researchAndDevelopmentExpenses": 78541000, "generalAndAdministrativeExpenses": 53346000, "sellingAndMarketingExpenses": 131218000, "sellingGeneralAndAdministrativeExpenses": 184564000, "otherExpenses": 1610000, "operatingExpenses": 263105000, "costAndExpenses": 283365000, "interestIncome": 0, "interestExpense": 6897000, "depreciationAndAmortization": 27022000, "ebitda": 12074000, "ebitdaratio": 0.0452463931, "operatingIncome": -16558000, "operatingIncomeRatio": -0.0620498407, "totalOtherIncomeExpensesNet": -5287000, "incomeBeforeTax": -21845000, "incomeBeforeTaxRatio": -0.0818624696, "incomeTaxExpense": 0, "netIncome": -21845000, "netIncomeRatio": -0.0818624696, "eps": -0.12, "epsdiluted": -0.12, "weightedAverageShsOut": 185439000, "weightedAverageShsOutDil": 185439000, "link": "https://www.sec.gov/Archives/edgar/data/1617640/000119312517251405/0001193125-17-251405-index.htm", "finalLink": "https://www.sec.gov/Archives/edgar/data/1617640/000119312517251405/d368269d10q.htm"}, {"date": "2017-03-31", "symbol": "Z", "reportedCurrency": "USD", "cik": "0001617640", "fillingDate": "2017-05-04", "acceptedDate": "2017-05-04 16:46:58", "calendarYear": "2017", "period": "Q1", "revenue": 245775000, "costOfRevenue": 20232000, "grossProfit": 225543000, "grossProfitRatio": 0.9176808056, "researchAndDevelopmentExpenses": 72868000, "generalAndAdministrativeExpenses": 45466000, "sellingAndMarketingExpenses": 105940000, "sellingGeneralAndAdministrativeExpenses": 151406000, "otherExpenses": 953000, "operatingExpenses": 224274000, "costAndExpenses": 244506000, "interestIncome": 0, "interestExpense": 6723000, "depreciationAndAmortization": 27135000, "ebitda": 29252000, "ebitdaratio": 0.1190194283, "operatingIncome": 1164000, "operatingIncomeRatio": 0.0047360391, "totalOtherIncomeExpensesNet": -5770000, "incomeBeforeTax": -4606000, "incomeBeforeTaxRatio": -0.0187407181, "incomeTaxExpense": 0, "netIncome": -4606000, "netIncomeRatio": -0.0187407181, "eps": -0.0251, "epsdiluted": -0.0251, "weightedAverageShsOut": 183158000, "weightedAverageShsOutDil": 183158000, "link": "https://www.sec.gov/Archives/edgar/data/1617640/000119312517158865/0001193125-17-158865-index.htm", "finalLink": "https://www.sec.gov/Archives/edgar/data/1617640/000119312517158865/d338580d10q.htm"}, {"date": "2016-12-31", "symbol": "Z", "reportedCurrency": "USD", "cik": "0001617640", "fillingDate": "2017-02-07", "acceptedDate": "2017-02-07 16:32:19", "calendarYear": "2016", "period": "Q4", "revenue": 227612000, "costOfRevenue": 19665000, "grossProfit": 207947000, "grossProfitRatio": 0.9136029735, "researchAndDevelopmentExpenses": 72057000, "generalAndAdministrativeExpenses": 42536000, "sellingAndMarketingExpenses": 90109000, "sellingGeneralAndAdministrativeExpenses": 132645000, "otherExpenses": 716000, "operatingExpenses": 204702000, "costAndExpenses": 224367000, "interestIncome": 0, "interestExpense": 2668000, "depreciationAndAmortization": 25738000, "ebitda": 6409000, "ebitdaratio": 0.0281575664, "operatingIncome": 2712000, "operatingIncomeRatio": 0.0119150133, "totalOtherIncomeExpensesNet": -24709000, "incomeBeforeTax": -21997000, "incomeBeforeTaxRatio": -0.096642532, "incomeTaxExpense": 1494000, "netIncome": -23491000, "netIncomeRatio": -0.1032063336, "eps": -0.13, "epsdiluted": -0.13, "weightedAverageShsOut": 181852000, "weightedAverageShsOutDil": 181852000, "link": "https://www.sec.gov/Archives/edgar/data/1617640/000119312517033300/0001193125-17-033300-index.htm", "finalLink": "https://www.sec.gov/Archives/edgar/data/1617640/000119312517033300/d290148d10k.htm"}, {"date": "2016-09-30", "symbol": "Z", "reportedCurrency": "USD", "cik": "0001617640", "fillingDate": "2016-11-02", "acceptedDate": "2016-11-02 12:04:08", "calendarYear": "2016", "period": "Q3", "revenue": 224592000, "costOfRevenue": 18254000, "grossProfit": 206338000, "grossProfitRatio": 0.9187237301, "researchAndDevelopmentExpenses": 69171000, "generalAndAdministrativeExpenses": 37690000, "sellingAndMarketingExpenses": 92794000, "sellingGeneralAndAdministrativeExpenses": 130484000, "otherExpenses": 561000, "operatingExpenses": 199655000, "costAndExpenses": 217909000, "interestIncome": 0, "interestExpense": 1595000, "depreciationAndAmortization": 25495000, "ebitda": 33897000, "ebitdaratio": 0.1509270143, "operatingIncome": 7841000, "operatingIncomeRatio": 0.0349121963, "totalOtherIncomeExpensesNet": -1034000, "incomeBeforeTax": 6807000, "incomeBeforeTaxRatio": 0.0303082924, "incomeTaxExpense": 0, "netIncome": 6807000, "netIncomeRatio": 0.0303082924, "eps": 0.04, "epsdiluted": 0.04, "weightedAverageShsOut": 180583000, "weightedAverageShsOutDil": 189661000, "link": "https://www.sec.gov/Archives/edgar/data/1617640/000119312516756536/0001193125-16-756536-index.htm", "finalLink": "https://www.sec.gov/Archives/edgar/data/1617640/000119312516756536/d225681d10q.htm"}, {"date": "2016-06-30", "symbol": "Z", "reportedCurrency": "USD", "cik": "0001617640", "fillingDate": "2016-08-05", "acceptedDate": "2016-08-05 12:04:07", "calendarYear": "2016", "period": "Q2", "revenue": 208403000, "costOfRevenue": 17220000, "grossProfit": 191183000, "grossProfitRatio": 0.9173716309, "researchAndDevelopmentExpenses": 67421000, "generalAndAdministrativeExpenses": 179632000, "sellingAndMarketingExpenses": 99256000, "sellingGeneralAndAdministrativeExpenses": 278888000, "otherExpenses": 753000, "operatingExpenses": 346309000, "costAndExpenses": 363529000, "interestIncome": 0, "interestExpense": 1572000, "depreciationAndAmortization": 25550000, "ebitda": -155330000, "ebitdaratio": -0.7453347601, "operatingIncome": -155330000, "operatingIncomeRatio": -0.7453347601, "totalOtherIncomeExpensesNet": -819000, "incomeBeforeTax": -156149000, "incomeBeforeTaxRatio": -0.7492646459, "incomeTaxExpense": 0, "netIncome": -156149000, "netIncomeRatio": -0.7492646459, "eps": -0.87, "epsdiluted": -0.87, "weightedAverageShsOut": 179451000, "weightedAverageShsOutDil": 179451000, "link": "https://www.sec.gov/Archives/edgar/data/1617640/000119312516673028/0001193125-16-673028-index.htm", "finalLink": "https://www.sec.gov/Archives/edgar/data/1617640/000119312516673028/d197066d10q.htm"}, {"date": "2016-03-31", "symbol": "Z", "reportedCurrency": "USD", "cik": "0001617640", "fillingDate": "2016-05-04", "acceptedDate": "2016-05-04 08:32:15", "calendarYear": "2016", "period": "Q1", "revenue": 185982000, "costOfRevenue": 16452000, "grossProfit": 169530000, "grossProfitRatio": 0.9115398264, "researchAndDevelopmentExpenses": 64417000, "generalAndAdministrativeExpenses": 53837000, "sellingAndMarketingExpenses": 98760000, "sellingGeneralAndAdministrativeExpenses": 152597000, "otherExpenses": 681000, "operatingExpenses": 217014000, "costAndExpenses": 233466000, "interestIncome": 0, "interestExpense": 1573000, "depreciationAndAmortization": 23807000, "ebitda": -23589000, "ebitdaratio": -0.126834855, "operatingIncome": -48077000, "operatingIncomeRatio": -0.2585035111, "totalOtherIncomeExpensesNet": -892000, "incomeBeforeTax": -48969000, "incomeBeforeTaxRatio": -0.2632996742, "incomeTaxExpense": -1364000, "netIncome": -47605000, "netIncomeRatio": -0.2559656311, "eps": -0.27, "epsdiluted": -0.27, "weightedAverageShsOut": 178686000, "weightedAverageShsOutDil": 178686000, "link": "https://www.sec.gov/Archives/edgar/data/1617640/000119312516576327/0001193125-16-576327-index.htm", "finalLink": "https://www.sec.gov/Archives/edgar/data/1617640/000119312516576327/d146084d10q.htm"}, {"date": "2015-12-31", "symbol": "Z", "reportedCurrency": "USD", "cik": "0001617640", "fillingDate": "2016-02-12", "acceptedDate": "2016-02-12 09:01:57", "calendarYear": "2015", "period": "Q4", "revenue": 169370000, "costOfRevenue": 15105000, "grossProfit": 154265000, "grossProfitRatio": 0.9108165555, "researchAndDevelopmentExpenses": 55782000, "generalAndAdministrativeExpenses": 45939000, "sellingAndMarketingExpenses": 77817000, "sellingGeneralAndAdministrativeExpenses": 123756000, "otherExpenses": 416000, "operatingExpenses": 179538000, "costAndExpenses": 194643000, "interestIncome": 0, "interestExpense": 1589000, "depreciationAndAmortization": 21355000, "ebitda": -4568000, "ebitdaratio": -0.0269705379, "operatingIncome": -26339000, "operatingIncomeRatio": -0.1555116018, "totalOtherIncomeExpensesNet": -1173000, "incomeBeforeTax": -27512000, "incomeBeforeTaxRatio": -0.1624372675, "incomeTaxExpense": -1792000, "netIncome": -25720000, "netIncomeRatio": -0.1518568814, "eps": -0.15, "epsdiluted": -0.14, "weightedAverageShsOut": 177294942, "weightedAverageShsOutDil": 178020000, "link": "https://www.sec.gov/Archives/edgar/data/1617640/000119312516461241/0001193125-16-461241-index.htm", "finalLink": "https://www.sec.gov/Archives/edgar/data/1617640/000119312516461241/d78539d10k.htm"}, {"date": "2015-09-30", "symbol": "Z", "reportedCurrency": "USD", "cik": "0001617640", "fillingDate": "2015-11-05", "acceptedDate": "2015-11-05 17:16:48", "calendarYear": "2015", "period": "Q3", "revenue": 176765000, "costOfRevenue": 16453000, "grossProfit": 160312000, "grossProfitRatio": 0.9069216191, "researchAndDevelopmentExpenses": 53718000, "generalAndAdministrativeExpenses": 42672000, "sellingAndMarketingExpenses": 82044000, "sellingGeneralAndAdministrativeExpenses": 124716000, "otherExpenses": 366000, "operatingExpenses": 178434000, "costAndExpenses": 194887000, "interestIncome": 0, "interestExpense": 1590000, "depreciationAndAmortization": 19584000, "ebitda": -17756000, "ebitdaratio": -0.1004497497, "operatingIncome": -27678000, "operatingIncomeRatio": -0.1565807711, "totalOtherIncomeExpensesNet": -1224000, "incomeBeforeTax": -28902000, "incomeBeforeTaxRatio": -0.1635052188, "incomeTaxExpense": -2853000, "netIncome": -26049000, "netIncomeRatio": -0.1473651458, "eps": -0.15, "epsdiluted": -0.15, "weightedAverageShsOut": 173660000, "weightedAverageShsOutDil": 177098000, "link": "https://www.sec.gov/Archives/edgar/data/1617640/000119312515368502/0001193125-15-368502-index.htm", "finalLink": "https://www.sec.gov/Archives/edgar/data/1617640/000119312515368502/d36871d10q.htm"}, {"date": "2015-06-30", "symbol": "Z", "reportedCurrency": "USD", "cik": "0001617640", "fillingDate": "2015-08-05", "acceptedDate": "2015-08-05 06:32:05", "calendarYear": "2015", "period": "Q2", "revenue": 171269000, "costOfRevenue": 17037000, "grossProfit": 154232000, "grossProfitRatio": 0.9005249053, "researchAndDevelopmentExpenses": 51740000, "generalAndAdministrativeExpenses": 43810000, "sellingAndMarketingExpenses": 87942000, "sellingGeneralAndAdministrativeExpenses": 131752000, "otherExpenses": 450000, "operatingExpenses": 183492000, "costAndExpenses": 200529000, "interestIncome": 0, "interestExpense": 1580000, "depreciationAndAmortization": 20419000, "ebitda": -16722000, "ebitdaratio": -0.0976358827, "operatingIncome": -37591000, "operatingIncomeRatio": -0.2194851374, "totalOtherIncomeExpensesNet": -1130000, "incomeBeforeTax": -38721000, "incomeBeforeTaxRatio": -0.2260829455, "incomeTaxExpense": 0, "netIncome": -38721000, "netIncomeRatio": -0.2260829455, "eps": -0.22, "epsdiluted": -0.22, "weightedAverageShsOut": 176142000, "weightedAverageShsOutDil": 176142000, "link": "https://www.sec.gov/Archives/edgar/data/1617640/000119312515277579/0001193125-15-277579-index.htm", "finalLink": "https://www.sec.gov/Archives/edgar/data/1617640/000119312515277579/d920406d10q.htm"}, {"date": "2015-03-31", "symbol": "Z", "reportedCurrency": "USD", "cik": "0001617640", "fillingDate": "2015-05-12", "acceptedDate": "2015-05-12 16:40:11", "calendarYear": "2015", "period": "Q1", "revenue": 127273000, "costOfRevenue": 13019000, "grossProfit": 114254000, "grossProfitRatio": 0.8977080763, "researchAndDevelopmentExpenses": 37325000, "generalAndAdministrativeExpenses": 38024000, "sellingAndMarketingExpenses": 59286000, "sellingGeneralAndAdministrativeExpenses": 97310000, "otherExpenses": 269000, "operatingExpenses": 134635000, "costAndExpenses": 147654000, "interestIncome": 0, "interestExpense": 730000, "depreciationAndAmortization": 14028000, "ebitda": -57923000, "ebitdaratio": -0.4551083105, "operatingIncome": -57923000, "operatingIncomeRatio": -0.4551083105, "totalOtherIncomeExpensesNet": -461000, "incomeBeforeTax": -58384000, "incomeBeforeTaxRatio": -0.4587304456, "incomeTaxExpense": 0, "netIncome": -58384000, "netIncomeRatio": -0.4587304456, "eps": -0.4, "epsdiluted": -0.4, "weightedAverageShsOut": 147390000, "weightedAverageShsOutDil": 147390000, "link": "https://www.sec.gov/Archives/edgar/data/1617640/000119312515184075/0001193125-15-184075-index.htm", "finalLink": "https://www.sec.gov/Archives/edgar/data/1617640/000119312515184075/d879710d10q.htm"}, {"date": "2014-12-31", "symbol": "Z", "reportedCurrency": "USD", "cik": "0001617640", "fillingDate": "2014-12-31", "acceptedDate": "2014-12-30 19:00:00", "calendarYear": "2014", "period": "Q4", "revenue": 92329000, "costOfRevenue": 8825000, "grossProfit": 83504000, "grossProfitRatio": 0.9044178969, "researchAndDevelopmentExpenses": 28256000, "generalAndAdministrativeExpenses": 20535000, "sellingAndMarketingExpenses": 37818000, "sellingGeneralAndAdministrativeExpenses": 58353000, "otherExpenses": 317000, "operatingExpenses": 86609000, "costAndExpenses": 95434000, "interestIncome": 0, "interestExpense": 0, "depreciationAndAmortization": 9915000, "ebitda": 6810000, "ebitdaratio": 0.0737579742, "operatingIncome": -11214000, "operatingIncomeRatio": -0.1214569637, "totalOtherIncomeExpensesNet": -11051000, "incomeBeforeTax": -10897000, "incomeBeforeTaxRatio": -0.1180235896, "incomeTaxExpense": 8109000, "netIncome": -10897000, "netIncomeRatio": -0.1180235896, "eps": -0.0895, "epsdiluted": -0.0895, "weightedAverageShsOut": 121800000, "weightedAverageShsOutDil": 121800000, "link": "", "finalLink": ""}, {"date": "2014-09-30", "symbol": "Z", "reportedCurrency": "USD", "cik": "0001617640", "fillingDate": "2014-09-30", "acceptedDate": "2014-09-29 20:00:00", "calendarYear": "2014", "period": "Q3", "revenue": 88646000, "costOfRevenue": 7679000, "grossProfit": 80967000, "grossProfitRatio": 0.9133745459, "researchAndDevelopmentExpenses": 21318000, "generalAndAdministrativeExpenses": 15757000, "sellingAndMarketingExpenses": 46934000, "sellingGeneralAndAdministrativeExpenses": 62691000, "otherExpenses": 265000, "operatingExpenses": 84009000, "costAndExpenses": 91688000, "interestIncome": 0, "interestExpense": 0, "depreciationAndAmortization": 9039000, "ebitda": -6938000, "ebitdaratio": -0.0782663628, "operatingIncome": -16242000, "operatingIncomeRatio": -0.1832231573, "totalOtherIncomeExpensesNet": -12935000, "incomeBeforeTax": -15977000, "incomeBeforeTaxRatio": -0.1802337387, "incomeTaxExpense": 13200000, "netIncome": -15977000, "netIncomeRatio": -0.1802337387, "eps": -0.13, "epsdiluted": -0.13, "weightedAverageShsOut": 120888000, "weightedAverageShsOutDil": 120888000, "link": "", "finalLink": ""}, {"date": "2014-06-30", "symbol": "Z", "reportedCurrency": "USD", "cik": "0001617640", "fillingDate": "2014-06-30", "acceptedDate": "2014-06-29 20:00:00", "calendarYear": "2014", "period": "Q2", "revenue": 78675000, "costOfRevenue": 6793000, "grossProfit": 71882000, "grossProfitRatio": 0.9136574515, "researchAndDevelopmentExpenses": 19862000, "generalAndAdministrativeExpenses": 14706000, "sellingAndMarketingExpenses": 48075000, "sellingGeneralAndAdministrativeExpenses": 62781000, "otherExpenses": 284000, "operatingExpenses": 82643000, "costAndExpenses": 89436000, "interestIncome": 0, "interestExpense": 0, "depreciationAndAmortization": 8596000, "ebitda": -1881000, "ebitdaratio": -0.0239084843, "operatingIncome": -10761000, "operatingIncomeRatio": -0.1367778837, "totalOtherIncomeExpensesNet": 100000, "incomeBeforeTax": -10477000, "incomeBeforeTaxRatio": -0.1331680966, "incomeTaxExpense": 0, "netIncome": -10477000, "netIncomeRatio": -0.1331680966, "eps": -0.0877, "epsdiluted": -0.0877, "weightedAverageShsOut": 119400000, "weightedAverageShsOutDil": 119400000, "link": "", "finalLink": ""}, {"date": "2014-03-31", "symbol": "Z", "reportedCurrency": "USD", "cik": "0001617640", "fillingDate": "2014-03-31", "acceptedDate": "2014-03-30 20:00:00", "calendarYear": "2014", "period": "Q1", "revenue": 66243000, "costOfRevenue": 6164000, "grossProfit": 60079000, "grossProfitRatio": 0.9069486587, "researchAndDevelopmentExpenses": 16970000, "generalAndAdministrativeExpenses": 14689000, "sellingAndMarketingExpenses": 34898000, "sellingGeneralAndAdministrativeExpenses": 49587000, "otherExpenses": 219000, "operatingExpenses": 66557000, "costAndExpenses": 72721000, "interestIncome": 0, "interestExpense": 0, "depreciationAndAmortization": 8074000, "ebitda": 1815000, "ebitdaratio": 0.0273991214, "operatingIncome": -6478000, "operatingIncomeRatio": -0.0977914648, "totalOtherIncomeExpensesNet": 219000, "incomeBeforeTax": -6259000, "incomeBeforeTaxRatio": -0.0944854551, "incomeTaxExpense": 0, "netIncome": -6259000, "netIncomeRatio": -0.0944854551, "eps": -0.0531, "epsdiluted": -0.0531, "weightedAverageShsOut": 117966000, "weightedAverageShsOutDil": 117966000, "link": "", "finalLink": ""}, {"date": "2013-12-31", "symbol": "Z", "reportedCurrency": "USD", "cik": "0001617640", "fillingDate": "2013-12-31", "acceptedDate": "2013-12-30 19:00:00", "calendarYear": "2013", "period": "Q4", "revenue": 58348000, "costOfRevenue": 5270000, "grossProfit": 53078000, "grossProfitRatio": 0.9096798519, "researchAndDevelopmentExpenses": 14649000, "generalAndAdministrativeExpenses": 10727000, "sellingAndMarketingExpenses": 24978000, "sellingGeneralAndAdministrativeExpenses": 35705000, "otherExpenses": 145000, "operatingExpenses": 50354000, "costAndExpenses": 55624000, "interestIncome": 0, "interestExpense": 0, "depreciationAndAmortization": 7443000, "ebitda": 10167000, "ebitdaratio": 0.1742476177, "operatingIncome": 2724000, "operatingIncomeRatio": 0.0466854048, "totalOtherIncomeExpensesNet": 145000, "incomeBeforeTax": 2869000, "incomeBeforeTaxRatio": 0.0491704943, "incomeTaxExpense": 154000, "netIncome": 2715000, "netIncomeRatio": 0.0465311579, "eps": 0.0233, "epsdiluted": 0.02, "weightedAverageShsOut": 117150000, "weightedAverageShsOutDil": 126348000, "link": "", "finalLink": ""}, {"date": "2013-09-30", "symbol": "Z", "reportedCurrency": "USD", "cik": "0001617640", "fillingDate": "2013-09-30", "acceptedDate": "2013-09-29 20:00:00", "calendarYear": "2013", "period": "Q3", "revenue": 53311000, "costOfRevenue": 5116000, "grossProfit": 48195000, "grossProfitRatio": 0.9040348146, "researchAndDevelopmentExpenses": 12167000, "generalAndAdministrativeExpenses": 10357000, "sellingAndMarketingExpenses": 31195000, "sellingGeneralAndAdministrativeExpenses": 41552000, "otherExpenses": 70000, "operatingExpenses": 53719000, "costAndExpenses": 58835000, "interestIncome": 0, "interestExpense": 0, "depreciationAndAmortization": 5877000, "ebitda": 554000, "ebitdaratio": 0.0103918516, "operatingIncome": -5524000, "operatingIncomeRatio": -0.1036183902, "totalOtherIncomeExpensesNet": 70000, "incomeBeforeTax": -5454000, "incomeBeforeTaxRatio": -0.1023053404, "incomeTaxExpense": -4265000, "netIncome": -1189000, "netIncomeRatio": -0.0223030894, "eps": -0.0108, "epsdiluted": -0.0108, "weightedAverageShsOut": 110001000, "weightedAverageShsOutDil": 110001000, "link": "", "finalLink": ""}, {"date": "2013-06-30", "symbol": "Z", "reportedCurrency": "USD", "cik": "0001617640", "fillingDate": "2013-06-30", "acceptedDate": "2013-06-29 20:00:00", "calendarYear": "2013", "period": "Q2", "revenue": 46920000, "costOfRevenue": 4294000, "grossProfit": 42626000, "grossProfitRatio": 0.9084825234, "researchAndDevelopmentExpenses": 11071000, "generalAndAdministrativeExpenses": 8978000, "sellingAndMarketingExpenses": 32924000, "sellingGeneralAndAdministrativeExpenses": 41902000, "otherExpenses": 115000, "operatingExpenses": 52973000, "costAndExpenses": 57267000, "interestIncome": 0, "interestExpense": 0, "depreciationAndAmortization": 5155000, "ebitda": -5192000, "ebitdaratio": -0.1106564365, "operatingIncome": -10347000, "operatingIncomeRatio": -0.2205242967, "totalOtherIncomeExpensesNet": 115000, "incomeBeforeTax": -10232000, "incomeBeforeTaxRatio": -0.2180733163, "incomeTaxExpense": 0, "netIncome": -10232000, "netIncomeRatio": -0.2180733163, "eps": -0.0987, "epsdiluted": -0.0987, "weightedAverageShsOut": 103659000, "weightedAverageShsOutDil": 103659000, "link": "", "finalLink": ""}, {"date": "2013-03-31", "symbol": "Z", "reportedCurrency": "USD", "cik": "0001617640", "fillingDate": "2013-03-31", "acceptedDate": "2013-03-30 20:00:00", "calendarYear": "2013", "period": "Q1", "revenue": 38966000, "costOfRevenue": 4130000, "grossProfit": 34836000, "grossProfitRatio": 0.8940101627, "researchAndDevelopmentExpenses": 10611000, "generalAndAdministrativeExpenses": 8233000, "sellingAndMarketingExpenses": 19794000, "sellingGeneralAndAdministrativeExpenses": 28027000, "otherExpenses": 55000, "operatingExpenses": 38638000, "costAndExpenses": 42768000, "interestIncome": 0, "interestExpense": 0, "depreciationAndAmortization": 4779000, "ebitda": 977000, "ebitdaratio": 0.0250731407, "operatingIncome": -3802000, "operatingIncomeRatio": -0.0975722425, "totalOtherIncomeExpensesNet": 55000, "incomeBeforeTax": -3747000, "incomeBeforeTaxRatio": -0.0961607555, "incomeTaxExpense": 0, "netIncome": -3747000, "netIncomeRatio": -0.0961607555, "eps": -0.037, "epsdiluted": -0.037, "weightedAverageShsOut": 101310000, "weightedAverageShsOutDil": 101310000, "link": "", "finalLink": ""}, {"date": "2012-12-31", "symbol": "Z", "reportedCurrency": "USD", "cik": "0001617640", "fillingDate": "2012-12-31", "acceptedDate": "2012-12-30 19:00:00", "calendarYear": "2012", "period": "Q4", "revenue": 34337000, "costOfRevenue": 3806000, "grossProfit": 30531000, "grossProfitRatio": 0.8891574686, "researchAndDevelopmentExpenses": 9079000, "generalAndAdministrativeExpenses": 6422000, "sellingAndMarketingExpenses": 14519000, "sellingGeneralAndAdministrativeExpenses": 20941000, "otherExpenses": 38000, "operatingExpenses": 30020000, "costAndExpenses": 33826000, "interestIncome": 0, "interestExpense": 0, "depreciationAndAmortization": 4071000, "ebitda": 4582000, "ebitdaratio": 0.1334420596, "operatingIncome": 511000, "operatingIncomeRatio": 0.0148819058, "totalOtherIncomeExpensesNet": -1162000, "incomeBeforeTax": 549000, "incomeBeforeTaxRatio": 0.0159885837, "incomeTaxExpense": -4071000, "netIncome": 549000, "netIncomeRatio": 0.0159885837, "eps": 0.0067, "epsdiluted": 0.0067, "weightedAverageShsOut": 100224000, "weightedAverageShsOutDil": 108876000, "link": "", "finalLink": ""}, {"date": "2012-09-30", "symbol": "Z", "reportedCurrency": "USD", "cik": "0001617640", "fillingDate": "2012-09-30", "acceptedDate": "2012-09-29 20:00:00", "calendarYear": "2012", "period": "Q3", "revenue": 31915000, "costOfRevenue": 3623000, "grossProfit": 28292000, "grossProfitRatio": 0.8864797117, "researchAndDevelopmentExpenses": 6687000, "generalAndAdministrativeExpenses": 5192000, "sellingAndMarketingExpenses": 14118000, "sellingGeneralAndAdministrativeExpenses": 19310000, "otherExpenses": 0, "operatingExpenses": 25997000, "costAndExpenses": 29620000, "interestIncome": 0, "interestExpense": 0, "depreciationAndAmortization": 3617000, "ebitda": 5912000, "ebitdaratio": 0.1852420492, "operatingIncome": 2295000, "operatingIncomeRatio": 0.0719097603, "totalOtherIncomeExpensesNet": 39000, "incomeBeforeTax": 2334000, "incomeBeforeTaxRatio": 0.0731317562, "incomeTaxExpense": 0, "netIncome": 2334000, "netIncomeRatio": 0.0731317562, "eps": 0.0267, "epsdiluted": 0.0233, "weightedAverageShsOut": 90120000, "weightedAverageShsOutDil": 96690000, "link": "", "finalLink": ""}, {"date": "2012-06-30", "symbol": "Z", "reportedCurrency": "USD", "cik": "0001617640", "fillingDate": "2012-06-30", "acceptedDate": "2012-06-29 20:00:00", "calendarYear": "2012", "period": "Q2", "revenue": 27765000, "costOfRevenue": 3264000, "grossProfit": 24501000, "grossProfitRatio": 0.8824419233, "researchAndDevelopmentExpenses": 5818000, "generalAndAdministrativeExpenses": 5232000, "sellingAndMarketingExpenses": 12153000, "sellingGeneralAndAdministrativeExpenses": 17385000, "otherExpenses": 0, "operatingExpenses": 23203000, "costAndExpenses": 26467000, "interestIncome": 0, "interestExpense": 0, "depreciationAndAmortization": 2749000, "ebitda": 4047000, "ebitdaratio": 0.1457590492, "operatingIncome": 1298000, "operatingIncomeRatio": 0.0467495048, "totalOtherIncomeExpensesNet": 34000, "incomeBeforeTax": 1332000, "incomeBeforeTaxRatio": 0.0479740681, "incomeTaxExpense": 0, "netIncome": 1332000, "netIncomeRatio": 0.0479740681, "eps": 0.0167, "epsdiluted": 0.0133, "weightedAverageShsOut": 86838000, "weightedAverageShsOutDil": 93960000, "link": "", "finalLink": ""}, {"date": "2012-03-31", "symbol": "Z", "reportedCurrency": "USD", "cik": "0001617640", "fillingDate": "2012-03-31", "acceptedDate": "2012-03-30 20:00:00", "calendarYear": "2012", "period": "Q1", "revenue": 22833000, "costOfRevenue": 3350000, "grossProfit": 19483000, "grossProfitRatio": 0.8532825297, "researchAndDevelopmentExpenses": 5030000, "generalAndAdministrativeExpenses": 4445000, "sellingAndMarketingExpenses": 8315000, "sellingGeneralAndAdministrativeExpenses": 12760000, "otherExpenses": 0, "operatingExpenses": 17790000, "costAndExpenses": 21140000, "interestIncome": 0, "interestExpense": 0, "depreciationAndAmortization": 2336000, "ebitda": 4029000, "ebitdaratio": 0.1764551307, "operatingIncome": 1693000, "operatingIncomeRatio": 0.0741470678, "totalOtherIncomeExpensesNet": 31000, "incomeBeforeTax": 1724000, "incomeBeforeTaxRatio": 0.0755047519, "incomeTaxExpense": 0, "netIncome": 1724000, "netIncomeRatio": 0.0755047519, "eps": 0.02, "epsdiluted": 0.02, "weightedAverageShsOut": 85044000, "weightedAverageShsOutDil": 92982000, "link": "", "finalLink": ""}, {"date": "2011-12-31", "symbol": "Z", "reportedCurrency": "USD", "cik": "0001617640", "fillingDate": "2011-12-31", "acceptedDate": "2011-12-30 19:00:00", "calendarYear": "2011", "period": "Q4", "revenue": 19891000, "costOfRevenue": 2961000, "grossProfit": 16930000, "grossProfitRatio": 0.8511387059, "researchAndDevelopmentExpenses": 3995000, "generalAndAdministrativeExpenses": 4462000, "sellingAndMarketingExpenses": 7575000, "sellingGeneralAndAdministrativeExpenses": 12037000, "otherExpenses": 0, "operatingExpenses": 16032000, "costAndExpenses": 18993000, "interestIncome": 0, "interestExpense": 0, "depreciationAndAmortization": 1761000, "ebitda": 2659000, "ebitdaratio": 0.1336785481, "operatingIncome": 898000, "operatingIncomeRatio": 0.045146046, "totalOtherIncomeExpensesNet": 26000, "incomeBeforeTax": 924000, "incomeBeforeTaxRatio": 0.0464531698, "incomeTaxExpense": 0, "netIncome": 924000, "netIncomeRatio": 0.0464531698, "eps": 0.011, "epsdiluted": 0.01, "weightedAverageShsOut": 85044000, "weightedAverageShsOutDil": 92982000, "link": "", "finalLink": ""}, {"date": "2011-09-30", "symbol": "Z", "reportedCurrency": "USD", "cik": "0001617640", "fillingDate": "2011-09-30", "acceptedDate": "2011-09-29 20:00:00", "calendarYear": "2011", "period": "Q3", "revenue": 19057000, "costOfRevenue": 3084000, "grossProfit": 15973000, "grossProfitRatio": 0.8381697014, "researchAndDevelopmentExpenses": 3849000, "generalAndAdministrativeExpenses": 5695000, "sellingAndMarketingExpenses": 7035000, "sellingGeneralAndAdministrativeExpenses": 12730000, "otherExpenses": 0, "operatingExpenses": 16579000, "costAndExpenses": 19663000, "interestIncome": 0, "interestExpense": 0, "depreciationAndAmortization": 2035000, "ebitda": 1429000, "ebitdaratio": 0.0749855696, "operatingIncome": -606000, "operatingIncomeRatio": -0.0317993388, "totalOtherIncomeExpensesNet": 36000, "incomeBeforeTax": -570000, "incomeBeforeTaxRatio": -0.0299102692, "incomeTaxExpense": 0, "netIncome": -570000, "netIncomeRatio": -0.0299102692, "eps": -0.0079, "epsdiluted": -0.0079, "weightedAverageShsOut": 72060000, "weightedAverageShsOutDil": 72060000, "link": "", "finalLink": ""}, {"date": "2011-06-30", "symbol": "Z", "reportedCurrency": "USD", "cik": "0001617640", "fillingDate": "2011-06-30", "acceptedDate": "2011-06-29 20:00:00", "calendarYear": "2011", "period": "Q2", "revenue": 15845000, "costOfRevenue": 2713000, "grossProfit": 13132000, "grossProfitRatio": 0.8287787946, "researchAndDevelopmentExpenses": 3304000, "generalAndAdministrativeExpenses": 2627000, "sellingAndMarketingExpenses": 5630000, "sellingGeneralAndAdministrativeExpenses": 8257000, "otherExpenses": 0, "operatingExpenses": 11561000, "costAndExpenses": 14274000, "interestIncome": 0, "interestExpense": 0, "depreciationAndAmortization": 1868000, "ebitda": 3439000, "ebitdaratio": 0.2170400757, "operatingIncome": 1571000, "operatingIncomeRatio": 0.0991479962, "totalOtherIncomeExpensesNet": 5000, "incomeBeforeTax": 1576000, "incomeBeforeTaxRatio": 0.0994635532, "incomeTaxExpense": -5000, "netIncome": 1576000, "netIncomeRatio": 0.0994635532, "eps": 0.0377, "epsdiluted": 0.0218, "weightedAverageShsOut": 41820000, "weightedAverageShsOutDil": 72318000, "link": "", "finalLink": ""}, {"date": "2011-03-31", "symbol": "Z", "reportedCurrency": "USD", "cik": "0001617640", "fillingDate": "2011-03-31", "acceptedDate": "2011-03-30 20:00:00", "calendarYear": "2011", "period": "Q1", "revenue": 11260000, "costOfRevenue": 1817000, "grossProfit": 9443000, "grossProfitRatio": 0.8386323268, "researchAndDevelopmentExpenses": 2996000, "generalAndAdministrativeExpenses": 1828000, "sellingAndMarketingExpenses": 5484000, "sellingGeneralAndAdministrativeExpenses": 7312000, "otherExpenses": 0, "operatingExpenses": 10308000, "costAndExpenses": 12125000, "interestIncome": 0, "interestExpense": 0, "depreciationAndAmortization": 1526000, "ebitda": 661000, "ebitdaratio": 0.0587033748, "operatingIncome": -865000, "operatingIncomeRatio": -0.0768206039, "totalOtherIncomeExpensesNet": 39000, "incomeBeforeTax": -826000, "incomeBeforeTaxRatio": -0.073357016, "incomeTaxExpense": 0, "netIncome": -826000, "netIncomeRatio": -0.073357016, "eps": -0.0206, "epsdiluted": -0.0115, "weightedAverageShsOut": 40041000, "weightedAverageShsOutDil": 71565000, "link": "", "finalLink": ""}, {"date": "2010-12-31", "symbol": "Z", "reportedCurrency": "USD", "cik": "0001617640", "fillingDate": "2010-12-31", "acceptedDate": "2010-12-30 19:00:00", "calendarYear": "2010", "period": "Q4", "revenue": 9573000, "costOfRevenue": 1326000, "grossProfit": 8247000, "grossProfitRatio": 0.8614854278, "researchAndDevelopmentExpenses": 2711000, "generalAndAdministrativeExpenses": 1958000, "sellingAndMarketingExpenses": 4071000, "sellingGeneralAndAdministrativeExpenses": 6029000, "otherExpenses": 0, "operatingExpenses": 8740000, "costAndExpenses": 10066000, "interestIncome": 0, "interestExpense": 0, "depreciationAndAmortization": 1366000, "ebitda": 873000, "ebitdaratio": 0.0911939831, "operatingIncome": -493000, "operatingIncomeRatio": -0.0514990076, "totalOtherIncomeExpensesNet": 7000, "incomeBeforeTax": -486000, "incomeBeforeTaxRatio": -0.0507677844, "incomeTaxExpense": 0, "netIncome": -486000, "netIncomeRatio": -0.0507677844, "eps": -0.0123, "epsdiluted": -0.0072, "weightedAverageShsOut": 39672000, "weightedAverageShsOutDil": 67869000, "link": "", "finalLink": ""}, {"date": "2010-09-30", "symbol": "Z", "reportedCurrency": "USD", "cik": "0001617640", "fillingDate": "2010-09-30", "acceptedDate": "2010-09-29 20:00:00", "calendarYear": "2010", "period": "Q3", "revenue": 8229000, "costOfRevenue": 1263000, "grossProfit": 6966000, "grossProfitRatio": 0.8465184105, "researchAndDevelopmentExpenses": 2528000, "generalAndAdministrativeExpenses": 1902000, "sellingAndMarketingExpenses": 4060000, "sellingGeneralAndAdministrativeExpenses": 5962000, "otherExpenses": 0, "operatingExpenses": 8490000, "costAndExpenses": 9753000, "interestIncome": 0, "interestExpense": 0, "depreciationAndAmortization": 1314000, "ebitda": -210000, "ebitdaratio": -0.0255195042, "operatingIncome": -1524000, "operatingIncomeRatio": -0.1851986876, "totalOtherIncomeExpensesNet": 14000, "incomeBeforeTax": -1510000, "incomeBeforeTaxRatio": -0.1834973873, "incomeTaxExpense": -14000, "netIncome": -1510000, "netIncomeRatio": -0.1834973873, "eps": -0.0393, "epsdiluted": -0.0215, "weightedAverageShsOut": 38409000, "weightedAverageShsOutDil": 70093500, "link": "", "finalLink": ""}]